<?xml version="1.0" encoding="UTF-8"?>
<!DOCTYPE html PUBLIC "-//W3C//DTD XHTML 1.0 Transitional//EN"
    "http://www.w3.org/TR/xhtml1/DTD/xhtml1-transitional.dtd">
<html xmlns="http://www.w3.org/1999/xhtml" xml:lang="en" lang="en">
 <head>
  <title>
</title>
<meta http-equiv="Content-Type" content="text/html;charset=utf-8" />
  <meta name='ocr-system' content='tesseract 3.04.00' />
  <meta name='ocr-capabilities' content='ocr_page ocr_carea ocr_par ocr_line ocrx_word'/>
</head>
<body>
  <div class='ocr_page' id='page_1' title='image "./operacumindicibu06ciceuoft_0171.png"; bbox 0 0 2076 2860; ppageno 0'>
   <div class='ocr_carea' id='block_1_1' title="bbox 688 185 1686 230">
    <p class='ocr_par' dir='ltr' id='par_1_1' title="bbox 688 185 1686 230">
     <span class='ocr_line' id='line_1_1' title="bbox 688 185 1686 230; baseline -0.008 1"><span class='ocrx_word' id='word_1_1' title='bbox 688 191 765 230; x_wconf 93' lang='lat' dir='ltr'><strong>IN</strong></span> <span class='ocrx_word' id='word_1_2' title='bbox 826 191 875 229; x_wconf 86' lang='lat' dir='ltr'><strong>L.</strong></span> <span class='ocrx_word' id='word_1_3' title='bbox 937 187 1293 228; x_wconf 89' lang='lat' dir='ltr'><strong>PISONEM.</strong></span> <span class='ocrx_word' id='word_1_4' title='bbox 1620 185 1686 223; x_wconf 86' lang='lat'><strong>161</strong></span> 
     </span>
    </p>
   </div>
   <div class='ocr_carea' id='block_1_2' title="bbox 292 281 1745 2452">
    <p class='ocr_par' dir='ltr' id='par_1_2' title="bbox 292 281 1707 1597">
     <span class='ocr_line' id='line_1_2' title="bbox 347 281 1692 340; baseline -0.007 -12"><span class='ocrx_word' id='word_1_5' title='bbox 347 291 444 328; x_wconf 90' lang='lat' dir='ltr'><strong>XII.</strong></span> <span class='ocrx_word' id='word_1_6' title='bbox 477 290 542 327; x_wconf 88' lang='lat' dir='ltr'><strong>An</strong></span> <span class='ocrx_word' id='word_1_7' title='bbox 564 301 654 327; x_wconf 88' lang='lat' dir='ltr'><strong>vero</strong></span> <span class='ocrx_word' id='word_1_8' title='bbox 675 288 829 340; x_wconf 89' lang='lat' dir='ltr'><strong>reliquo</strong></span> <span class='ocrx_word' id='word_1_9' title='bbox 851 295 1028 338; x_wconf 86' lang='lat' dir='ltr'><strong>tempore</strong></span> <span class='ocrx_word' id='word_1_10' title='bbox 1049 284 1252 323; x_wconf 84' lang='lat' dir='ltr'><strong>consulem</strong></span> <span class='ocrx_word' id='word_1_11' title='bbox 1270 293 1306 322; x_wconf 92' lang='lat' dir='ltr'><strong>te</strong></span> <span class='ocrx_word' id='word_1_12' title='bbox 1323 282 1532 337; x_wconf 86' lang='lat' dir='ltr'><strong>quisquam</strong></span> <span class='ocrx_word' id='word_1_13' title='bbox 1549 281 1692 320; x_wconf 80' lang='lat' dir='ltr'><strong>duxit?</strong></span> 
     </span>
     <span class='ocr_line' id='line_1_3' title="bbox 292 349 1693 409; baseline -0.006 -15"><span class='ocrx_word' id='word_1_14' title='bbox 292 357 501 409; x_wconf 90' lang='lat' dir='ltr'><strong>quisquam</strong></span> <span class='ocrx_word' id='word_1_15' title='bbox 522 356 597 393; x_wconf 93' lang='lat' dir='ltr'><strong>tibi</strong></span> <span class='ocrx_word' id='word_1_16' title='bbox 616 355 747 408; x_wconf 84' lang='lat' dir='ltr'><strong>paruit</strong></span> <span class='ocrx_word' id='word_1_17' title='bbox 766 355 778 391; x_wconf 91' lang='lat'>?</span> <span class='ocrx_word' id='word_1_18' title='bbox 801 353 1011 406; x_wconf 89' lang='lat' dir='ltr'><strong>quisquam</strong></span> <span class='ocrx_word' id='word_1_19' title='bbox 1033 352 1074 390; x_wconf 90' lang='lat' dir='ltr'><strong>in</strong></span> <span class='ocrx_word' id='word_1_20' title='bbox 1095 352 1246 390; x_wconf 87' lang='lat' dir='ltr'><strong>curiam</strong></span> <span class='ocrx_word' id='word_1_21' title='bbox 1268 351 1442 389; x_wconf 87' lang='lat' dir='ltr'><strong>venienti</strong></span> <span class='ocrx_word' id='word_1_22' title='bbox 1463 349 1693 387; x_wconf 85' lang='lat' dir='ltr'><strong>affurrexit?</strong></span> 
     </span>
     <span class='ocr_line' id='line_1_4' title="bbox 293 414 1695 476; baseline -0.006 -15"><span class='ocrx_word' id='word_1_23' title='bbox 293 423 502 476; x_wconf 87' lang='lat' dir='ltr'><strong>quisquam</strong></span> <span class='ocrx_word' id='word_1_24' title='bbox 523 421 745 460; x_wconf 82' lang='lat' dir='ltr'>consulenti</span> <span class='ocrx_word' id='word_1_25' title='bbox 773 419 1089 473; x_wconf 89' lang='lat' dir='ltr'><strong>respondendum</strong></span> <span class='ocrx_word' id='word_1_26' title='bbox 1120 419 1306 471; x_wconf 82' lang='lat' dir='ltr'><strong>putavit?</strong></span> <span class='ocrx_word' id='word_1_27' title='bbox 1339 415 1621 456; x_wconf 84' lang='lat' dir='ltr'><strong>Numerandus</strong></span> <span class='ocrx_word' id='word_1_28' title='bbox 1643 414 1695 452; x_wconf 86' lang='lat' dir='ltr'><strong>est</strong></span> 
     </span>
     <span class='ocr_line' id='line_1_5' title="bbox 293 480 1695 539; baseline -0.006 -13"><span class='ocrx_word' id='word_1_29' title='bbox 293 488 362 525; x_wconf 91' lang='lat' dir='ltr'><strong>ille</strong></span> <span class='ocrx_word' id='word_1_30' title='bbox 381 501 506 525; x_wconf 87' lang='lat' dir='ltr'><strong>annus</strong></span> <span class='ocrx_word' id='word_1_31' title='bbox 527 487 699 539; x_wconf 91' lang='lat' dir='ltr'><strong>denique</strong></span> <span class='ocrx_word' id='word_1_32' title='bbox 714 487 755 524; x_wconf 89' lang='lat' dir='ltr'><strong>in</strong></span> <span class='ocrx_word' id='word_1_33' title='bbox 774 484 989 538; x_wconf 82' lang='lat' dir='ltr'>republica,</span> <span class='ocrx_word' id='word_1_34' title='bbox 1008 498 1102 522; x_wconf 90' lang='lat' dir='ltr'><strong>cum</strong></span> <span class='ocrx_word' id='word_1_35' title='bbox 1119 483 1376 522; x_wconf 72' lang='lat' dir='ltr'><strong>obmutuisset</strong></span> <span class='ocrx_word' id='word_1_36' title='bbox 1398 482 1564 526; x_wconf 86' lang='lat' dir='ltr'><strong>senatus,</strong></span> <span class='ocrx_word' id='word_1_37' title='bbox 1583 480 1695 533; x_wconf 84' lang='lat' dir='ltr'><strong>judi—</strong></span> 
     </span>
     <span class='ocr_line' id='line_1_6' title="bbox 293 546 1698 599; baseline -0.006 -7"><span class='ocrx_word' id='word_1_38' title='bbox 293 555 352 592; x_wconf 85' lang='lat' dir='ltr'><strong>cia</strong></span> <span class='ocrx_word' id='word_1_39' title='bbox 373 553 664 599; x_wconf 70' lang='lat' dir='ltr'>conticuissent,</span> <span class='ocrx_word' id='word_1_40' title='bbox 696 560 908 591; x_wconf 89' lang='lat' dir='ltr'><strong>mcererent</strong></span> <span class='ocrx_word' id='word_1_41' title='bbox 930 551 1040 595; x_wconf 90' lang='lat' dir='ltr'><strong>boni,</strong></span> <span class='ocrx_word' id='word_1_42' title='bbox 1063 551 1120 588; x_wconf 84' lang='lat' dir='ltr'><strong>vis</strong></span> <span class='ocrx_word' id='word_1_43' title='bbox 1143 550 1342 587; x_wconf 88' lang='lat' dir='ltr'><strong>latrocinii</strong></span> <span class='ocrx_word' id='word_1_44' title='bbox 1363 548 1476 586; x_wconf 86' lang='lat' dir='ltr'><strong>vestri</strong></span> <span class='ocrx_word' id='word_1_45' title='bbox 1498 556 1580 585; x_wconf 91' lang='lat' dir='ltr'><strong>tota</strong></span> <span class='ocrx_word' id='word_1_46' title='bbox 1601 546 1698 584; x_wconf 87' lang='lat' dir='ltr'><strong>urbe</strong></span> 
     </span>
     <span class='ocr_line' id='line_1_7' title="bbox 294 613 1697 672; baseline -0.007 -15"><span class='ocrx_word' id='word_1_47' title='bbox 294 619 490 665; x_wconf 88' lang='lat' dir='ltr'><strong>volitaret,</strong></span> <span class='ocrx_word' id='word_1_48' title='bbox 522 632 650 672; x_wconf 90' lang='lat' dir='ltr'><strong>neque</strong></span> <span class='ocrx_word' id='word_1_49' title='bbox 677 618 774 656; x_wconf 84' lang='lat' dir='ltr'><strong>civis</strong></span> <span class='ocrx_word' id='word_1_50' title='bbox 797 630 898 655; x_wconf 84' lang='lat' dir='ltr'><strong>unus</strong></span> <span class='ocrx_word' id='word_1_51' title='bbox 920 630 966 654; x_wconf 81' lang='lat' dir='ltr'><strong>ex</strong></span> <span class='ocrx_word' id='word_1_52' title='bbox 989 616 1147 653; x_wconf 87' lang='lat' dir='ltr'><strong>civitate</strong></span> <span class='ocrx_word' id='word_1_53' title='bbox 1163 645 1174 660; x_wconf 93' lang='lat'><strong>,</strong></span> <span class='ocrx_word' id='word_1_54' title='bbox 1207 614 1270 652; x_wconf 88' lang='lat' dir='ltr'><strong>sed</strong></span> <span class='ocrx_word' id='word_1_55' title='bbox 1292 613 1372 667; x_wconf 83' lang='lat' dir='ltr'><strong>ipsa</strong></span> <span class='ocrx_word' id='word_1_56' title='bbox 1392 613 1545 657; x_wconf 86' lang='lat' dir='ltr'><strong>civitas,</strong></span> <span class='ocrx_word' id='word_1_57' title='bbox 1570 621 1638 649; x_wconf 92' lang='lat' dir='ltr'><strong>tuo</strong></span> <span class='ocrx_word' id='word_1_58' title='bbox 1659 619 1697 647; x_wconf 91' lang='lat' dir='ltr'><strong>et</strong></span> 
     </span>
     <span class='ocr_line' id='line_1_8' title="bbox 296 678 1697 736; baseline -0.008 -12"><span class='ocrx_word' id='word_1_59' title='bbox 296 686 462 723; x_wconf 89' lang='lat' dir='ltr'><strong>Gabinii</strong></span> <span class='ocrx_word' id='word_1_60' title='bbox 494 685 630 723; x_wconf 88' lang='lat' dir='ltr'><strong>sceleri</strong></span> <span class='ocrx_word' id='word_1_61' title='bbox 661 683 866 736; x_wconf 85' lang='lat' dir='ltr'><strong>furorique</strong></span> <span class='ocrx_word' id='word_1_62' title='bbox 897 682 1087 720; x_wconf 83' lang='lat' dir='ltr'><strong>ceffiffet?</strong></span> <span class='ocrx_word' id='word_1_63' title='bbox 1121 684 1176 720; x_wconf 90' lang='lat' dir='ltr'><strong>At</strong></span> <span class='ocrx_word' id='word_1_64' title='bbox 1199 694 1247 718; x_wconf 90' lang='lat' dir='ltr'><strong>ne</strong></span> <span class='ocrx_word' id='word_1_65' title='bbox 1269 690 1355 718; x_wconf 86' lang='lat' dir='ltr'><strong>tum</strong></span> <span class='ocrx_word' id='word_1_66' title='bbox 1377 678 1541 731; x_wconf 87' lang='lat' dir='ltr'><strong>quidem</strong></span> <span class='ocrx_word' id='word_1_67' title='bbox 1568 690 1697 715; x_wconf 86' lang='lat' dir='ltr'><strong>emer—</strong></span> 
     </span>
     <span class='ocr_line' id='line_1_9' title="bbox 296 744 1696 798; baseline -0.007 -7"><span class='ocrx_word' id='word_1_68' title='bbox 296 753 394 798; x_wconf 78' lang='lat' dir='ltr'><strong>sisti,</strong></span> <span class='ocrx_word' id='word_1_69' title='bbox 427 753 625 791; x_wconf 83' lang='lat' dir='ltr'><strong>lutulente</strong></span> <span class='ocrx_word' id='word_1_70' title='bbox 647 751 872 796; x_wconf 82' lang='lat' dir='ltr'><strong>Caesonine,</strong></span> <span class='ocrx_word' id='word_1_71' title='bbox 904 764 952 788; x_wconf 82' lang='lat' dir='ltr'><strong>ex</strong></span> <span class='ocrx_word' id='word_1_72' title='bbox 974 748 1203 788; x_wconf 82' lang='lat' dir='ltr'>miserrimis</span> <span class='ocrx_word' id='word_1_73' title='bbox 1226 756 1372 785; x_wconf 87' lang='lat' dir='ltr'><strong>naturae</strong></span> <span class='ocrx_word' id='word_1_74' title='bbox 1395 756 1470 784; x_wconf 82' lang='lat' dir='ltr'><strong>tuae</strong></span> <span class='ocrx_word' id='word_1_75' title='bbox 1493 744 1696 788; x_wconf 82' lang='lat' dir='ltr'><strong>sordibus,</strong></span> 
     </span>
     <span class='ocr_line' id='line_1_10' title="bbox 297 813 1700 873; baseline -0.009 -14"><span class='ocrx_word' id='word_1_76' title='bbox 297 834 391 858; x_wconf 86' lang='lat' dir='ltr'><strong>cum</strong></span> <span class='ocrx_word' id='word_1_77' title='bbox 411 820 634 873; x_wconf 71' lang='lat' dir='ltr'><strong>experrecta</strong></span> <span class='ocrx_word' id='word_1_78' title='bbox 653 817 812 856; x_wconf 89' lang='lat' dir='ltr'><strong>tandem</strong></span> <span class='ocrx_word' id='word_1_79' title='bbox 833 817 956 854; x_wconf 85' lang='lat' dir='ltr'><strong>virtus</strong></span> <span class='ocrx_word' id='word_1_80' title='bbox 978 814 1178 852; x_wconf 84' lang='lat' dir='ltr'><strong>clariffimi</strong></span> <span class='ocrx_word' id='word_1_81' title='bbox 1200 813 1274 851; x_wconf 90' lang='lat' dir='ltr'><strong>viri</strong></span> <span class='ocrx_word' id='word_1_82' title='bbox 1294 813 1473 851; x_wconf 84' lang='lat' dir='ltr'><strong>celeriter</strong></span> <span class='ocrx_word' id='word_1_83' title='bbox 1493 820 1532 849; x_wconf 89' lang='lat' dir='ltr'><strong>et</strong></span> <span class='ocrx_word' id='word_1_84' title='bbox 1561 824 1700 848; x_wconf 86' lang='lat' dir='ltr'><strong>verum</strong></span> 
     </span>
     <span class='ocr_line' id='line_1_11' title="bbox 297 878 1697 937; baseline -0.008 -13"><span class='ocrx_word' id='word_1_85' title='bbox 297 887 487 930; x_wconf 84' lang='lat' dir='ltr'><strong>amicum,</strong></span> <span class='ocrx_word' id='word_1_86' title='bbox 506 894 544 923; x_wconf 91' lang='lat' dir='ltr'><strong>et</strong></span> <span class='ocrx_word' id='word_1_87' title='bbox 561 885 712 937; x_wconf 87' lang='lat' dir='ltr'><strong>optime</strong></span> <span class='ocrx_word' id='word_1_88' title='bbox 728 884 918 920; x_wconf 88' lang='lat' dir='ltr'><strong>meritum</strong></span> <span class='ocrx_word' id='word_1_89' title='bbox 939 882 1081 925; x_wconf 85' lang='lat' dir='ltr'><strong>civem,</strong></span> <span class='ocrx_word' id='word_1_90' title='bbox 1101 889 1139 917; x_wconf 93' lang='lat' dir='ltr'><strong>et</strong></span> <span class='ocrx_word' id='word_1_91' title='bbox 1161 879 1276 916; x_wconf 86' lang='lat' dir='ltr'><strong>suum</strong></span> <span class='ocrx_word' id='word_1_92' title='bbox 1296 878 1508 931; x_wconf 85' lang='lat' dir='ltr'><strong>pristinum</strong></span> <span class='ocrx_word' id='word_1_93' title='bbox 1530 889 1697 920; x_wconf 88' lang='lat' dir='ltr'><strong>morem,</strong></span> 
     </span>
     <span class='ocr_line' id='line_1_12' title="bbox 299 941 1702 1005; baseline -0.008 -15"><span class='ocrx_word' id='word_1_94' title='bbox 299 952 526 1005; x_wconf 72' lang='lat' dir='ltr'><strong>requisivit,</strong></span> <span class='ocrx_word' id='word_1_95' title='bbox 560 964 688 1002; x_wconf 90' lang='lat' dir='ltr'><strong>neque</strong></span> <span class='ocrx_word' id='word_1_96' title='bbox 709 948 761 986; x_wconf 90' lang='lat' dir='ltr'><strong>est</strong></span> <span class='ocrx_word' id='word_1_97' title='bbox 782 948 850 986; x_wconf 90' lang='lat' dir='ltr'><strong>ille</strong></span> <span class='ocrx_word' id='word_1_98' title='bbox 872 948 930 985; x_wconf 91' lang='lat' dir='ltr'><strong>vir</strong></span> <span class='ocrx_word' id='word_1_99' title='bbox 950 946 1076 1000; x_wconf 85' lang='lat' dir='ltr'><strong>paffus</strong></span> <span class='ocrx_word' id='word_1_100' title='bbox 1098 947 1138 984; x_wconf 92' lang='lat' dir='ltr'><strong>in</strong></span> <span class='ocrx_word' id='word_1_101' title='bbox 1160 959 1204 983; x_wconf 90' lang='lat' dir='ltr'><strong>ea</strong></span> <span class='ocrx_word' id='word_1_102' title='bbox 1223 944 1440 997; x_wconf 80' lang='lat' dir='ltr'><strong>republica,</strong></span> <span class='ocrx_word' id='word_1_103' title='bbox 1473 956 1593 995; x_wconf 87' lang='lat' dir='ltr'><strong>quam</strong></span> <span class='ocrx_word' id='word_1_104' title='bbox 1621 941 1702 994; x_wconf 88' lang='lat' dir='ltr'><strong>ipse</strong></span> 
     </span>
     <span class='ocr_line' id='line_1_13' title="bbox 298 1008 1701 1069; baseline -0.008 -14"><span class='ocrx_word' id='word_1_105' title='bbox 298 1018 496 1055; x_wconf 88' lang='lat' dir='ltr'><strong>decorarat</strong></span> <span class='ocrx_word' id='word_1_106' title='bbox 511 1025 628 1069; x_wconf 87' lang='lat' dir='ltr'><strong>atque</strong></span> <span class='ocrx_word' id='word_1_107' title='bbox 645 1023 818 1059; x_wconf 84' lang='lat' dir='ltr'><strong>auxerat,</strong></span> <span class='ocrx_word' id='word_1_108' title='bbox 837 1013 986 1051; x_wconf 82' lang='lat' dir='ltr'><strong>diutius</strong></span> <span class='ocrx_word' id='word_1_109' title='bbox 1004 1011 1219 1050; x_wconf 88' lang='lat' dir='ltr'><strong>vestrorum</strong></span> <span class='ocrx_word' id='word_1_110' title='bbox 1236 1010 1426 1048; x_wconf 86' lang='lat' dir='ltr'><strong>scelerum</strong></span> <span class='ocrx_word' id='word_1_111' title='bbox 1444 1008 1590 1061; x_wconf 88' lang='lat' dir='ltr'><strong>pestem</strong></span> <span class='ocrx_word' id='word_1_112' title='bbox 1612 1021 1701 1045; x_wconf 90' lang='lat' dir='ltr'><strong>mo-</strong></span> 
     </span>
     <span class='ocr_line' id='line_1_14' title="bbox 300 1074 1703 1133; baseline -0.009 -11"><span class='ocrx_word' id='word_1_113' title='bbox 300 1085 373 1122; x_wconf 85' lang='lat' dir='ltr'><strong>rari</strong></span> <span class='ocrx_word' id='word_1_114' title='bbox 393 1099 401 1122; x_wconf 90' lang='lat'>:</span> <span class='ocrx_word' id='word_1_115' title='bbox 435 1097 529 1121; x_wconf 89' lang='lat' dir='ltr'><strong>cum</strong></span> <span class='ocrx_word' id='word_1_116' title='bbox 552 1092 682 1120; x_wconf 87' lang='lat' dir='ltr'><strong>tamen</strong></span> <span class='ocrx_word' id='word_1_117' title='bbox 705 1080 788 1125; x_wconf 90' lang='lat' dir='ltr'><strong>ille,</strong></span> <span class='ocrx_word' id='word_1_118' title='bbox 821 1079 1108 1133; x_wconf 86' lang='lat' dir='ltr'><strong>qualiscunque</strong></span> <span class='ocrx_word' id='word_1_119' title='bbox 1128 1077 1196 1122; x_wconf 89' lang='lat' dir='ltr'><strong>est,</strong></span> <span class='ocrx_word' id='word_1_120' title='bbox 1229 1077 1299 1129; x_wconf 89' lang='lat' dir='ltr'><strong>qui</strong></span> <span class='ocrx_word' id='word_1_121' title='bbox 1320 1075 1373 1113; x_wconf 86' lang='lat' dir='ltr'><strong>est</strong></span> <span class='ocrx_word' id='word_1_122' title='bbox 1394 1075 1440 1112; x_wconf 82' lang='lat' dir='ltr'><strong>ab</strong></span> <span class='ocrx_word' id='word_1_123' title='bbox 1463 1088 1542 1112; x_wconf 91' lang='lat' dir='ltr'><strong>uno</strong></span> <span class='ocrx_word' id='word_1_124' title='bbox 1564 1083 1602 1111; x_wconf 87' lang='lat' dir='ltr'><strong>te</strong></span> <span class='ocrx_word' id='word_1_125' title='bbox 1623 1074 1703 1111; x_wconf 88' lang='lat' dir='ltr'><strong>im-</strong></span> 
     </span>
     <span class='ocr_line' id='line_1_15' title="bbox 299 1139 1705 1203; baseline -0.009 -15"><span class='ocrx_word' id='word_1_126' title='bbox 299 1150 496 1203; x_wconf 79' lang='lat' dir='ltr'><strong>probitate</strong></span> <span class='ocrx_word' id='word_1_127' title='bbox 525 1149 666 1193; x_wconf 68' lang='lat' dir='ltr'><strong>vi6hxs,</strong></span> <span class='ocrx_word' id='word_1_128' title='bbox 700 1146 914 1191; x_wconf 75' lang='lat' dir='ltr'>Gabinius,</span> <span class='ocrx_word' id='word_1_129' title='bbox 947 1144 1110 1196; x_wconf 86' lang='lat' dir='ltr'><strong>collegit</strong></span> <span class='ocrx_word' id='word_1_130' title='bbox 1141 1143 1221 1196; x_wconf 87' lang='lat' dir='ltr'><strong>ipse</strong></span> <span class='ocrx_word' id='word_1_131' title='bbox 1251 1142 1300 1186; x_wconf 83' lang='lat' dir='ltr'><strong>se,</strong></span> <span class='ocrx_word' id='word_1_132' title='bbox 1333 1142 1414 1185; x_wconf 79' lang='lat' dir='ltr'><strong>vix,</strong></span> <span class='ocrx_word' id='word_1_133' title='bbox 1448 1139 1510 1177; x_wconf 90' lang='lat' dir='ltr'><strong>sed</strong></span> <span class='ocrx_word' id='word_1_134' title='bbox 1540 1139 1705 1191; x_wconf 85' lang='lat' dir='ltr'><strong>collegit</strong></span> 
     </span>
     <span class='ocr_line' id='line_1_16' title="bbox 302 1205 1703 1262; baseline -0.009 -9"><span class='ocrx_word' id='word_1_135' title='bbox 302 1225 456 1260; x_wconf 85' lang='lat' dir='ltr'><strong>tamen;</strong></span> <span class='ocrx_word' id='word_1_136' title='bbox 480 1224 518 1252; x_wconf 91' lang='lat' dir='ltr'><strong>et</strong></span> <span class='ocrx_word' id='word_1_137' title='bbox 539 1223 676 1252; x_wconf 84' lang='lat' dir='ltr'><strong>contra</strong></span> <span class='ocrx_word' id='word_1_138' title='bbox 696 1213 811 1250; x_wconf 86' lang='lat' dir='ltr'><strong>suum</strong></span> <span class='ocrx_word' id='word_1_139' title='bbox 834 1210 1025 1250; x_wconf 81' lang='lat' dir='ltr'><strong>Clodium</strong></span> <span class='ocrx_word' id='word_1_140' title='bbox 1046 1210 1224 1262; x_wconf 87' lang='lat' dir='ltr'><strong>primum</strong></span> <span class='ocrx_word' id='word_1_141' title='bbox 1246 1207 1439 1251; x_wconf 78' lang='lat' dir='ltr'><strong>simulate,</strong></span> <span class='ocrx_word' id='word_1_142' title='bbox 1462 1205 1603 1243; x_wconf 91' lang='lat' dir='ltr'><strong>deinde</strong></span> <span class='ocrx_word' id='word_1_143' title='bbox 1625 1218 1703 1242; x_wconf 88' lang='lat' dir='ltr'><strong>non</strong></span> 
     </span>
     <span class='ocr_line' id='line_1_17' title="bbox 303 1269 1704 1328; baseline -0.009 -9"><span class='ocrx_word' id='word_1_144' title='bbox 303 1281 499 1325; x_wconf 87' lang='lat' dir='ltr'><strong>libenter,</strong></span> <span class='ocrx_word' id='word_1_145' title='bbox 531 1279 579 1317; x_wconf 86' lang='lat' dir='ltr'><strong>ad</strong></span> <span class='ocrx_word' id='word_1_146' title='bbox 610 1288 834 1317; x_wconf 79' lang='lat' dir='ltr'><strong>extremum</strong></span> <span class='ocrx_word' id='word_1_147' title='bbox 868 1286 998 1314; x_wconf 88' lang='lat' dir='ltr'><strong>tamen</strong></span> <span class='ocrx_word' id='word_1_148' title='bbox 1032 1289 1103 1328; x_wconf 88' lang='lat' dir='ltr'><strong>pro</strong></span> <span class='ocrx_word' id='word_1_149' title='bbox 1137 1275 1214 1312; x_wconf 89' lang='lat' dir='ltr'><strong>Cn.</strong></span> <span class='ocrx_word' id='word_1_150' title='bbox 1241 1272 1432 1325; x_wconf 88' lang='lat' dir='ltr'><strong>Pompeio</strong></span> <span class='ocrx_word' id='word_1_151' title='bbox 1466 1285 1552 1308; x_wconf 86' lang='lat' dir='ltr'><strong>vere</strong></span> <span class='ocrx_word' id='word_1_152' title='bbox 1584 1269 1704 1308; x_wconf 89' lang='lat' dir='ltr'><strong>vehe-</strong></span> 
     </span>
     <span class='ocr_line' id='line_1_18' title="bbox 304 1336 1706 1399; baseline -0.009 -13"><span class='ocrx_word' id='word_1_153' title='bbox 304 1356 536 1399; x_wconf 89' lang='lat' dir='ltr'><strong>menterque</strong></span> <span class='ocrx_word' id='word_1_154' title='bbox 551 1375 562 1391; x_wconf 95' lang='lat'><strong>,</strong></span> <span class='ocrx_word' id='word_1_155' title='bbox 594 1345 800 1398; x_wconf 82' lang='lat' dir='ltr'><strong>pugnavit.</strong></span> <span class='ocrx_word' id='word_1_156' title='bbox 844 1344 938 1395; x_wconf 84' lang='lat' dir='ltr'><strong>Qo</strong></span> <span class='ocrx_word' id='word_1_157' title='bbox 959 1341 1122 1395; x_wconf 87' lang='lat' dir='ltr'><strong>quidem</strong></span> <span class='ocrx_word' id='word_1_158' title='bbox 1143 1341 1183 1378; x_wconf 88' lang='lat' dir='ltr'><strong>in</strong></span> <span class='ocrx_word' id='word_1_159' title='bbox 1206 1338 1425 1392; x_wconf 61' lang='lat' dir='ltr'><strong>spectaculo</strong></span> <span class='ocrx_word' id='word_1_160' title='bbox 1447 1338 1545 1374; x_wconf 85' lang='lat' dir='ltr'><strong>mira</strong></span> <span class='ocrx_word' id='word_1_161' title='bbox 1565 1336 1706 1389; x_wconf 88' lang='lat' dir='ltr'><strong>populi</strong></span> 
     </span>
     <span class='ocr_line' id='line_1_19' title="bbox 305 1402 1705 1464; baseline -0.01 -12"><span class='ocrx_word' id='word_1_162' title='bbox 305 1413 479 1452; x_wconf 84' lang='lat' dir='ltr'><strong>Romani</strong></span> <span class='ocrx_word' id='word_1_163' title='bbox 511 1412 672 1464; x_wconf 84' lang='lat' dir='ltr'><strong>aequitas</strong></span> <span class='ocrx_word' id='word_1_164' title='bbox 703 1419 810 1448; x_wconf 87' lang='lat' dir='ltr'><strong>erat:</strong></span> <span class='ocrx_word' id='word_1_165' title='bbox 845 1419 931 1446; x_wconf 87' lang='lat' dir='ltr'><strong>uter</strong></span> <span class='ocrx_word' id='word_1_166' title='bbox 962 1421 1100 1446; x_wconf 82' lang='lat' dir='ltr'><strong>eorum</strong></span> <span class='ocrx_word' id='word_1_167' title='bbox 1131 1406 1301 1459; x_wconf 83' lang='lat' dir='ltr'><strong>periffet,</strong></span> <span class='ocrx_word' id='word_1_168' title='bbox 1334 1414 1523 1456; x_wconf 85' lang='lat' dir='ltr'><strong>tanquam</strong></span> <span class='ocrx_word' id='word_1_169' title='bbox 1554 1402 1705 1446; x_wconf 87' lang='lat' dir='ltr'><strong>lanista,</strong></span> 
     </span>
     <span class='ocr_line' id='line_1_20' title="bbox 304 1468 1707 1533; baseline -0.009 -15"><span class='ocrx_word' id='word_1_170' title='bbox 304 1481 345 1518; x_wconf 90' lang='lat' dir='ltr'><strong>in</strong></span> <span class='ocrx_word' id='word_1_171' title='bbox 366 1478 560 1533; x_wconf 88' lang='lat' dir='ltr'><strong>ejusmodi</strong></span> <span class='ocrx_word' id='word_1_172' title='bbox 580 1478 664 1531; x_wconf 83' lang='lat' dir='ltr'><strong>pari</strong></span> <span class='ocrx_word' id='word_1_173' title='bbox 684 1477 843 1515; x_wconf 89' lang='lat' dir='ltr'><strong>lucrum</strong></span> <span class='ocrx_word' id='word_1_174' title='bbox 864 1475 948 1514; x_wconf 89' lang='lat' dir='ltr'><strong>fieri</strong></span> <span class='ocrx_word' id='word_1_175' title='bbox 969 1474 1132 1528; x_wconf 87' lang='lat' dir='ltr'><strong>putabat</strong></span> <span class='ocrx_word' id='word_1_176' title='bbox 1144 1492 1155 1519; x_wconf 83' lang='lat'>5</span> <span class='ocrx_word' id='word_1_177' title='bbox 1180 1471 1448 1511; x_wconf 85' lang='lat' dir='ltr'><strong>immortalem</strong></span> <span class='ocrx_word' id='word_1_178' title='bbox 1469 1483 1560 1508; x_wconf 90' lang='lat' dir='ltr'><strong>vero</strong></span> <span class='ocrx_word' id='word_1_179' title='bbox 1581 1468 1707 1522; x_wconf 87' lang='lat' dir='ltr'><strong>quaes-</strong></span> 
     </span>
     <span class='ocr_line' id='line_1_21' title="bbox 306 1541 886 1597; baseline -0.012 -11"><span class='ocrx_word' id='word_1_180' title='bbox 306 1555 408 1591; x_wconf 80' lang='lat' dir='ltr'><strong>tum,</strong></span> <span class='ocrx_word' id='word_1_181' title='bbox 440 1546 467 1584; x_wconf 91' lang='lat' dir='ltr'>fi</span> <span class='ocrx_word' id='word_1_182' title='bbox 489 1554 655 1597; x_wconf 90' lang='lat' dir='ltr'><strong>uterque</strong></span> <span class='ocrx_word' id='word_1_183' title='bbox 675 1541 886 1581; x_wconf 87' lang='lat' dir='ltr'><strong>cecidiffet.</strong></span> 
     </span>
    </p>

    <p class='ocr_par' dir='ltr' id='par_1_3' title="bbox 308 1600 1745 2311">
     <span class='ocr_line' id='line_1_22' title="bbox 364 1600 1710 1661; baseline -0.01 -11"><span class='ocrx_word' id='word_1_184' title='bbox 364 1612 437 1650; x_wconf 88' lang='lat' dir='ltr'><strong>Sed</strong></span> <span class='ocrx_word' id='word_1_185' title='bbox 457 1612 525 1649; x_wconf 90' lang='lat' dir='ltr'><strong>ille</strong></span> <span class='ocrx_word' id='word_1_186' title='bbox 547 1620 678 1648; x_wconf 88' lang='lat' dir='ltr'><strong>tamen</strong></span> <span class='ocrx_word' id='word_1_187' title='bbox 698 1609 836 1661; x_wconf 86' lang='lat' dir='ltr'><strong>agebat</strong></span> <span class='ocrx_word' id='word_1_188' title='bbox 856 1606 1008 1659; x_wconf 89' lang='lat' dir='ltr'><strong>aliquid</strong></span> <span class='ocrx_word' id='word_1_189' title='bbox 1027 1620 1035 1644; x_wconf 76' lang='lat' dir='ltr'><strong>t</strong></span> <span class='ocrx_word' id='word_1_190' title='bbox 1066 1605 1251 1643; x_wconf 84' lang='lat' dir='ltr'><strong>tuebatur</strong></span> <span class='ocrx_word' id='word_1_191' title='bbox 1270 1602 1543 1641; x_wconf 61' lang='lat' dir='ltr'><strong>auctoritatem</strong></span> <span class='ocrx_word' id='word_1_192' title='bbox 1564 1600 1710 1638; x_wconf 89' lang='lat' dir='ltr'><strong>summi</strong></span> 
     </span>
     <span class='ocr_line' id='line_1_23' title="bbox 308 1668 1709 1729; baseline -0.01 -12"><span class='ocrx_word' id='word_1_193' title='bbox 308 1679 397 1717; x_wconf 90' lang='lat' dir='ltr'><strong>viri.</strong></span> <span class='ocrx_word' id='word_1_194' title='bbox 431 1679 526 1715; x_wconf 87' lang='lat' dir='ltr'><strong>Erat</strong></span> <span class='ocrx_word' id='word_1_195' title='bbox 547 1676 626 1729; x_wconf 90' lang='lat' dir='ltr'><strong>ipse</strong></span> <span class='ocrx_word' id='word_1_196' title='bbox 647 1675 869 1719; x_wconf 85' lang='lat' dir='ltr'><strong>sceleratus,</strong></span> <span class='ocrx_word' id='word_1_197' title='bbox 891 1682 972 1711; x_wconf 86' lang='lat' dir='ltr'><strong>erat</strong></span> <span class='ocrx_word' id='word_1_198' title='bbox 992 1671 1208 1724; x_wconf 88' lang='lat' dir='ltr'><strong>gladiator:</strong></span> <span class='ocrx_word' id='word_1_199' title='bbox 1239 1683 1334 1708; x_wconf 90' lang='lat' dir='ltr'><strong>curn</strong></span> <span class='ocrx_word' id='word_1_200' title='bbox 1355 1668 1540 1706; x_wconf 90' lang='lat' dir='ltr'><strong>scelerato</strong></span> <span class='ocrx_word' id='word_1_201' title='bbox 1560 1676 1709 1711; x_wconf 88' lang='lat' dir='ltr'><strong>tamen,</strong></span> 
     </span>
     <span class='ocr_line' id='line_1_24' title="bbox 308 1732 1711 1796; baseline -0.009 -13"><span class='ocrx_word' id='word_1_202' title='bbox 308 1754 347 1783; x_wconf 90' lang='lat' dir='ltr'><strong>et</strong></span> <span class='ocrx_word' id='word_1_203' title='bbox 367 1758 462 1782; x_wconf 90' lang='lat' dir='ltr'><strong>cum</strong></span> <span class='ocrx_word' id='word_1_204' title='bbox 482 1743 565 1796; x_wconf 88' lang='lat' dir='ltr'><strong>pari</strong></span> <span class='ocrx_word' id='word_1_205' title='bbox 585 1742 814 1795; x_wconf 87' lang='lat' dir='ltr'><strong>gladiatore,</strong></span> <span class='ocrx_word' id='word_1_206' title='bbox 837 1739 1052 1793; x_wconf 88' lang='lat' dir='ltr'><strong>pugnabat.</strong></span> <span class='ocrx_word' id='word_1_207' title='bbox 1083 1739 1166 1782; x_wconf 89' lang='lat' dir='ltr'><strong>Tu,</strong></span> <span class='ocrx_word' id='word_1_208' title='bbox 1190 1735 1340 1775; x_wconf 88' lang='lat' dir='ltr'><strong>scilicet</strong></span> <span class='ocrx_word' id='word_1_209' title='bbox 1360 1733 1485 1773; x_wconf 91' lang='lat' dir='ltr'><strong>homo</strong></span> <span class='ocrx_word' id='word_1_210' title='bbox 1506 1732 1711 1785; x_wconf 87' lang='lat' dir='ltr'><strong>religiosus</strong></span> 
     </span>
     <span class='ocr_line' id='line_1_25' title="bbox 309 1799 1745 1860; baseline -0.01 -10"><span class='ocrx_word' id='word_1_211' title='bbox 309 1820 349 1850; x_wconf 89' lang='lat' dir='ltr'><strong>et</strong></span> <span class='ocrx_word' id='word_1_212' title='bbox 369 1811 521 1849; x_wconf 73' lang='lat' dir='ltr'><strong>sanctus</strong></span> <span class='ocrx_word' id='word_1_213' title='bbox 536 1838 548 1854; x_wconf 95' lang='lat'>‚</span> <span class='ocrx_word' id='word_1_214' title='bbox 579 1808 709 1847; x_wconf 87' lang='lat' dir='ltr'><strong>foedus</strong></span> <span class='ocrx_word' id='word_1_215' title='bbox 725 1838 736 1853; x_wconf 90' lang='lat'><strong>,</strong></span> <span class='ocrx_word' id='word_1_216' title='bbox 769 1806 876 1860; x_wconf 90' lang='lat' dir='ltr'><strong>quod</strong></span> <span class='ocrx_word' id='word_1_217' title='bbox 903 1818 993 1843; x_wconf 91' lang='lat' dir='ltr'><strong>meo</strong></span> <span class='ocrx_word' id='word_1_218' title='bbox 1015 1803 1202 1855; x_wconf 88' lang='lat' dir='ltr'><strong>sanguine</strong></span> <span class='ocrx_word' id='word_1_219' title='bbox 1223 1803 1263 1840; x_wconf 90' lang='lat' dir='ltr'><strong>in</strong></span> <span class='ocrx_word' id='word_1_220' title='bbox 1286 1801 1464 1854; x_wconf 70' lang='lat' dir='ltr'><strong>pactione</strong></span> <span class='ocrx_word' id='word_1_221' title='bbox 1486 1799 1712 1852; x_wconf 82' lang='lat' dir='ltr'><strong>provincia·</strong></span> <span class='ocrx_word' id='word_1_222' title='bbox 1741 1817 1745 1821; x_wconf 90' lang='lat'>.</span> 
     </span>
     <span class='ocr_line' id='line_1_26' title="bbox 310 1866 1713 1927; baseline -0.01 -10"><span class='ocrx_word' id='word_1_223' title='bbox 310 1891 400 1916; x_wconf 91' lang='lat' dir='ltr'><strong>rum</strong></span> <span class='ocrx_word' id='word_1_224' title='bbox 429 1878 576 1921; x_wconf 89' lang='lat' dir='ltr'><strong>iceras,</strong></span> <span class='ocrx_word' id='word_1_225' title='bbox 609 1873 787 1927; x_wconf 81' lang='lat' dir='ltr'><strong>frangere</strong></span> <span class='ocrx_word' id='word_1_226' title='bbox 817 1871 992 1911; x_wconf 89' lang='lat' dir='ltr'><strong>noluisti.</strong></span> <span class='ocrx_word' id='word_1_227' title='bbox 1039 1872 1203 1908; x_wconf 90' lang='lat' dir='ltr'><strong>Caverat</strong></span> <span class='ocrx_word' id='word_1_228' title='bbox 1233 1870 1341 1907; x_wconf 90' lang='lat' dir='ltr'><strong>enim</strong></span> <span class='ocrx_word' id='word_1_229' title='bbox 1362 1867 1434 1905; x_wconf 90' lang='lat' dir='ltr'><strong>fibi</strong></span> <span class='ocrx_word' id='word_1_230' title='bbox 1455 1867 1523 1904; x_wconf 92' lang='lat' dir='ltr'><strong>ille</strong></span> <span class='ocrx_word' id='word_1_231' title='bbox 1544 1866 1713 1904; x_wconf 87' lang='lat' dir='ltr'><strong>sororius</strong></span> 
     </span>
     <span class='ocr_line' id='line_1_27' title="bbox 309 1933 1712 1994; baseline -0.01 -11"><span class='ocrx_word' id='word_1_232' title='bbox 309 1944 477 1988; x_wconf 89' lang='lat' dir='ltr'><strong>adulter,</strong></span> <span class='ocrx_word' id='word_1_233' title='bbox 500 1952 558 1988; x_wconf 90' lang='lat' dir='ltr'><strong>ut,</strong></span> <span class='ocrx_word' id='word_1_234' title='bbox 583 1942 608 1979; x_wconf 90' lang='lat' dir='ltr'><strong>s1</strong></span> <span class='ocrx_word' id='word_1_235' title='bbox 631 1941 706 1979; x_wconf 88' lang='lat' dir='ltr'><strong>tibi</strong></span> <span class='ocrx_word' id='word_1_236' title='bbox 727 1939 987 1994; x_wconf 84' lang='lat' dir='ltr'><strong>provinciam,</strong></span> <span class='ocrx_word' id='word_1_237' title='bbox 1007 1938 1033 1975; x_wconf 85' lang='lat' dir='ltr'>fi</span> <span class='ocrx_word' id='word_1_238' title='bbox 1055 1937 1289 1980; x_wconf 84' lang='lat' dir='ltr'><strong>exercitum,</strong></span> <span class='ocrx_word' id='word_1_239' title='bbox 1308 1935 1334 1972; x_wconf 85' lang='lat' dir='ltr'><strong>si</strong></span> <span class='ocrx_word' id='word_1_240' title='bbox 1352 1933 1577 1987; x_wconf 88' lang='lat' dir='ltr'><strong>pecuniam,</strong></span> <span class='ocrx_word' id='word_1_241' title='bbox 1600 1946 1712 1985; x_wconf 88' lang='lat' dir='ltr'><strong>erep-</strong></span> 
     </span>
     <span class='ocr_line' id='line_1_28' title="bbox 312 1998 1713 2061; baseline -0.01 -12"><span class='ocrx_word' id='word_1_242' title='bbox 312 2019 393 2051; x_wconf 88' lang='lat' dir='ltr'><strong>tam</strong></span> <span class='ocrx_word' id='word_1_243' title='bbox 413 2023 461 2047; x_wconf 84' lang='lat' dir='ltr'><strong>ex</strong></span> <span class='ocrx_word' id='word_1_244' title='bbox 482 2008 711 2061; x_wconf 80' lang='lat' dir='ltr'><strong>reipublicae</strong></span> <span class='ocrx_word' id='word_1_245' title='bbox 732 2005 962 2050; x_wconf 79' lang='lat' dir='ltr'><strong>visceribus,</strong></span> <span class='ocrx_word' id='word_1_246' title='bbox 995 2002 1170 2048; x_wconf 88' lang='lat' dir='ltr'><strong>dediffet,</strong></span> <span class='ocrx_word' id='word_1_247' title='bbox 1202 2001 1387 2040; x_wconf 88' lang='lat' dir='ltr'><strong>omnium</strong></span> <span class='ocrx_word' id='word_1_248' title='bbox 1408 1999 1570 2038; x_wconf 86' lang='lat' dir='ltr'><strong>suorum</strong></span> <span class='ocrx_word' id='word_1_249' title='bbox 1592 1998 1713 2036; x_wconf 89' lang='lat' dir='ltr'><strong>scele-</strong></span> 
     </span>
     <span class='ocr_line' id='line_1_29' title="bbox 312 2064 1714 2125; baseline -0.01 -10"><span class='ocrx_word' id='word_1_250' title='bbox 312 2090 402 2115; x_wconf 89' lang='lat' dir='ltr'><strong>rum</strong></span> <span class='ocrx_word' id='word_1_251' title='bbox 423 2074 574 2113; x_wconf 88' lang='lat' dir='ltr'><strong>socium</strong></span> <span class='ocrx_word' id='word_1_252' title='bbox 596 2084 634 2112; x_wconf 92' lang='lat' dir='ltr'><strong>te</strong></span> <span class='ocrx_word' id='word_1_253' title='bbox 655 2073 953 2125; x_wconf 85' lang='lat' dir='ltr'><strong>adjutoremque</strong></span> <span class='ocrx_word' id='word_1_254' title='bbox 974 2069 1178 2123; x_wconf 86' lang='lat' dir='ltr'><strong>praeberes.</strong></span> <span class='ocrx_word' id='word_1_255' title='bbox 1222 2069 1359 2120; x_wconf 83' lang='lat' dir='ltr'><strong>Itaque</strong></span> <span class='ocrx_word' id='word_1_256' title='bbox 1380 2066 1421 2104; x_wconf 90' lang='lat' dir='ltr'><strong>in</strong></span> <span class='ocrx_word' id='word_1_257' title='bbox 1443 2066 1515 2104; x_wconf 89' lang='lat' dir='ltr'><strong>illo</strong></span> <span class='ocrx_word' id='word_1_258' title='bbox 1536 2064 1714 2103; x_wconf 87' lang='lat' dir='ltr'><strong>tumultu</strong></span> 
     </span>
     <span class='ocr_line' id='line_1_30' title="bbox 314 2129 1714 2190; baseline -0.009 -10"><span class='ocrx_word' id='word_1_259' title='bbox 314 2141 426 2180; x_wconf 66' lang='lat' dir='ltr'><strong>fracti</strong></span> <span class='ocrx_word' id='word_1_260' title='bbox 447 2140 590 2179; x_wconf 88' lang='lat' dir='ltr'><strong>fasces:</strong></span> <span class='ocrx_word' id='word_1_261' title='bbox 611 2140 709 2177; x_wconf 68' lang='lat' dir='ltr'><strong>ictus</strong></span> <span class='ocrx_word' id='word_1_262' title='bbox 732 2137 834 2190; x_wconf 87' lang='lat' dir='ltr'><strong>ipse:</strong></span> <span class='ocrx_word' id='word_1_263' title='bbox 854 2136 1032 2190; x_wconf 88' lang='lat' dir='ltr'><strong>quotidie</strong></span> <span class='ocrx_word' id='word_1_264' title='bbox 1050 2135 1140 2180; x_wconf 90' lang='lat' dir='ltr'><strong>tela,</strong></span> <span class='ocrx_word' id='word_1_265' title='bbox 1158 2133 1321 2186; x_wconf 82' lang='lat' dir='ltr'><strong>lapides,</strong></span> <span class='ocrx_word' id='word_1_266' title='bbox 1339 2132 1468 2185; x_wconf 83' lang='lat' dir='ltr'><strong>fugae:</strong></span> <span class='ocrx_word' id='word_1_267' title='bbox 1494 2129 1714 2185; x_wconf 88' lang='lat' dir='ltr'><strong>deprehen-</strong></span> 
     </span>
     <span class='ocr_line' id='line_1_31' title="bbox 315 2196 1717 2258; baseline -0.008 -14"><span class='ocrx_word' id='word_1_268' title='bbox 315 2207 376 2245; x_wconf 89' lang='lat' dir='ltr'><strong>sus</strong></span> <span class='ocrx_word' id='word_1_269' title='bbox 398 2206 568 2258; x_wconf 87' lang='lat' dir='ltr'><strong>denique</strong></span> <span class='ocrx_word' id='word_1_270' title='bbox 589 2218 682 2242; x_wconf 88' lang='lat' dir='ltr'><strong>cum</strong></span> <span class='ocrx_word' id='word_1_271' title='bbox 703 2203 807 2241; x_wconf 87' lang='lat' dir='ltr'><strong>ferro</strong></span> <span class='ocrx_word' id='word_1_272' title='bbox 826 2202 872 2240; x_wconf 91' lang='lat' dir='ltr'><strong>ad</strong></span> <span class='ocrx_word' id='word_1_273' title='bbox 894 2202 1071 2240; x_wconf 88' lang='lat' dir='ltr'><strong>senatum</strong></span> <span class='ocrx_word' id='word_1_274' title='bbox 1093 2201 1139 2246; x_wconf 87' lang='lat' dir='ltr'><strong>is,</strong></span> <span class='ocrx_word' id='word_1_275' title='bbox 1164 2213 1284 2252; x_wconf 88' lang='lat' dir='ltr'><strong>quem</strong></span> <span class='ocrx_word' id='word_1_276' title='bbox 1305 2198 1351 2236; x_wconf 84' lang='lat' dir='ltr'><strong>ad</strong></span> <span class='ocrx_word' id='word_1_277' title='bbox 1378 2199 1455 2236; x_wconf 90' lang='lat' dir='ltr'><strong>Cn.</strong></span> <span class='ocrx_word' id='word_1_278' title='bbox 1477 2196 1717 2249; x_wconf 88' lang='lat' dir='ltr'><strong>Pompeium</strong></span> 
     </span>
     <span class='ocr_line' id='line_1_32' title="bbox 317 2266 1258 2311; baseline -0.009 -1"><span class='ocrx_word' id='word_1_279' title='bbox 317 2270 627 2311; x_wconf 88' lang='lat' dir='ltr'><strong>interimendum</strong></span> <span class='ocrx_word' id='word_1_280' title='bbox 649 2269 890 2307; x_wconf 82' lang='lat' dir='ltr'><strong>collocatum</strong></span> <span class='ocrx_word' id='word_1_281' title='bbox 911 2267 1022 2306; x_wconf 85' lang='lat' dir='ltr'><strong>fuiffe</strong></span> <span class='ocrx_word' id='word_1_282' title='bbox 1044 2266 1258 2305; x_wconf 81' lang='lat' dir='ltr'><strong>constabat.</strong></span> 
     </span>
    </p>

    <p class='ocr_par' dir='ltr' id='par_1_4' title="bbox 318 2326 1718 2452">
     <span class='ocr_line' id='line_1_33' title="bbox 373 2326 1716 2386; baseline -0.008 -11"><span class='ocrx_word' id='word_1_283' title='bbox 373 2337 491 2375; x_wconf 90' lang='lat' dir='ltr'>XIII.</span> <span class='ocrx_word' id='word_1_284' title='bbox 526 2336 578 2373; x_wconf 84' lang='lat' dir='ltr'><strong>Et</strong></span> <span class='ocrx_word' id='word_1_285' title='bbox 600 2335 688 2386; x_wconf 85' lang='lat' dir='ltr'><strong>quis</strong></span> <span class='ocrx_word' id='word_1_286' title='bbox 709 2334 858 2372; x_wconf 86' lang='lat' dir='ltr'><strong>audivit</strong></span> <span class='ocrx_word' id='word_1_287' title='bbox 876 2348 955 2372; x_wconf 89' lang='lat' dir='ltr'><strong>non</strong></span> <span class='ocrx_word' id='word_1_288' title='bbox 972 2333 1092 2371; x_wconf 88' lang='lat' dir='ltr'><strong>modo</strong></span> <span class='ocrx_word' id='word_1_289' title='bbox 1113 2332 1308 2370; x_wconf 71' lang='lat' dir='ltr'><strong>affionem</strong></span> <span class='ocrx_word' id='word_1_290' title='bbox 1329 2330 1516 2383; x_wconf 88' lang='lat' dir='ltr'><strong>aliquam,</strong></span> <span class='ocrx_word' id='word_1_291' title='bbox 1534 2336 1600 2366; x_wconf 86' lang='lat' dir='ltr'><strong>aut</strong></span> <span class='ocrx_word' id='word_1_292' title='bbox 1617 2326 1716 2366; x_wconf 85' lang='lat' dir='ltr'><strong>rela-</strong></span> 
     </span>
     <span class='ocr_line' id='line_1_34' title="bbox 318 2393 1718 2452; baseline -0.009 -10"><span class='ocrx_word' id='word_1_293' title='bbox 318 2403 484 2446; x_wconf 90' lang='lat' dir='ltr'><strong>tionem,</strong></span> <span class='ocrx_word' id='word_1_294' title='bbox 502 2400 565 2438; x_wconf 87' lang='lat' dir='ltr'><strong>sed</strong></span> <span class='ocrx_word' id='word_1_295' title='bbox 582 2414 719 2438; x_wconf 87' lang='lat' dir='ltr'><strong>vocem</strong></span> <span class='ocrx_word' id='word_1_296' title='bbox 736 2401 915 2444; x_wconf 88' lang='lat' dir='ltr'><strong>omnino,</strong></span> <span class='ocrx_word' id='word_1_297' title='bbox 934 2409 1000 2437; x_wconf 92' lang='lat' dir='ltr'><strong>aut</strong></span> <span class='ocrx_word' id='word_1_298' title='bbox 1017 2398 1216 2452; x_wconf 88' lang='lat' dir='ltr'><strong>querelam</strong></span> <span class='ocrx_word' id='word_1_299' title='bbox 1235 2406 1343 2434; x_wconf 90' lang='lat' dir='ltr'><strong>tuam</strong></span> <span class='ocrx_word' id='word_1_300' title='bbox 1359 2396 1372 2433; x_wconf 89' lang='lat'>?</span> <span class='ocrx_word' id='word_1_301' title='bbox 1396 2393 1612 2432; x_wconf 88' lang='lat' dir='ltr'><strong>Consulem</strong></span> <span class='ocrx_word' id='word_1_302' title='bbox 1631 2401 1718 2430; x_wconf 88' lang='lat' dir='ltr'><strong>tum</strong></span> 
     </span>
    </p>
   </div>
   <div class='ocr_carea' id='block_1_3' title="bbox 319 2457 1718 2574">
    <p class='ocr_par' dir='ltr' id='par_1_5' title="bbox 319 2457 1718 2574">
     <span class='ocr_line' id='line_1_35' title="bbox 319 2457 1718 2519; baseline -0.01 -11"><span class='ocrx_word' id='word_1_303' title='bbox 319 2479 358 2508; x_wconf 90' lang='lat' dir='ltr'><strong>te</strong></span> <span class='ocrx_word' id='word_1_304' title='bbox 385 2467 499 2507; x_wconf 85' lang='lat' dir='ltr'><strong>fuiffe</strong></span> <span class='ocrx_word' id='word_1_305' title='bbox 531 2475 660 2519; x_wconf 87' lang='lat' dir='ltr'><strong>putas,</strong></span> <span class='ocrx_word' id='word_1_306' title='bbox 692 2467 804 2519; x_wconf 77' lang='lat' dir='ltr'><strong>cujus</strong></span> <span class='ocrx_word' id='word_1_307' title='bbox 838 2466 879 2505; x_wconf 89' lang='lat' dir='ltr'><strong>in</strong></span> <span class='ocrx_word' id='word_1_308' title='bbox 912 2465 1095 2517; x_wconf 85' lang='lat' dir='ltr'><strong>imperio,</strong></span> <span class='ocrx_word' id='word_1_309' title='bbox 1127 2464 1197 2516; x_wconf 79' lang='lat' dir='ltr'><strong>qui</strong></span> <span class='ocrx_word' id='word_1_310' title='bbox 1231 2460 1535 2516; x_wconf 77' lang='lat' dir='ltr'><strong>rempublicam,</strong></span> <span class='ocrx_word' id='word_1_311' title='bbox 1566 2457 1718 2497; x_wconf 85' lang='lat' dir='ltr'><strong>senatus</strong></span> 
     </span>
     <span class='ocr_line' id='line_1_36' title="bbox 406 2527 1419 2574; baseline -0.008 0"><span class='ocrx_word' id='word_1_312' title='bbox 406 2536 550 2574; x_wconf 85' lang='grc' dir='ltr'>ΤοΜ.</span> <span class='ocrx_word' id='word_1_313' title='bbox 585 2533 657 2571; x_wconf 88' lang='lat' dir='ltr'><strong>V1.</strong></span> <span class='ocrx_word' id='word_1_314' title='bbox 1381 2527 1419 2566; x_wconf 89' lang='lat' dir='ltr'><strong>X</strong></span> 
     </span>
    </p>
   </div>
  </div>
 </body>
</html>
