2076 2860
350 244 401 280 4³
825 226 1266 263 ORATIO

406 326 536 365 XLV.
570 324 661 361 Duo
677 332 815 373 genera
832 319 980 371 semper
996 319 1037 356 in
1053 317 1125 356 hac
1142 318 1299 356 civitate
1316 317 1475 356 fuerunt
1490 330 1642 362 eorum,
1664 317 1733 369 qui

351 393 487 431 versari
510 392 549 427 in
571 388 784 441 republica,
807 396 922 437 atque
943 386 982 422 in
1005 399 1046 422 ea
1068 385 1102 422 se
1123 384 1381 422 excellentius
1407 397 1552 436 gerere,
1575 383 1732 421 studue-

353 467 464 496 runt:
485 455 626 508 quibus
649 467 694 490 ex
715 451 922 503 generibus
944 451 1055 488 alteri
1077 450 1113 488 se
1133 450 1354 502 populares,
1377 450 1487 488 alteri
1509 450 1734 502 optimates,

351 535 389 562 et
410 522 543 561 haberi
564 530 601 557 et
621 518 692 556 effe
713 517 934 555 voluerunt.
966 517 1048 567 Qi
1069 530 1124 561 ea,
1147 530 1232 568 quae
1254 515 1464 561 faciebant,
1487 528 1651 568 quaeque
1671 516 1735 552 di-

351 590 504 632 cebant,
537 583 786 623 multitudini
802 582 979 635 jucunda
998 581 1070 619 effe
1090 582 1288 627 volebant,
1312 582 1542 634 populares,
1575 582 1643 633 qui
1664 594 1735 618 au-

352 664 432 692 tem
453 654 507 690 ita
526 652 561 689 se
582 649 791 702 gerebant,
824 658 867 685 ut
889 647 953 685 sua
973 647 1131 684 consilia
1151 647 1305 699 optimo
1326 647 1469 699 cuique
1499 647 1708 699 probarent
1723 675 1735 690 ,

350 719 559 771 optimates
580 715 836 753 habebantur.
870 713 971 764 Qis
993 726 1084 764 ergo
1106 712 1172 750 iste
1193 713 1398 764 optimus?
1426 713 1543 763 quis?
1577 713 1638 749 De
1659 725 1736 749 nu-

353 799 460 824 mero
481 784 507 821 s1
529 782 666 834 quaeris
680 810 690 825 ‚
723 779 1027 817 innumerabiles
1047 794 1055 816 :
1089 791 1214 831 neque
1234 778 1342 815 enim
1362 777 1474 815 aliter
1495 777 1589 815 stare
1610 777 1736 829 poffe-

353 864 456 888 mus.
491 850 588 886 Sunt
608 846 804 899 principes
826 845 977 883 consilii
1000 843 1152 896 publici
1171 858 1179 881 ε
1212 843 1315 888 sunt,
1347 844 1415 896 qui
1440 856 1576 881 eorum
1598 843 1739 880 sectam

353 917 564 968 sequuntur
583 929 591 951 :
623 913 712 950 sunt
734 912 998 949 maximorum
1020 909 1205 947 ordinum
1226 908 1407 947 homines
1424 938 1434 954 ,
1466 909 1611 960 quibus
1633 917 1739 961 patet

352 982 485 1020 curia:
519 980 606 1018 sunt
627 977 885 1029 municipales
908 975 1118 1027 rusticique
1140 975 1312 1013 Romani
1331 989 1339 1012 :
1373 975 1461 1012 sunt
1481 974 1639 1026 negotia
1667 988 1738 1026 ge-

354 1056 480 1086 rentes
500 1062 507 1084 :
533 1046 621 1084 sunt
641 1044 761 1081 etiam
781 1043 956 1080 libertini
977 1042 1201 1094 optimates.
1235 1042 1452 1085 Numerus,
1475 1050 1519 1078 ut
1541 1040 1638 1085 dixi,
1660 1039 1738 1077 hu-

348 1115 414 1166 jus
436 1112 586 1164 generis
608 1111 683 1148 late
703 1119 741 1148 et
762 1109 863 1147 varie
884 1107 1045 1146 diffusus
1068 1107 1147 1152 est;
1180 1107 1243 1145 sed
1268 1120 1389 1160 genus
1411 1107 1635 1145 universum
1669 1108 1740 1158 (ut

354 1184 515 1222 tollatur
535 1181 656 1231 error)
681 1180 787 1218 brevi
809 1178 1079 1217 circumscribi
1100 1189 1137 1216 et
1158 1178 1312 1216 definiri
1335 1177 1471 1230 potest.
1492 1178 1643 1216 Omnes
1665 1190 1739 1229 op·-

356 1250 509 1289 timates
542 1248 644 1291 sunt,
677 1246 744 1298 qui
775 1259 900 1297 neque
932 1253 1116 1282 nocentes
1147 1243 1250 1288 sunt,
1282 1256 1354 1281 nec
1384 1251 1520 1281 natura
1549 1242 1738 1294 improbi,

356 1329 426 1352 nec
448 1313 579 1352 furiosi
595 1343 605 1357 ,
638 1325 709 1350 nec
730 1311 842 1349 malis
865 1309 1086 1349 domesticis
1109 1309 1305 1361 impediti.
1339 1309 1432 1346 Esto
1454 1309 1575 1360 igitur
1589 1337 1599 1352 ‚
1632 1317 1676 1346 ut
1696 1307 1740 1346 hi

356 1381 444 1425 sint,
465 1382 601 1432 (quam
622 1388 664 1416 tu
686 1379 885 1416 nationem
906 1376 1123 1429 appellasti)
1147 1377 1216 1428 qui
1236 1385 1274 1414 et
1296 1375 1439 1427 integri
1461 1375 1563 1419 sunt,
1586 1383 1624 1413 et
1644 1374 1739 1419 sani,

354 1458 394 1488 et
414 1447 512 1485 bene
534 1446 579 1484 de
602 1445 714 1483 rebus
736 1444 958 1482 domesticis
983 1443 1185 1481 constituti
1204 1458 1213 1481 ε
1245 1442 1391 1481 horum
1420 1442 1488 1494 qui
1519 1442 1714 1480 voluntati
1729 1471 1740 1486 ‚

355 1513 592 1557 commodis,
614 1511 808 1564 opinioni,
841 1511 881 1548 in
902 1510 1154 1562 gubernanda
1175 1509 1375 1562 republica
1395 1508 1580 1553 serviunt,
1604 1507 1741 1546 defen-

356 1580 455 1618 sores
477 1578 745 1631 optimatium,
774 1577 922 1629 ipfique
943 1577 1152 1628 optimates
1173 1576 1384 1628 graviffimi
1405 1584 1443 1613 et
1463 1574 1663 1613 clariffimi
1682 1575 1743 1612 ci-

356 1659 419 1683 ves
442 1653 708 1687 numerantur,
731 1651 770 1680 et
790 1642 986 1694 principes
1009 1641 1194 1679 civitatis.

412 1709 522 1762 Qid
551 1709 604 1746 est
635 1709 756 1760 igitur
786 1707 1026 1758 propositum
1057 1707 1119 1744 his
1141 1706 1367 1758 reipublicae
1389 1705 1741 1758 gubernatoribus,

355 1776 462 1828 quod
484 1774 642 1817 intueri,
673 1782 710 1810 et
732 1785 809 1823 quo
830 1772 986 1809 cursum
1007 1771 1120 1809 suum
1141 1771 1322 1822 dirigere,
1345 1771 1511 1809 debeant
1531 1773 1543 1809 ?
1576 1771 1616 1808 id
1636 1771 1743 1823 quod

357 1840 410 1878 est
431 1837 796 1892 praestantiffimum,
820 1836 1069 1887 maximeque
1090 1835 1263 1888 optabile
1280 1835 1464 1873 omnibus
1482 1835 1596 1880 sanis,
1614 1845 1652 1872 et
1669 1836 1742 1873 bo-

359 1906 418 1943 nis
433 1935 443 1950 ,
475 1913 513 1942 et
535 1903 678 1947 beatis,
711 1915 801 1939 cum
824 1901 1177 1955 dignitateotium.
1211 1901 1303 1938 Hoc
1324 1901 1394 1952 qui
1415 1900 1577 1945 volunt,
1607 1913 1743 1939 omnes

358 1971 591 2022 optimates3
615 1968 682 2020 qui
704 1967 895 2011 efficiunt,
918 1967 1062 2005 summi
1083 1966 1170 2011 viri,
1193 1975 1231 2003 et
1253 1965 1535 2004 conservatores
1557 1965 1743 2011 civitatis,

359 2044 559 2088 putantur.
593 2035 735 2085 Neque
765 2033 871 2070 enim
902 2046 1030 2070 rerum
1061 2031 1316 2084 gerendarum
1347 2031 1537 2083 dignitate
1562 2030 1744 2070 homines

359 2102 486 2141 efferri
508 2102 561 2138 ita
581 2100 779 2144 convenit,
804 2108 845 2136 ut
867 2099 948 2137 otio
971 2113 1048 2137 non
1071 2098 1308 2151 prospiciant
1326 2117 1337 2142 ;
1359 2111 1486 2150 neque
1509 2097 1637 2136 ullum
1657 2111 1743 2137 am-

361 2167 507 2220 plexari
529 2167 671 2210 otium,
703 2165 807 2217 quod
829 2164 1032 2202 abhorreat
1053 2178 1073 2201 a
1093 2164 1298 2216 dignitate.

417 2233 568 2270 XLVI.
603 2232 733 2283 Hujus
751 2240 880 2268 autern
897 2230 1026 2268 otiosa:
1043 2230 1244 2282 dignitatis
1261 2229 1343 2267 haec
1365 2229 1620 2267 fundamenta
1642 2229 1744 2275 sunt,

361 2299 442 2336 haec
464 2298 641 2335 membra
656 2326 666 2341 ‚
697 2310 781 2348 qua:
802 2295 944 2334 tuenda
963 2295 1210 2347 principibus
1227 2325 1237 2340 ,
1269 2305 1307 2333 et
1328 2294 1387 2332 vel
1410 2295 1548 2348 capitis
1571 2295 1746 2347 periculo
1792 2302 1794 2304 ’

362 2363 603 2405 defendenda
623 2362 732 2400 sunt:
757 2362 979 2414 religiones,
1002 2361 1184 2414 auspicia,
1207 2361 1410 2413 potestates
1433 2361 1744 2414 magistratuum,

362 2431 512 2471 senatus
547 2429 766 2473 auftoritas‚
803 2428 922 2480 leges,
959 2441 1044 2466 mos
1079 2429 1288 2480 majorum,
1318 2427 1482 2480 judicia,
1509 2427 1744 2480 jurisdidtim

362 2496 471 2542 fides,
505 2495 728 2548 provinciae,
766 2494 873 2540 socii,
909 2494 1066 2547 imperii
1100 2493 1198 2539 laus,
1230 2507 1287 2533 res
1322 2494 1520 2540 militaris,
1552 2493 1742 2533 aerarium.
