2076 2860
373 190 455 241 484
709 185 1434 226 ORATIONUM

434 288 596 341 IDEM]
629 288 739 342 Qid
759 288 867 326 enim
886 287 991 326 mihi
1011 296 1208 326 certamen
1239 287 1292 326 est
1322 301 1416 326 cum
1440 287 1676 334 accusatore,
1706 298 1775 328 aut

378 357 580 396 contentio
600 357 613 393 ?

435 420 595 472 loma]
629 421 711 472 Qi
742 420 964 459 commodis
996 421 1136 474 populi
1157 421 1333 460 Romani
1362 421 1500 474 lingua
1518 421 1711 461 duntaxat
1731 434 1775 459 ac

379 488 579 526 voluntate
601 486 813 526 consuluit.

436 551 596 605 loma]
631 554 858 606 Expelleret
878 567 900 590 a
921 553 1250 606 dispensantibus.

435 618 598 671 IDEM]
632 620 704 657 Sed
725 620 771 657 ad
792 621 932 658 urbem
954 620 1108 658 dierum
1130 629 1206 658 tres
1228 619 1391 658 fuerunt
1411 620 1699 674 complurium.

436 685 598 737 IDEM]
630 686 765 736 Qam
786 687 995 739 diligentes
1016 686 1210 726 libertatis
1232 700 1299 725 vos
1320 696 1499 740 oporteat
1519 686 1606 724 effe.

437 751 599 803 IDEM]
623 752 663 790 Si
683 767 751 792 vos
768 754 887 806 hujus
908 753 1087 793 fortunas
1104 767 1324 807 paucorum
1339 753 1431 792 odio
1447 753 1779 806 adjudicaveritis.

775 886 1008 930 REMQJA
1053 897 1108 920 Ex
1150 886 1389 921 Ascomo.

442 989 558 1028 Num
587 989 628 1027 in
658 1003 718 1035 eo,
750 990 820 1042 qui
848 990 922 1028 smt
949 989 992 1028 hi
1020 989 1148 1035 testes,
1179 989 1394 1029 haefitatis?
1427 990 1516 1042 Ego
1537 989 1648 1028 vobis
1670 988 1784 1027 edam

386 1055 501 1094 duos.
534 1055 698 1109 Reliqui
728 1055 817 1094 sunt
844 1055 891 1094 de
920 1056 1191 1094 consularibus
1220 1055 1377 1093 inimici
1405 1055 1623 1093 tribunitiae
1649 1054 1781 1107 potes-

387 1121 494 1160 tatis.
527 1121 648 1160 Pauci
678 1131 862 1174 praeterea
892 1121 1137 1161 assentatores
1169 1134 1308 1161 eorum
1335 1129 1453 1174 atque
1480 1120 1624 1159 affeclae
1651 1120 1784 1159 subse-

389 1196 583 1239 quuntur.

447 1252 534 1298 Sed,
566 1252 592 1290 fi
624 1251 871 1291 familiariter
891 1266 938 1290 ex
967 1252 1206 1304 QCatulo,
1239 1251 1517 1304 sapientiffimo
1538 1250 1637 1296 viro,
1668 1254 1787 1304 atque

388 1316 684 1363 humaniffimo,
718 1318 851 1356 velim,
875 1331 1061 1371 quaerere,
1093 1317 1220 1355 utrius
1256 1316 1416 1355 tandem
1451 1316 1527 1355 tibi
1561 1315 1786 1356 tribunatus

391 1384 525 1422 minus
555 1383 712 1437 probari
743 1383 883 1437 potest,
917 1385 966 1423 C.
991 1383 1185 1430 Cornelii,
1216 1397 1280 1430 an,
1312 1396 1392 1422 non
1424 1382 1555 1421 dicam
1582 1383 1629 1421 P.
1654 1376 1790 1437 Sulpi-

390 1450 459 1495 cii,
490 1463 570 1488 non
601 1451 650 1489 L.
675 1450 890 1496 Saturnini,
923 1464 1002 1488 non
1036 1451 1084 1489 C.
1111 1449 1301 1496 Gracchi,
1333 1463 1413 1488 non
1440 1448 1625 1494 Tiberii;
1658 1450 1790 1488 nemi-

392 1530 499 1562 nem,
530 1529 650 1568 quem
682 1516 743 1554 isti
776 1516 1003 1555 seditiosum
1031 1516 1271 1562 existimant,
1304 1516 1548 1561 nominabo,-
1582 1515 1647 1553 sed
1667 1529 1791 1555 avun-

394 1582 474 1620 culi
497 1583 569 1628 tui,
601 1583 835 1635 QCatule,
859 1583 1059 1622 clariffimi
1079 1584 1291 1636 patriaeque
1312 1582 1564 1622 amantiffimi
1584 1582 1673 1628 viri,
1694 1582 1792 1635 quid

395 1647 496 1686 mihi
518 1648 677 1687 tandem
697 1648 973 1703 responsurum
994 1650 1142 1703 putatis
1161 1650 1175 1686 ?

546 1787 707 1826 PoST
755 1789 1051 1827 xx.VERs.
1099 1801 1132 1828 A
1179 1800 1639 1828 PRAECEDENTI.

453 1897 592 1950 Qid?
614 1900 831 1937 avunculus
854 1908 961 1945 tuus,
983 1899 1214 1952 clariffimus
1236 1900 1308 1945 vir,
1332 1899 1542 1938 clariffimo
1563 1907 1686 1952 patre,
1709 1911 1794 1944 avo,

398 1964 630 2017 majoribus,
661 1964 792 2010 credo,
826 1964 994 2011 filontio,
1026 1964 1181 2004 favente
1209 1964 1432 2010 nobilitate,
1465 1964 1578 2003 nullo
1608 1964 1796 2002 interces-

399 2032 482 2069 sore
516 2040 762 2084 comparato,
793 2032 944 2086 populo
979 2032 1168 2071 Romano
1203 2031 1334 2077 dedit,
1366 2041 1404 2070 et
1438 2031 1798 2085 potentissimorum

399 2097 614 2136 hominum
653 2097 832 2151 collegiis
872 2098 1045 2152 eripuit,
1082 2098 1397 2152 cooptandorum
1437 2097 1682 2137 sacerdotum
1722 2111 1795 2151 po-

401 2163 594 2203 testatem.

920 2294 1277 2343 SEQUITUR.

460 2406 571 2460 Qid
590 2408 603 2445 ?
635 2406 741 2445 idem
762 2407 968 2446 Domitius
991 2408 1055 2446 M.
1080 2408 1273 2453 Silanum,
1304 2407 1551 2448 consularem
1573 2406 1798 2452 hominem,

405 2473 742 2525 quemadmodum
763 2473 946 2513 tribunus
969 2473 1097 2527 plebis
1118 2475 1288 2514 vexavit.
