2076 2860
735 143 876 183 PRO
938 141 1001 180 M.
1065 137 1327 178 CAELIO.
1665 146 1738 186 ¹05

330 257 369 287 et
390 255 545 301 quantae
567 244 700 297 fruges
723 242 922 281 industriae
944 240 1019 278 s1nt
1040 238 1198 278 futurae.
1232 236 1398 276 Etenim
1424 235 1575 288 semper
1596 247 1743 287 magno

332 313 492 366 ingenio
513 311 776 350 adolescentes
799 305 1023 346 refrenandi
1044 305 1180 358 potius
1198 317 1218 341 a
1233 303 1374 356 gloria,
1392 316 1513 356 quam
1531 300 1740 343 incitandi,

331 379 494 418 fuerunt
513 394 522 417 ι
555 375 796 431 amputanda
819 375 934 428 plura
954 373 1044 411 sunt
1065 372 1127 410 illi
1148 371 1251 410 aetati
1267 401 1278 417 ‚
1311 369 1504 423 fiquidem
1534 366 1743 407 efflorescit

332 446 484 499 ingenii
506 444 706 488 laudibus,
729 456 851 495 quam
872 439 1089 478 inserenda.
1123 440 1270 491 Qare,
1294 437 1320 475 fi
1343 437 1409 475 cui
1430 436 1606 474 nimium
1626 433 1742 472 effer-

333 513 426 552 viffe
446 512 603 551 videtur
622 511 743 563 hujus
765 509 827 547 vel
849 509 889 546 in
912 505 1169 560 suscipiendis
1198 505 1259 543 vel
1291 505 1332 542 in
1354 503 1535 557 gerendis
1564 497 1744 540 inimici—

334 581 401 620 tiis
422 581 496 626 vis,
518 578 718 623 ferocitas,
742 575 982 630 pertinacia3
1002 574 1027 612 fi
1045 587 1166 626 quem
1181 572 1301 610 etiam
1319 571 1583 609 minimorum
1600 567 1747 607 horum

334 646 488 701 aliquid
519 644 702 689 offendit,
736 644 761 682 fi
795 656 978 696 purpurae
1011 653 1160 693 genus,
1194 639 1219 676 fi
1249 638 1471 676 amicorum
1501 645 1687 681 catervae,
1720 635 1747 673 fi

337 714 534 768 splendor,
567 713 593 750 si
615 712 721 749 nitor
740 726 748 749 :
777 711 862 763 jam
884 708 953 746 ista
973 706 1239 750 deferverint3
1268 705 1353 757 jam
1375 713 1464 742 aetas
1486 702 1635 748 omnia,
1662 703 1748 755 jam

337 780 407 819 ista
426 780 525 825 dies,
556 777 766 830 mitigarit.

354 863 361 864 ’
393 846 574 885 XXXII.
608 843 844 882 Conservate
866 841 990 893 igitur
1011 838 1256 892 reipublicae,
1275 836 1453 888 judices,
1472 835 1601 874 civem
1624 835 1748 872 bona-

340 927 429 952 rum
450 912 620 956 artium‚
654 911 848 948 bonarum
870 907 1044 960 partium
1058 935 1068 951 ,
1103 906 1303 943 bonorum
1324 904 1516 941 virorum.
1551 902 1751 940 Promitto

338 980 416 1019 hoc
437 979 572 1024 vobis,
604 987 643 1015 et
664 976 894 1030 reipublicae
916 974 1088 1027 spondeo
1102 1003 1112 1018 ,
1146 973 1171 1010 fi
1194 971 1314 1009 modo
1336 984 1406 1009 nos
1430 970 1499 1023 ipsi
1522 968 1752 1022 reipublicae

340 1045 618 1090 satisfecimus,
638 1057 844 1097 nunquam
861 1041 970 1079 hunc
987 1054 1007 1078 a
1021 1039 1161 1078 nostris
1176 1038 1396 1076 rationibus
1413 1037 1634 1089 sejunfmm
1651 1034 1751 1073 fore.

340 1113 463 1166 Qod
483 1127 578 1151 cum
599 1110 723 1149 fretus
746 1109 874 1148 nostra
894 1107 1163 1146 familiaritate
1184 1105 1379 1158 promitto
1393 1134 1403 1149 ‚
1437 1112 1525 1141 tum
1546 1101 1655 1155 quod
1677 1101 1753 1139 du-

341 1180 497 1220 riffimis
521 1179 556 1218 se
577 1178 658 1232 ipse
679 1177 835 1229 legibus
852 1177 937 1228 jam
958 1173 1162 1226 obligarit.
1206 1172 1351 1224 Neque
1372 1170 1481 1208 enim
1503 1167 1629 1222 potest
1643 1198 1652 1213 ‚
1686 1167 1756 1221 qui

341 1246 552 1285 hominem
572 1244 819 1283 consularem
834 1272 846 1287 ‚
877 1240 985 1294 quod
1012 1240 1060 1278 ab
1083 1253 1128 1277 eo
1150 1237 1442 1291 rempublicam
1472 1235 1662 1273 violatam
1692 1234 1755 1271 di-

344 1323 450 1352 ceret
465 1343 475 1358 ,
508 1313 548 1350 in
566 1311 769 1364 judicium
798 1310 947 1348 vocarit
962 1338 973 1354 ,
1006 1307 1087 1360 ipse
1107 1306 1179 1344 esse
1202 1306 1242 1343 in
1265 1304 1469 1357 republica
1491 1303 1588 1340 civis
1611 1300 1755 1339 turbu-

345 1381 476 1420 lentus
496 1395 505 1419 :
539 1393 619 1418 non
649 1377 776 1432 potest
791 1407 802 1423 ‚
835 1377 905 1430 qui
926 1375 1081 1414 ambitu
1104 1387 1152 1412 ne
1173 1372 1401 1411 absolutum
1423 1369 1588 1424 quidem
1609 1369 1759 1422 patitur

345 1447 419 1487 effe
439 1446 683 1491 absolutum,
707 1444 787 1499 Ipse
808 1445 974 1497 impune
995 1454 1174 1495 unquam
1195 1439 1268 1478 effe
1289 1437 1467 1490 largitor.
1494 1436 1630 1474 Habet
1652 1449 1672 1472 a
1693 1434 1757 1473 M.

347 1515 473 1555 Caelio
504 1513 739 1567 respublica,
772 1511 950 1564 Judices,
983 1509 1077 1548 duas
1108 1506 1389 1550 accusationes,
1422 1504 1482 1541 vel
1505 1502 1656 1541 obfides
1687 1515 1759 1554 pe·

348 1582 480 1627 riculi‚
513 1581 574 1618 vel
596 1581 763 1633 pignora
783 1577 1015 1616 voluntatis,
1050 1577 1182 1626 Qare
1203 1587 1272 1611 oro
1294 1571 1545 1623 obtestorque
1567 1583 1650 1614 vos,
1684 1569 1759 1620 Ju-

349 1647 455 1685 dices
472 1676 481 1691 ‚
515 1654 559 1683 ut
575 1675 585 1691 ,
617 1658 695 1698 qua
726 1644 764 1681 in
788 1642 946 1681 civitate
968 1640 1103 1694 paucis
1125 1638 1187 1677 his
1211 1637 1349 1675 diebus
1373 1637 1462 1674 Sex.
1498 1634 1667 1673 Clodius
1689 1633 1760 1671 ab-

351 1714 501 1753 solutus
533 1712 578 1750 sit
592 1741 603 1758 ,
636 1724 757 1764 quem
778 1723 845 1748 vos
868 1722 937 1762 per
959 1707 1169 1745 biennium
1190 1714 1257 1742 aut
1278 1703 1505 1742 ministrum
1528 1701 1732 1740 seditionis
1750 1730 1760 1745 2

351 1790 418 1820 aut
438 1780 598 1824 ducem,
630 1777 811 1822 vidisti83
845 1776 915 1828 qui
936 1773 1033 1812 aedes
1057 1773 1193 1817 sacras,
1226 1771 1296 1824 qui
1319 1769 1481 1808 censum
1503 1768 1645 1821 populi
1677 1768 1761 1806 Ro-

351 1846 475 1893 mani,
497 1845 568 1898 qui
590 1843 825 1883 memoriam
846 1841 1068 1895 publicam,
1093 1839 1169 1877 suis
1191 1837 1376 1876 manibus
1399 1834 1603 1880 incendit,
1627 1833 1764 1872 homi-

352 1928 446 1953 nem
476 1913 553 1952 fine
583 1925 637 1957 re,
671 1911 749 1949 fine
777 1909 868 1955 fide,
901 1909 979 1947 fine
1002 1908 1080 1960 spe,
1114 1906 1192 1944 fine
1214 1904 1313 1949 sede,
1348 1904 1426 1942 sine
1448 1902 1649 1947 fortunis,
1683 1914 1763 1946 ore,

353 1981 505 2033 lingua,
537 1991 674 2023 manu,
697 1977 778 2015 vita
798 1975 927 2020 omni,
954 1974 1209 2026 inquinatum
1228 1987 1236 2009 :
1271 1971 1341 2022 qui
1364 1969 1496 2007 Catuli
1521 1981 1763 2006 monumen-

353 2057 443 2087 tum
464 2044 623 2091 affiixit,
645 2057 776 2082 meam
798 2042 964 2080 domum
985 2040 1123 2085 diruit,
1147 2039 1227 2077 mei
1248 2037 1379 2076 fratris
1402 2034 1608 2080 incendit;
1633 2034 1702 2087 qui
1726 2034 1765 2071 in

356 2113 522 2158 Palatio,
540 2121 658 2164 atque
676 2111 716 2148 in
734 2109 842 2147 urbis
860 2108 1003 2153 oculis,
1024 2106 1178 2144 servitia
1197 2104 1244 2142 ad
1265 2103 1428 2147 caedem,
1452 2111 1490 2140 ct
1513 2101 1766 2139 inflamman-

356 2180 448 2218 dam
469 2179 624 2222 urbem,
648 2176 829 2214 incitavit
847 2190 854 2213 :
880 2175 920 2212 in
937 2187 979 2212 ea
995 2173 1155 2212 civitate
1173 2185 1220 2210 ne
1237 2169 1442 2224 patiamini
1468 2168 1586 2206 illum
1608 2167 1765 2205 absolu-

356 2255 446 2284 tum
476 2243 665 2282 muliebri
695 2241 833 2294 gratia,
866 2241 930 2278 M.
956 2239 1128 2278 Caelium
1159 2236 1319 2275 libidini
1354 2234 1540 2273 muliebri
1564 2232 1763 2271 condona-

360 2321 469 2356 tum3
494 2324 542 2348 ne
558 2309 693 2347 eadem
709 2308 854 2346 mulier
870 2321 965 2345 cum
983 2306 1050 2344 suo
1071 2306 1258 2357 conjuge,
1282 2314 1319 2340 et
1341 2301 1474 2346 fratre,
1500 2299 1767 2352 turpiffimum

360 2379 556 2417 latronem
576 2375 756 2428 eripuifl‘e
772 2405 781 2421 ‚
802 2384 854 2413 ‘et
873 2373 1188 2413 honestissimum
1210 2369 1498 2408 adolescentem
1521 2365 1739 2420 oppresliss'e
1757 2394 1767 2408 ‚

359 2443 552 2483 videatur.

444 2510 483 2548 T
497 2522 520 2547 o
538 2520 589 2547 M.
623 2507 695 2545 VI.
1428 2501 1463 2534 ‹)
