2076 2860
722 197 871 235 PRO
932 193 1273 234 MILONE.
1622 207 1696 245 203

299 300 463 339 ⁴Milone
485 298 684 336 dicentem
705 298 878 350 impetus
905 295 1030 334 faetus
1061 295 1142 339 est3
1175 309 1261 347 quae
1284 303 1369 332 tuin
1393 307 1470 331 non
1494 292 1613 330 modo
1635 306 1704 330 oc-

306 365 419 409 cafio,
437 364 500 401 sed
517 364 635 401 etiam
653 362 777 407 causa,
797 362 904 399 illius
922 359 1175 414 opprimendi
1195 359 1297 398 fuit?
1322 359 1464 410 Nuper
1484 372 1589 403 vero,
1612 371 1706 396 cum

307 431 370 469 M.
395 430 596 468 Antonius
628 428 823 466 summam
854 427 962 480 spem
993 427 1125 464 salutis
1157 426 1272 463 bonis
1294 425 1481 463 omnibus
1503 424 1705 467 attulisset,

306 495 648 549 graviffimamque
668 494 889 532 adolescens
912 492 1174 530 nobiliffimus
1197 492 1424 543 reipublicae
1446 499 1596 543 partem
1624 489 1706 528 for-

309 562 449 600 tiffime
471 560 704 614 suscepisset,
737 571 853 613 atque
874 560 985 597 illam
1008 558 1196 603 belluam,
1223 558 1368 610 judicii
1395 557 1554 610 laqueos
1583 557 1707 595 decli-

310 637 484 673 nantem,
511 628 595 680 jam
616 627 808 664 irretitam
831 634 1005 669 teneret;
1039 624 1108 677 qui
1130 624 1256 667 locus,
1284 623 1390 676 quod
1413 633 1569 675 tempus
1592 623 1707 666 illud,

311 695 381 733 Dii
402 693 668 732 immortales!
693 691 798 730 fuit?
821 705 915 729 cum
937 691 972 728 se
993 690 1060 728 ille
1081 688 1238 741 fugiens
1260 690 1299 726 in
1322 688 1511 726 scalarum
1534 689 1710 726 tenebras

309 760 529 804 abdidiffet,
562 773 752 811 magnum
783 758 933 796 Miloni
962 756 1042 794 fuit
1071 755 1264 794 conficere
1294 754 1406 792 illam
1434 754 1579 807 pestem
1603 755 1711 793 nulla

311 827 377 864 sua
416 826 591 870 invidia,
623 825 794 862 Antonii
828 837 919 861 vero
954 823 1128 860 maxima
1161 820 1317 872 gloria?
1361 820 1503 873 Qid?
1536 821 1711 858 comitiis

313 893 353 930 in
385 906 526 945 campo
554 891 709 944 quoties
736 889 901 943 potestas
935 887 1045 926 fuit?
1078 900 1173 924 cum
1201 887 1269 924 ille
1301 887 1339 924 vi
1372 887 1412 924 in
1447 886 1551 939 septa
1578 887 1711 924 irruis-

315 959 382 1003 set,
414 957 564 1011 gladios
598 955 914 1008 destringendos,
946 952 1094 1006 lapides
1122 952 1325 1005 jaCIendos
1358 952 1541 997 curafl‘et,
1574 952 1715 990 deinde

314 1024 468 1068 subito,
500 1022 613 1061 vultu
636 1022 805 1060 Milonis
827 1020 1055 1073 perterritus
1070 1049 1080 1064 ‚
1112 1018 1267 1071 fugeret
1288 1019 1335 1057 ad
1356 1019 1539 1057 Tiberim
1555 1049 1564 1063 ‚
1588 1032 1655 1057 vos
1678 1029 1715 1057 et

313 1104 451 1130 omnes
473 1090 568 1128 boni
589 1098 679 1127 vota
698 1087 892 1132 faceretis,
925 1096 969 1124 ut
991 1086 1142 1124 Miloni
1163 1087 1221 1124 uti
1244 1086 1388 1124 virtute
1411 1086 1475 1123 sua
1495 1085 1636 1123 liberet
1655 1087 1667 1123 ?

371 1158 486 1195 XVI.
511 1158 645 1208 Qem
667 1156 790 1208 igitur
810 1168 905 1192 cum
925 1153 1110 1192 omnium
1130 1153 1253 1205 gratia
1273 1153 1428 1197 noluit;
1462 1151 1570 1190 hunc
1591 1152 1719 1190 voluit

315 1237 412 1262 cum
428 1223 654 1276 aliquorum
672 1221 852 1274 querela?
869 1234 989 1273 quem
1001 1220 1105 1272 jure,
1124 1232 1245 1272 quem
1267 1219 1370 1263 loco,
1389 1232 1509 1271 quem
1527 1227 1717 1271 tempore,

317 1303 438 1342 quem
459 1290 638 1342 impune,
662 1302 741 1326 non
762 1287 815 1326 est
835 1287 969 1331 ausus;
993 1285 1102 1324 hunc
1123 1286 1281 1339 injuria,
1303 1286 1444 1338 iniquo
1466 1285 1570 1330 loco,
1592 1285 1721 1323 alieno

317 1365 524 1409 tempore,
556 1354 734 1408 periculo
769 1353 936 1406 capitis,
969 1366 1048 1390 non
1083 1352 1281 1390 dubitavit
1311 1351 1522 1390 occidere?
1557 1352 1719 1390 Praeser-

317 1423 408 1467 tim,
432 1420 608 1473 Judices,
631 1435 725 1459 cum
746 1419 908 1459 honoris
929 1418 1157 1472 ampliffimi
1178 1418 1397 1462 contentio,
1430 1427 1468 1455 et
1489 1417 1570 1455 dies
1592 1418 1720 1455 comi-

318 1489 469 1527 tiorum
485 1517 496 1533 ,
529 1487 692 1526 subeffet
711 1503 720 1525 :
754 1500 834 1539 quo
856 1486 1019 1539 quidem
1042 1495 1218 1538 tempore
1243 1485 1341 1537 (scio
1362 1484 1493 1528 enim,
1526 1497 1646 1536 quam
1669 1484 1721 1521 ti-

316 1555 428 1593 mida
455 1554 500 1592 fit
528 1553 721 1597 ambitio,
753 1561 978 1605 quantaque
1008 1560 1047 1588 et
1076 1564 1197 1602 quam
1217 1550 1387 1587 sollicita
1406 1548 1602 1601 cupiditas
1624 1562 1724 1587 con-

324 1618 488 1668 sulatus)
512 1618 670 1661 omnia,
703 1630 782 1655 non
814 1616 934 1654 modo
964 1629 1050 1668 quae
1078 1613 1311 1667 reprehendi
1334 1614 1462 1666 palam
1478 1643 1488 1658 ‚
1521 1613 1584 1651 sed
1605 1614 1726 1652 etiam

323 1700 410 1739 quae
440 1685 604 1723 obscure
634 1683 800 1736 cogitari
830 1682 1011 1735 poss‘unt,
1044 1682 1261 1726 timemus5
1295 1693 1516 1725 rumorem,
1548 1679 1727 1718 fabulam

325 1751 476 1796 falsam,
499 1750 644 1794 fies-am,
668 1750 810 1793 levem,
834 1746 1188 1800 perhorrescimus;
1212 1759 1278 1784 ora
1293 1746 1476 1784 omnium
1493 1754 1610 1798 atque
1626 1759 1726 1784 ocu-

324 1817 383 1855 los
404 1817 622 1856 intuemur.
667 1814 787 1853 Nihil
817 1814 926 1852 enim
947 1812 1000 1851 est
1022 1822 1101 1851 tam
1123 1812 1245 1850 molle
1261 1841 1270 1857 ‚
1305 1821 1385 1849 tam
1407 1821 1587 1849 tenerum
1603 1841 1614 1857 ‚
1648 1821 1728 1851 tam

324 1893 392 1922 aut
411 1882 551 1935 fragile
566 1911 577 1927 ‚
609 1891 676 1919 aut
703 1880 878 1919 flexibile
894 1909 904 1925 ,
936 1892 1057 1932 quam
1078 1878 1260 1916 voluntas
1281 1891 1371 1930 erga
1392 1891 1461 1916 nos
1478 1906 1489 1922 ,
1522 1877 1729 1931 sensusque

324 1950 503 1988 civium:
537 1948 606 2001 qui
637 1961 716 1986 non
746 1947 866 1985 modo
896 1945 1144 1999 improbitati
1172 1945 1391 1983 irascuntur
1412 1944 1726 1989 candidatorum,

326 2015 390 2055 sed
410 2015 529 2053 etiam
550 2014 590 2052 in
612 2015 713 2052 reste
734 2012 845 2051 saetis
867 2012 963 2065 saepe
984 2010 1201 2049 fastidiunt.

383 2082 508 2119 Hunc
529 2080 635 2118 diem
657 2079 780 2131 igitur
800 2078 932 2130 campi
953 2077 1149 2130 speratum
1166 2086 1282 2128 atque
1300 2086 1530 2128 exoptatum
1548 2076 1618 2114 fibi
1635 2089 1729 2128 pro-

330 2160 480 2199 ponens
502 2146 624 2191 Milo,
647 2145 822 2182 cruentis
844 2144 1027 2182 manibus
1050 2143 1172 2181 scelus
1195 2152 1232 2180 et
1255 2141 1407 2180 facinus
1429 2157 1506 2195 prce
1530 2142 1564 2179 se
1585 2141 1729 2187 ferens,

331 2222 371 2250 et
397 2211 615 2255 confitens,
647 2210 695 2247 ad
727 2210 795 2248 illa
825 2209 984 2262 augusta
1015 2209 1282 2247 centuriarum
1315 2208 1485 2260 auspicia
1518 2208 1729 2245 veniebat?

333 2290 454 2329 quam
482 2275 559 2313 hoc
593 2289 671 2313 non
702 2275 892 2313 credibile
921 2275 962 2313 in
992 2273 1102 2312 hoc?
1134 2287 1253 2327 quam
1284 2273 1390 2311 idem
1421 2274 1461 2310 in
1485 2273 1630 2311 Clodio
1651 2286 1729 2310 non

333 2341 615 2386 dubitandum,
647 2342 743 2394 quin
766 2342 905 2386 seille,
938 2340 1145 2379 interfecto
1174 2340 1346 2384 Milone,
1379 2348 1632 2391 regnaturum
1654 2353 1729 2390 pu-

337 2409 465 2447 taret?
499 2407 609 2458 Qid
629 2408 641 2444 ?
673 2408 780 2460 quod
801 2416 919 2459 caput
940 2407 1107 2445 audaciae
1129 2406 1195 2451 est,
1229 2406 1388 2456 Judices
1408 2424 1418 2449 ;
1452 2406 1539 2456 quis
1565 2406 1730 2455 ignorat,

332 2473 553 2513 maximam
574 2472 800 2511 illecebram
821 2472 893 2511 effe
912 2472 1102 2525 peccandi
1133 2471 1382 2523 impunitatis
1406 2470 1511 2521 spem
1533 2471 1543 2507 ?
1578 2470 1622 2507 In
1647 2478 1734 2508 utro

1293 2536 1326 2573 C
1357 2548 1377 2572 c
1411 2547 1431 2571 2
