2076 2860
737 131 1314 184 PHILIPPICA
1381 128 1415 166 I.
1698 119 1770 160 281

377 247 621 307 languerem,
653 257 691 286 et
724 245 912 285 mihimet
943 239 1221 292 displicerem;
1253 230 1356 275 mifi,
1389 240 1458 282 pro
1489 223 1677 267 amicitia,
1710 220 1781 274 qui

378 322 457 360 hoc
477 321 512 358 ei
534 318 694 356 diceret.
739 313 795 350 At
823 310 891 348 ille
905 338 917 353 ‚
948 306 1061 344 vobis
1082 299 1334 341 audientibus
1351 326 1361 341 ,
1393 308 1487 333 cum
1507 291 1629 330 fabris
1651 288 1687 326 se
1708 287 1780 324 do-

381 400 496 427 mum
516 396 645 422 meam
666 388 879 418 venturum
899 373 971 412 esse
992 371 1108 409 dixit.
1140 365 1276 406 Nimis
1298 360 1484 401 iracunde
1503 358 1581 397 hoc
1603 353 1781 408 quidem,

383 462 423 492 et
451 449 562 489 valde
595 449 916 497 intemperanter.
949 438 1076 489 Cujus
1109 433 1218 472 enim
1250 426 1436 468 maleficii
1469 423 1538 462 ista
1569 433 1685 475 poena
1715 418 1782 462 est,

383 529 430 558 ut
451 517 580 555 dicere
601 515 642 552 in
662 512 739 550 hoc
761 508 898 548 ordine
918 504 1076 543 auderet
1091 530 1101 546 ‚
1134 500 1170 538 se
1200 495 1373 551 publicis
1394 492 1523 546 operis
1545 486 1786 527 disturbatu-

389 598 480 624 rum
501 581 662 640 publice
683 592 730 616 ex
752 576 904 614 senatus
922 568 1113 610 sententia
1128 564 1359 604 aedificatam
1375 557 1571 597 domurn?
1595 553 1698 605 Qis
1720 564 1789 589 au«

391 662 473 690 tem
493 660 670 701 unquam
692 653 800 682 tanto
822 641 966 678 damno
985 636 1203 674 senatorem
1224 627 1383 680 coegit?
1411 633 1476 662 aut
1497 621 1595 675 quid
1616 619 1669 658 est
1690 617 1793 655 ultra

391 720 553 772 pignus,
584 722 651 752 aut
671 710 841 750 multam
860 708 872 744 ?
949 703 989 740 ui
1010 702 1037 740 fi
1058 699 1196 743 scisset,
1220 708 1339 748 quam
1362 689 1594 730 sententiam
1617 685 1791 723 dicturus

390 784 524 826 essem,
555 777 755 819 remisisset
775 771 926 825 aliquid
947 766 1123 822 profedm
1143 764 1191 802 de
1211 760 1411 800 severitate
1433 753 1616 808 cogendi.

452 850 526 887 VI.
551 848 615 885 An
638 858 701 883 me
722 840 901 883 censetis,
921 837 1053 874 Patres
1075 827 1304 881 conscripti,
1323 823 1431 878 quod
1450 835 1518 860 vos
1535 818 1652 858 inviti
1674 813 1797 854 secuti

393 915 511 959 estis,
544 913 795 950 decreturum
826 903 961 947 fuifi‘e‚
994 909 1038 939 ut
1071 894 1283 951 parentalia
1313 904 1407 929 cum
1441 881 1797 941 supplicationibus

399 982 658 1022 miscerentur
677 978 689 1014 ?
723 984 767 1012 ut
794 968 1052 1024 inexpiabiles
1074 963 1283 1015 religiones
1306 960 1346 997 in
1369 953 1658 1008 rempublicam
1679 948 1799 987 indu-

398 1047 607 1088 cerentur?
632 1053 676 1083 ut
695 1042 996 1080 decernerentur
1016 1030 1322 1086 supplicationes
1344 1022 1529 1063 mortuo?
1553 1017 1673 1058 Nihil
1695 1015 1800 1058 dico,

395 1117 483 1156 cui.
507 1112 645 1153 Fuerit
664 1110 734 1149 ille
755 1109 804 1146 L.
829 1107 990 1147 Brutus,
1009 1100 1079 1154 qui
1099 1107 1138 1136 et
1158 1095 1239 1149 ipse
1259 1093 1368 1145 regio
1384 1089 1590 1128 dominatu
1612 1081 1803 1136 rempub-

403 1184 524 1222 licam
544 1178 740 1221 liberavit‚
763 1183 802 1212 et
822 1171 870 1210 ad
889 1169 1058 1208 similem
1079 1165 1284 1205 virtutem,
1316 1167 1356 1197 et
1377 1155 1501 1195 simile
1522 1152 1686 1194 fletum,
1716 1147 1818 1186 stir-›

403 1262 500 1302 pem
515 1248 600 1299 jam
620 1255 742 1297 prope
764 1242 804 1277 in
825 1232 1188 1290 quingentesimum
1208 1238 1358 1265 annum
1381 1218 1634 1276 propagavit:
1666 1212 1809 1252 adduci

408 1326 542 1354 tamen
564 1325 643 1350 non
664 1308 824 1362 poffem,
855 1313 899 1341 ut
920 1311 1162 1354 quemquam
1183 1302 1390 1333 mortuum
1411 1288 1696 1340 conjungerem
1715 1293 1811 1318 cum

356 1402 358 1405 ’
407 1378 701 1421 >immortalium
722 1372 912 1425 religione
931 1384 939 1407 :
973 1376 1017 1406 ut
1032 1396 1043 1411 ‚
1075 1365 1188 1416 cujus
1217 1358 1443 1412 sepulcrum
1460 1352 1658 1405 vnusquam
1677 1355 1810 1390 extet,

409 1448 483 1487 ubi
504 1452 730 1499 parentetur
744 1469 756 1485 ,
787 1439 822 1476 ei
843 1434 1005 1489 publice
1025 1429 1283 1483 supplicetur.
1330 1425 1419 1475 Ego
1439 1433 1530 1458 vero
1550 1430 1636 1456 eam
1656 1414 1813 1453 senten-

413 1515 512 1553 tiam
532 1510 727 1552 dixifi'em,
751 1507 882 1544 Patres
903 1496 1132 1549 conscripti,
1160 1503 1204 1531 ut
1225 1505 1289 1530 me
1309 1487 1487 1528 adversus
1509 1482 1707 1538 populum
1727 1480 1814 1517 Ro-

412 1591 582 1619 manum
597 1605 607 1621 ‚
640 1575 666 1612 fi
687 1573 757 1625 qui
777 1565 974 1607 accidiffet
994 1562 1147 1616 gravior
1168 1555 1395 1609 reipublicae
1415 1551 1522 1589 casus
1539 1579 1550 1594 ,
1583 1548 1609 1586 fi
1635 1545 1788 1584 bellum
1803 1572 1815 1587 ‚

414 1646 447 1685 sl
467 1643 645 1685 morbus,
677 1639 703 1677 fi
725 1636 863 1678 fames,
895 1630 1010 1669 facile
1032 1626 1178 1681 possem
1199 1619 1406 1661 defendere
1425 1633 1434 1655 :
1467 1629 1553 1669 quae
1574 1612 1718 1666 partim
1735 1611 1820 1662 jam

422 1711 527 1754 sunt,
550 1706 694 1761 partim
717 1702 838 1740 timeo
860 1711 907 1735 ne
928 1692 1196 1747 impendeant.
1231 1685 1304 1725 Sed
1323 1684 1400 1722 hoc
1422 1679 1627 1734 ignoscant
1648 1676 1719 1714 Dii
1739 1675 1820 1712 im-

422 1774 607 1816 mortales
639 1770 786 1812 velim,
817 1775 856 1803 et
884 1761 1034 1816 populo
1065 1759 1275 1798 Romano,
1307 1751 1378 1804 qui
1409 1748 1450 1786 id
1479 1760 1559 1785 non
1589 1742 1753 1798 probat,
1784 1748 1824 1778 et

423 1843 519 1882 huic
540 1837 685 1882 ordini,
717 1834 787 1887 qui
808 1828 981 1869 decrevit
1002 1825 1166 1864 invitus.

481 1905 594 1960 Qid
614 1904 661 1942 de
677 1899 840 1953 reliquis
856 1893 1084 1948 reipublicae
1100 1888 1214 1928 malis
1229 1888 1241 1925 ?
1265 1886 1411 1923 licetne
1427 1881 1554 1919 dicere
1569 1880 1581 1916 ?
1605 1874 1716 1915 Mihi
1735 1886 1826 1911 vero

425 1975 538 2020 iicet,
563 1980 603 2010 et
623 1971 774 2021 semper
793 1963 948 2006 licebit,
971 1958 1208 2011 dignitatem
1228 1951 1344 1995 tueri,
1368 1956 1537 1987 mortem
1559 1952 1826 1983 contemnere.

430 2039 601 2081 Potestas
631 2034 752 2075 modo
780 2027 965 2070 veniendi
997 2026 1038 2063 in
1069 2022 1179 2061 hunc
1210 2019 1346 2057 locum
1375 2015 1448 2059 fit;
1481 2008 1639 2051 dicendi
1672 2005 1828 2060 pericu-

430 2109 519 2147 lum
539 2118 619 2144 non
640 2098 789 2141 recuso,
834 2097 969 2147 Atque
994 2091 1152 2130 *utinam
1168 2117 1178 2133 ,
1212 2086 1343 2124 Patres
1369 2078 1609 2131 conscripti,
1643 2070 1831 2112 Kalendis

435 2170 651 2211 Sextilibus
673 2163 794 2204 adeffe
815 2158 1023 2215 potuiffem
1042 2156 1050 2194 l
1084 2167 1164 2193 non
1192 2165 1272 2205 quo
1294 2147 1434 2203 profici
1456 2143 1629 2198 potuerit
1649 2136 1828 2191 aliquid;

438 2238 501 2278 sed
529 2250 578 2274 ne
605 2245 706 2272 unus
727 2229 847 2268 modo
867 2222 1106 2267 consularis,
1137 2217 1245 2273 quod
1275 2226 1363 2254 tum
1387 2211 1557 2255 accidit,
1589 2207 1732 2259 dignus
1763 2201 1834 2240 illo

436 2306 602 2345 honore,
625 2299 768 2350 dignus
791 2292 1006 2348 republica,
1029 2287 1286 2327 inveniretur.
1306 2283 1397 2332 Qa
1412 2277 1575 2331 quidem
1591 2288 1638 2311 ex
1660 2285 1699 2310 re
1720 2281 1832 2319 mag-

439 2384 539 2410 num
560 2365 712 2418 accipio
739 2362 942 2405 dolorem,
974 2356 1156 2396 homines
1173 2382 1182 2398 ,
1215 2346 1462 2402 ampliffimis
1491 2340 1630 2396 populi
1664 2333 1837 2374 Romani

442 2433 645 2477 beneficiis
682 2428 768 2467 usos
786 2457 798 2474 ‚
835 2428 885 2467 L.
921 2423 1106 2464 Pisonem
1144 2418 1286 2457 ducem
1321 2412 1481 2466 optimae
1522 2403 1719 2445 sententiae
1759 2411 1837 2437 non

524 2502 668 2540 TOM.
702 2495 776 2534 VI.
1439 2474 1479 2512 N
1512 2486 1535 2509 n
