2076 2860
577 138 1343 180 CONSULARIBUS.
1597 151 1672 189 109

255 240 422 285 incuria,
448 238 568 285 fame,
591 239 748 283 morbo,
771 237 947 285 vastitate
968 235 1222 289 consumpti:
1251 246 1310 282 ut,
1332 236 1440 288 quod
1460 235 1514 274 est
1535 236 1669 289 indig-

254 307 473 352 niffimum,
505 306 630 345 scelus
664 306 914 359 imperatoris
947 305 989 342 in
1022 308 1182 357 poenam
1215 305 1411 343 exercitus
1445 306 1669 357 expetitum

253 374 327 412 effe
346 373 540 412 videatur.
583 374 719 426 Atque
740 371 842 410 hanc
863 371 1162 417 Macedoniam,
1196 371 1359 410 domitis
1377 372 1461 424 jam
1481 372 1669 424 gentibus

255 439 438 478 finitimis
457 469 468 486 ,
506 439 770 492 Barbariaque
805 437 1021 491 compreffa
1035 467 1046 483 ,
1083 447 1261 491 pacatam
1296 438 1421 491 ipsam
1456 453 1526 492 per
1560 439 1596 477 se
1631 450 1669 477 et

255 506 448 558 quietam,
467 506 577 544 tenui
599 504 776 558 praefidio
798 514 916 557 atque
933 505 1075 556 exigua
1091 518 1226 549 manu,
1244 505 1364 542 etiam
1385 504 1463 542 fine
1484 505 1668 558 imperio,

253 585 324 625 per
343 572 509 625 legatos,
533 574 697 611 nomine
718 571 802 625 ipso
822 571 965 625 populi
986 572 1160 609 Romani
1183 572 1417 610 tuebamur:
1437 586 1524 625 quae
1546 587 1668 618 nunc,

254 639 452 677 consulari
473 639 642 693 imperio
663 649 782 691 atque
803 638 995 683 exercitu,
1019 639 1074 676 ita
1094 648 1230 676 vexata
1250 638 1318 683 est,
1342 639 1409 676 vix
1432 649 1476 676 ut
1498 639 1534 677 se
1555 641 1671 693 poffit

255 705 444 753 diuturna
478 720 574 760 pace
609 719 779 744 recreare
798 721 807 744 ε
845 719 940 743 cum
972 706 1121 743 interea
1152 705 1241 757 quis
1275 705 1445 744 vestrum
1477 705 1555 744 hoc
1589 722 1668 746 non

255 771 408 810 audivit
422 802 433 817 ,
466 773 556 826 quis
589 773 746 825 ignorat
762 802 772 817 ,
810 770 979 810 Achaeos
1013 772 1220 822 ingentem
1253 772 1464 824 pecuniam
1501 773 1671 825 pendere

257 839 306 877 L.
331 839 464 877 Pisoni
486 839 732 892 quotannis?
766 838 933 890 veetigal
963 851 1006 875 ac
1037 838 1263 890 portorium
1294 837 1671 890 Dyrrhachinorum

257 914 390 944 totum
409 906 451 943 in
472 904 592 958 hujus
615 906 732 943 unius
754 903 948 957 quaestum
968 903 1040 942 effe
1062 904 1295 943 conversum
1313 907 1325 943 ?
1350 906 1489 944 urbem
1512 907 1669 958 Byzan-

257 971 433 1017 tiorum,
465 971 578 1010 vobis
611 981 729 1025 atque
761 970 857 1009 huic
890 971 1059 1024 imperio
1092 970 1379 1017 fideliffimam,
1411 971 1597 1011 hostilem
1629 975 1670 1012 in

255 1037 425 1076 modum
456 1037 530 1076 effe
558 1039 770 1076 vexatam?
803 1051 885 1091 quo
913 1037 997 1083 ille,
1029 1037 1282 1090 posteaquam
1316 1037 1419 1076 nihil
1448 1041 1671 1093 exprimere

256 1103 304 1142 ab
325 1104 550 1157 egentibus,
573 1103 677 1143 nihil
695 1104 776 1143 ulla
791 1104 831 1142 vi
847 1117 867 1141 a
882 1103 1033 1142 miseris
1050 1112 1299 1156 extorquere,
1319 1106 1466 1157 potuit,
1486 1105 1669 1145 cohortes

255 1171 298 1209 in
318 1169 487 1210 hiberna
506 1172 612 1210 misit
631 1187 640 1211 ε
673 1171 736 1216 his
758 1171 985 1225 praeposuit,
1013 1185 1113 1224 quos
1135 1173 1289 1225 putavit
1312 1172 1395 1211 fore
1416 1173 1669 1226 diligentiffi-

256 1251 344 1276 mos
366 1238 551 1277 satellites
573 1239 779 1284 scelerum,
803 1238 1003 1277 ministros
1025 1238 1294 1292 cupiditatum
1316 1239 1488 1279 suarum.
1509 1242 1670 1280 Omitto

251 1304 572 1358 jurisdictionem
593 1307 634 1345 in
655 1306 780 1345 libera
799 1307 959 1346 civitate
980 1316 1118 1345 contra
1141 1307 1247 1360 leges
1263 1337 1274 1352 ,
1307 1307 1537 1361 senatusque
1570 1323 1669 1348 con-

258 1371 386 1411 sulta:
420 1373 542 1412 caedes
576 1374 786 1426 relinquo,
819 1373 1007 1412 libidines
1030 1384 1245 1427 praetereo:
1280 1388 1449 1426 quarum
1470 1377 1667 1414 acerbiffi-

257 1452 372 1477 mum
391 1449 499 1478 extat
519 1440 716 1479 indicium
732 1470 743 1486 ‚
775 1450 817 1479 et
836 1440 882 1478 ad
903 1440 1098 1493 insignem
1118 1442 1354 1479 memoriam
1381 1443 1640 1494 turpitudinis
1657 1473 1668 1488 ,

258 1514 298 1544 et
317 1519 418 1559 pene
438 1507 485 1544 ad
500 1507 653 1559 justum
674 1507 834 1560 imperii
856 1506 977 1545 nostri
1001 1494 1168 1552 οάἰωῇ,
1201 1507 1308 1560 quod
1342 1508 1491 1546 constat
1507 1538 1519 1553 ,
1551 1510 1670 1547 nobi-

258 1571 418 1610 liffimas
439 1573 612 1625 virgines
635 1573 671 1611 se
692 1574 733 1610 in
754 1582 894 1625 puteos
917 1573 1110 1625 abjeciffe,
1142 1582 1180 1610 et
1208 1583 1335 1611 morte
1357 1574 1578 1612 voluntaria
1599 1590 1669 1613 ne-

259 1636 457 1676 cessariam
490 1638 782 1691 turpitudinem
815 1637 1018 1690 depulisse.
1071 1639 1160 1676 Nec
1195 1637 1278 1676 haec
1312 1639 1462 1678 idcirco
1495 1642 1641 1680 omitto
1657 1672 1667 1686 ,

259 1702 369 1756 quod
388 1717 469 1742 non
490 1704 711 1756 graviffima
730 1704 820 1749 fint,
852 1703 916 1741 sed
937 1705 1030 1757 quia
1051 1718 1158 1742 nunc
1181 1704 1259 1742 fine
1282 1705 1374 1743 teste
1396 1705 1500 1744 dico.

316 1770 390 1809 IV.
425 1770 555 1823 Ipsam
575 1784 667 1808 vero
689 1771 829 1808 urbem
851 1771 1138 1822 Byzantiorum
1158 1770 1271 1809 fuiffe
1293 1771 1581 1811 refertiffimam
1609 1783 1669 1812 at-

259 1849 336 1889 que
352 1837 634 1876 ornatiffimam
651 1837 784 1890 fignis,
801 1838 890 1890 quis
908 1837 1087 1890 ignorat?
1107 1852 1194 1891 quae
1210 1839 1287 1884 illi,
1304 1839 1482 1878 exhausti
1499 1840 1668 1894 sumpti-

261 1903 334 1942 bus
357 1903 551 1957 bellisque
571 1905 774 1950 maximis,
805 1918 898 1943 cum
920 1903 1223 1944 Mithridaticos
1246 1906 1435 1959 impetus,
1458 1916 1672 1960 totumque

260 1970 438 2010 Pontum
453 1980 664 2017 armatum,
683 1971 1002 2010 effervescentem
1018 1973 1059 2009 in
1077 1972 1224 2018 Afiam,
1243 1983 1361 2026 atque
1377 1984 1668 2026 erumpentem,

260 2050 360 2090 aegre
376 2038 593 2091 repulsum,
611 2047 650 2076 et
666 2038 887 2076 cervicibus
905 2039 1165 2077 interclusum
1183 2039 1275 2085 suis,
1295 2040 1546 2087 sustinerent,
1568 2052 1670 2087 turn,

261 2104 426 2156 inquam
441 2133 452 2150 ,
486 2105 697 2156 Byzantii,
729 2113 768 2142 et
790 2104 919 2156 postea
939 2105 1046 2157 figna
1066 2105 1134 2143 illa
1149 2136 1160 2151 ,
1189 2116 1228 2144 et
1250 2107 1401 2160 reliqua
1422 2107 1531 2145 urbis
1554 2122 1669 2146 orna-

262 2179 410 2216 menta,
443 2171 675 2209 sanetiffime
695 2170 902 2216 custodita,
936 2180 1163 2211 tenuerunt.
1192 2174 1254 2212 Te
1275 2175 1511 2226 imperatore
1533 2174 1669 2213 infeli-

263 2235 414 2286 ciffimo
431 2246 470 2275 et
487 2238 704 2282 teterrimo,
724 2237 927 2276 Caesonine
946 2238 1144 2284 Calventi,
1161 2239 1298 2278 civitas
1320 2241 1458 2286 libera,
1472 2250 1511 2278 et
1532 2242 1671 2293 proxi-

266 2302 343 2340 mis
377 2302 453 2340 suis
490 2302 692 2341 beneficiis
726 2318 746 2341 a
778 2304 911 2343 senatu
951 2315 989 2343 et
1029 2318 1050 2343 a
1083 2306 1234 2359 populo
1270 2308 1454 2345 Romano
1490 2307 1668 2353 liberata,

266 2367 317 2406 fic
338 2367 501 2420 spoliata
520 2378 638 2422 atque
658 2369 803 2408 nudata
823 2371 890 2415 est,
914 2380 973 2416 ut,
997 2371 1068 2409 nisi
1095 2373 1145 2410 C.
1169 2373 1380 2424 Virgilius,
1413 2373 1580 2425 legatus,
1613 2375 1672 2412 vir

266 2433 381 2473 fortis
414 2444 452 2473 et
485 2436 675 2474 innocens
690 2465 702 2483 ‚
735 2436 1000 2475 intervenisset
1015 2466 1029 2488 ξ
1059 2451 1186 2477 unum
1220 2439 1374 2491 fignum
1408 2440 1592 2491 Byzantii
1623 2453 1673 2479 ex
