2076 2860
460 226 538 264 206
930 219 1373 257 ORATIO

463 323 686 363 occidifl‘et:
722 333 836 358 nemo
857 320 891 357 ci
914 319 1071 371 neganti
1094 332 1169 356 non
1199 317 1432 362 credidiffet,
1464 331 1582 370 quem
1611 317 1682 355 esse
1709 330 1847 355 omnes

464 391 635 433 salvum,
667 388 783 424 etiam
816 385 1095 428 confitentem,
1129 385 1282 422 volunt.
1319 383 1560 421 sustinuisset
1592 382 1668 420 hoc
1698 383 1848 420 crimen

464 456 638 508 primum
655 452 733 504 ipse
755 451 821 489 ille
843 451 1041 487 latronum
1062 450 1280 487 occultator
1300 458 1338 487 et
1360 458 1575 501 receptator
1595 449 1720 492 locus,
1753 448 1850 485 dum

465 533 589 571 neque
622 527 732 555 muta
764 516 933 553 solitudo
965 515 1178 559 indicasset,
1211 529 1336 567 neque
1368 528 1467 552 caeca
1498 528 1576 552 nox
1608 513 1848 557 ostendisset,

465 585 691 622 Milonem:
726 581 888 625 deinde,
921 581 989 618 ubi
1022 581 1140 617 multi
1172 580 1219 617 ab
1253 580 1322 617 illo
1354 580 1503 624 violati,
1535 579 1704 631 spoliati,
1736 578 1850 616 bonis

464 648 611 701 expulsi
629 678 638 692 ‚
672 647 790 684 multi
812 647 930 683 etiam
951 644 1033 683 haec
1056 645 1238 682 timentes
1255 674 1264 689 ,
1298 644 1337 681 in
1360 644 1620 696 suspicionem
1641 642 1822 681 caderent
1840 657 1849 681 :

466 724 547 752 tota
567 714 736 765 denique
758 725 818 749 rea
838 712 1024 749 citaretur
1046 710 1216 748 Etruria.
1251 711 1385 761 Atque
1407 710 1477 747 illo
1506 710 1569 747 die
1595 718 1698 746 certe
1720 708 1855 746 Aricia

465 780 615 818 rediens
648 779 814 816 devertit
846 777 1011 814 Clodius
1043 776 1089 813 ad
1122 776 1339 813 Albanum.
1374 774 1493 826 Qod
1515 775 1584 812 nisi
1606 774 1718 811 sciret
1746 773 1853 811 Milo

467 846 583 884 illum
605 845 747 883 Ariciae
767 842 892 887 fuisse,
925 842 1106 894 suspicari
1129 850 1256 879 tamen
1278 840 1430 885 debuit,
1453 854 1559 885 eum,
1581 841 1699 877 etiam
1721 839 1747 877 fi
1769 839 1854 876 Ro-

469 925 575 949 mam
595 910 666 948 illo
683 910 744 947 die
766 909 904 946 reverti
921 907 1052 952 vellet,
1075 907 1121 944 ad
1137 906 1273 944 villam
1294 906 1415 951 suam,
1434 919 1519 958 quae
1540 906 1644 943 viam
1665 911 1854 956 tangeret,

471 976 733 1015 deversurum.
755 976 837 1013 Cur
859 988 984 1026 neque
1004 982 1092 1011 ante
1113 972 1299 1017 occurrit,
1319 986 1365 1009 ne
1386 972 1453 1009 ille
1475 973 1514 1009 in
1536 971 1629 1009 villa
1649 970 1855 1016 refideret;

471 1056 542 1081 nec
563 1057 608 1080 eo
629 1043 669 1079 in
690 1041 779 1079 loco
800 1039 984 1083 subsedit,
1017 1052 1096 1091 quo
1117 1038 1184 1076 ille
1206 1039 1324 1075 ηοξὶιι
1344 1047 1530 1075 venturus
1551 1036 1641 1074 effet
1660 1037 1672 1073 ?

526 1107 654 1146 Video
681 1105 808 1143 adhuc
836 1104 1007 1142 constare
1038 1103 1197 1148 omnia,
1229 1101 1417 1153 Judices:
1452 1101 1602 1139 Miloni
1622 1101 1739 1139 etiam
1762 1099 1860 1137 utile

472 1173 584 1211 fuiffe
607 1171 797 1210 Clodium
818 1170 967 1214 vivere3
1000 1169 1061 1206 illi
1082 1168 1128 1206 ad
1155 1182 1197 1206 ea
1212 1197 1222 1213 ,
1254 1182 1340 1220 quae
1360 1168 1612 1219 concupierat
1626 1196 1637 1211 ‚
1669 1164 1860 1218 optatiffi-

473 1252 585 1276 mum
606 1237 812 1275 interitum
834 1235 1002 1272 Milonis
1021 1250 1030 1272 z
1054 1234 1191 1272 odium
1212 1232 1323 1270 fuisse
1344 1232 1452 1270 illius
1474 1232 1513 1269 in
1535 1231 1643 1270 hunc
1664 1229 1860 1269 acerbiffi-

474 1318 608 1349 mum,
627 1305 666 1341 in
690 1303 805 1340 illum
821 1301 939 1352 hujus
958 1300 1135 1338 nullum:
1159 1297 1485 1337 consuetudinem
1504 1297 1612 1334 illius
1633 1305 1863 1349 perpetuam

475 1373 516 1409 in
537 1371 574 1408 vi
596 1368 823 1412 inferenda,
855 1366 973 1418 hujus
996 1375 1152 1403 tantum
1172 1365 1212 1402 in
1235 1363 1482 1416 repellenda:
1514 1371 1685 1401 mortem
1713 1362 1761 1400 ab
1791 1361 1864 1400 illo

475 1435 744 1474 denuntiatam
767 1432 942 1476 Miloni,
975 1441 1012 1468 et
1038 1430 1262 1483 praedictam
1283 1429 1438 1481 palam3
1472 1427 1574 1465 nihil
1597 1441 1772 1480 unquam
1793 1440 1863 1464 au-

476 1502 605 1539 ditum
626 1515 672 1538 ex
695 1499 870 1537 Milone:
890 1496 1143 1549 profetffionis
1164 1495 1282 1547 hujus
1300 1494 1405 1532 diem
1427 1493 1486 1531 illi
1509 1502 1669 1538 notum,
1694 1493 1866 1531 reditum

476 1567 584 1605 illius
606 1565 700 1603 huic
722 1565 905 1616 ignotum
925 1561 1061 1599 fuiffe:
1085 1560 1204 1613 hujus
1226 1560 1299 1597 iter
1321 1558 1594 1603 necessarium,
1618 1558 1725 1595 illius
1746 1558 1865 1596 etiam

478 1633 609 1685 potius
631 1631 823 1668 alienum:
847 1627 954 1665 hunc
972 1641 1048 1679 prae
1065 1626 1100 1664 se
1118 1625 1258 1670 tuliffe,
1277 1625 1313 1662 se
1329 1625 1400 1662 illo
1415 1624 1477 1662 die
1494 1625 1624 1662 Roma
1638 1624 1838 1662 exiturum
1852 1641 1865 1668 ς

478 1699 595 1736 illum
616 1710 662 1734 eo
682 1696 744 1733 die
765 1695 800 1732 se
816 1692 1062 1731 diffimulaffe
1082 1691 1324 1730 rediturum:
1344 1689 1452 1728 hunc
1469 1689 1617 1728 nullius
1635 1690 1689 1727 rei
1705 1688 1867 1728 mutaffe

480 1763 708 1805 confilium;
733 1760 848 1797 illum
865 1758 1017 1796 causam
1035 1757 1215 1795 mutandi
1236 1756 1388 1794 consilii
1409 1755 1579 1794 finxiffe:
1603 1753 1713 1800 huic,
1731 1755 1757 1793 fi
1775 1755 1867 1792 infi-

480 1829 664 1881 diaretur,
688 1827 841 1863 ηοᾶὶειτι
864 1836 984 1875 prope
1004 1823 1143 1860 urbem
1163 1821 1466 1872 exped'candam5
1490 1821 1566 1865 illi,
1584 1821 1702 1858 etiam
1719 1820 1744 1857 fi
1761 1819 1869 1858 hunc

483 1908 561 1932 non
584 1893 739 1930 timeret
755 1920 765 1935 ‚
798 1899 926 1928 tamen
948 1887 1136 1927 acceffum
1158 1886 1205 1924 ad
1233 1886 1370 1924 urbem
1391 1887 1630 1923 noeturnum
1650 1884 1762 1923 fuiffe
1784 1898 1869 1922 me-

485 1958 690 1998 tuendum.
1051 1947 1054 1950 ’

541 2026 632 2063 ΧΧ.
668 2022 879 2060 Videamus
911 2034 1016 2059 nunc
1048 2020 1086 2057 id
1102 2049 1112 2065 ‚
1144 2018 1250 2072 quod
1271 2028 1387 2070 caput
1408 2018 1461 2056 est
1479 2033 1487 2056 :
1520 2018 1631 2055 locus
1652 2016 1698 2054 ad
1719 2016 1872 2055 infidias

484 2093 552 2130 ille
573 2090 666 2143 ipse,
690 2089 757 2126 ubi
779 2087 966 2139 congreffi
988 2086 1090 2130 sunt,
1115 2086 1191 2123 utri
1213 2084 1370 2122 tandem
1390 2083 1509 2122 fuerit
1530 2085 1670 2136 aptior.
1700 2083 1745 2121 Id
1766 2096 1871 2127 vero,

486 2157 661 2209 Judices,
693 2155 810 2191 etiam
832 2152 1109 2196 dubitandum,
1141 2161 1179 2189 et
1200 2150 1349 2188 diutius
1374 2150 1631 2202 cogitandum
1651 2148 1703 2186 est
1723 2149 1735 2186 ?
1768 2149 1875 2186 Ante

486 2221 659 2261 fundum
681 2219 814 2257 Clodii
833 2234 841 2257 ε
874 2232 954 2271 quo
976 2218 1015 2255 in
1037 2216 1162 2255 fundo
1176 2246 1186 2262 ,
1219 2226 1377 2268 propter
1398 2215 1546 2253 insanas
1568 2214 1653 2253 illas
1676 2213 1873 2252 substruc-

489 2288 628 2331 tiones,
661 2285 776 2323 facile
796 2284 906 2322 mille
927 2282 1138 2321 hominum
1159 2281 1378 2319 versabatur
1398 2281 1629 2318 valentium.
1664 2279 1784 2318 Edito
1805 2278 1874 2317 ad-

488 2351 641 2392 versarii
672 2359 788 2402 atque
820 2348 971 2387 excelso
1003 2348 1092 2385 loco
1122 2346 1358 2399 superiorem
1387 2345 1421 2383 se
1452 2344 1534 2384 fore
1561 2345 1723 2398 putabat
1754 2343 1873 2388 Milo,

489 2430 527 2458 et
557 2419 608 2456 ob
638 2429 723 2455 earn
753 2429 835 2454 rem
863 2428 954 2453 eum
984 2414 1118 2452 locum
1147 2413 1193 2450 ad
1218 2425 1392 2465 pugnam
1413 2412 1656 2464 potiffimum
1677 2409 1875 2462 elegerat?

486 2499 536 2524 an
571 2485 609 2522 in
643 2496 688 2521 eo
719 2481 808 2520 loco
839 2480 892 2518 est
924 2480 1056 2533 potius
1082 2480 1306 2532 expectatus
1327 2478 1374 2517 ab
1395 2491 1456 2524 eo,
1487 2477 1557 2531 qui
1577 2477 1694 2530 ipsius
1715 2475 1792 2514 loci
1812 2473 1877 2527 spe
