2076 2860
1015 203 1244 259 [404]

1086 403 1102 438 1
1153 403 1189 439 N

495 615 615 689 Μ.
725 610 1782 686 ANTONIUM

782 835 1358 874 PHILIPPICA
1443 834 1495 872 X.

445 1028 477 1065 Ι.
646 1026 682 1064 A
700 1025 736 1062 X
756 1025 772 1063 I
790 1024 839 1062 M
856 1025 893 1062 A
911 1025 933 1062 S
966 1024 1056 1070 tibi,
1089 1022 1223 1068 Pansa,
1255 1022 1396 1075 gratias
1422 1034 1558 1059 omnes
1580 1031 1618 1059 et
1639 1021 1780 1060 habere
1800 1032 1839 1061 et

661 1104 771 1143 agere
792 1090 1010 1128 debemus:
1044 1089 1129 1141 qui,
1162 1102 1255 1126 cum
1284 1087 1475 1125 hodierno
1504 1087 1566 1125 die
1593 1087 1771 1125 senatum
1802 1097 1840 1126 te

442 1159 674 1198 habiturum
696 1171 774 1195 non
796 1157 1101 1200 arbitraremur,
1134 1164 1178 1192 ut
1211 1155 1275 1193 M.
1299 1155 1428 1199 Bruti,
1461 1153 1758 1206 praestantiffimi
1780 1155 1839 1192 ci-

442 1227 515 1271 vis,
548 1226 677 1263 literas
700 1222 895 1275 accepisti,
928 1236 976 1260 ne
997 1222 1207 1259 minimam
1229 1220 1391 1273 quidem
1413 1234 1565 1258 moram
1585 1220 1841 1272 interposuis-

444 1293 490 1336 ti,
522 1292 619 1343 quin
642 1302 760 1342 quam
782 1289 958 1341 primum
980 1287 1155 1325 maximo
1176 1285 1322 1338 gaudio
1345 1295 1384 1323 et
1408 1285 1670 1337 gratulatione
1690 1285 1842 1324 fruere·-

444 1372 548 1396 mur.
580 1358 687 1395 Cum
708 1354 858 1392 fanum
879 1351 995 1391 tutim
1015 1362 1172 1405 gratum
1193 1352 1381 1390 omnibus
1403 1351 1519 1389 debet
1539 1351 1626 1397 effe,
1645 1361 1733 1391 tum
1752 1365 1843 1391 vero

444 1424 583 1468 oratio,
616 1435 706 1476 qua,
739 1420 910 1459 recitatis
931 1420 1072 1464 literis,
1105 1418 1194 1457 usus
1223 1432 1277 1457 es.
1320 1417 1534 1457 Declarasti
1565 1419 1672 1457 enim
1705 1432 1843 1457 verum

444 1489 516 1528 effe
549 1489 610 1534 id,
643 1487 751 1541 quod
781 1500 855 1540 ego
886 1486 1037 1540 semper
1070 1485 1185 1531 senfi,
1218 1485 1420 1523 neminem
1452 1484 1632 1529 alterius,
1666 1485 1736 1537 qui
1768 1485 1843 1524 suae

445 1555 674 1600 confideret,
707 1554 846 1593 virtuti
867 1552 1056 1591 invidere.
1095 1553 1234 1605 Itaque
1254 1550 1371 1597 mihi,
1403 1551 1474 1605 qui
1495 1550 1679 1604 plurimis
1700 1551 1843 1590 officiis

445 1621 532 1660 sum
562 1635 656 1659 cum
690 1621 813 1658 Bruto
844 1630 884 1658 et
916 1620 1090 1657 maxima
1120 1617 1388 1656 familiaritate
1420 1618 1677 1670 conjunftus,
1709 1617 1843 1655 minus

446 1688 577 1726 multa
598 1688 644 1726 de
664 1687 736 1725 illo
757 1686 923 1724 dicenda
943 1685 1033 1724 sunt
1051 1701 1060 1725 ε
1088 1699 1184 1738 quas
1205 1685 1312 1723 enirn
1334 1683 1435 1722 mihi
1456 1684 1536 1737 ipse
1557 1692 1684 1737 partes
1706 1683 1844 1737 sump-

447 1754 583 1798 seram,
616 1766 676 1791 eas
699 1753 885 1805 praecepit
906 1753 1030 1790 oratio
1053 1760 1132 1790 tua.

505 1817 578 1870 Sed
599 1816 715 1862 mihi,
749 1817 881 1855 Patres
903 1816 1133 1869 conscripti,
1157 1815 1419 1854 neceffitatem
1440 1815 1575 1854 attulit
1595 1816 1713 1869 paulo
1733 1815 1846 1868 plura

448 1883 607 1922 dicendi
639 1883 830 1920 sententia
861 1884 970 1934 ejus,
1003 1883 1072 1935 qui
1105 1891 1262 1934 rogatus
1294 1882 1347 1919 est
1379 1891 1468 1919 ante
1500 1895 1590 1920 me:
1629 1895 1650 1919 a
1680 1895 1760 1934 quo
1791 1883 1846 1919 ita

450 1950 546 2002 saepe
567 1948 763 1993 dissentio,
796 1957 839 1985 ut
855 1948 940 1999 jam
961 1944 1104 1992 verear,
1137 1961 1199 1992 ne,
1232 1947 1272 1984 id
1293 1947 1400 2000 quod
1421 1947 1587 1985 minime
1610 1947 1692 1985 fieri
1713 1947 1844 1993 debet,

449 2016 628 2053 minuere
658 2013 875 2051 amicitiam
903 2012 1073 2051 nostram
1103 2012 1278 2050 videatur
1307 2022 1494 2065 perpetua
1523 2012 1713 2051 diffenfio.
1747 2014 1847 2064 Qae

448 2081 502 2120 est
522 2081 630 2119 enim
651 2079 720 2117 ista
740 2089 805 2117 tua
825 2079 937 2123 ratio,
972 2079 1131 2124 Calene,
1163 2093 1248 2132 quae
1270 2093 1395 2124 mens,
1428 2079 1498 2131 qui
1527 2092 1732 2131 nunquam
1762 2079 1846 2132 post

453 2146 647 2186 Kalendas
670 2147 757 2196 Jan.
781 2145 887 2183 idem
910 2145 1081 2191 senseris,
1113 2145 1220 2198 quod
1253 2146 1299 2190 is,
1332 2146 1401 2197 qui
1433 2156 1471 2183 te
1501 2145 1732 2183 sententiam
1763 2146 1846 2198 pri-

452 2226 565 2251 mum
587 2213 723 2264 rogat?
755 2224 825 2248 cur
848 2224 1050 2263 nunquam
1073 2220 1151 2248 tam
1173 2209 1358 2263 frequens
1382 2210 1533 2248 senatus
1554 2210 1648 2255 fuit,
1681 2219 1723 2248 ut
1746 2224 1846 2248 unus

451 2279 595 2331 aliquis
618 2287 726 2315 tuam
748 2276 981 2314 sententiam
1003 2277 1156 2314 secutus
1179 2277 1223 2314 fit
1243 2278 1254 2314 ?
1288 2291 1357 2314 cur
1388 2277 1536 2330 semper
1566 2278 1624 2315 tui
1647 2277 1846 2315 dissimiles

452 2344 663 2383 defendis?
695 2356 779 2387 cur,
811 2356 905 2380 cum
934 2351 971 2380 te
1000 2352 1038 2380 et
1066 2343 1144 2380 vita
1173 2351 1211 2379 et
1241 2341 1399 2380 fortuna
1430 2353 1495 2381 tua
1521 2342 1567 2380 ad
1594 2344 1722 2381 otium
1742 2352 1780 2380 et
1800 2342 1846 2379 ad

453 2411 689 2463 dignitatem
711 2409 865 2453 invitet,
897 2422 940 2446 ea
961 2409 1116 2461 probas,
1148 2422 1190 2446 ea
1210 2408 1401 2454 decernis,
1434 2424 1476 2448 ea
1497 2409 1629 2456 sentis,
1652 2423 1738 2462 quae
1759 2408 1847 2446 sunt

452 2477 616 2516 inimica
635 2485 673 2514 et
694 2476 776 2515 otio
797 2476 1018 2521 communi,
1050 2484 1087 2514 ct
1109 2474 1295 2528 dignitati
1318 2484 1391 2514 tuae
1412 2477 1424 2513 ?
