2076 2860
941 163 1172 217 [ηε]

956 362 1154 399 PRO

415 552 483 612 L.
537 552 1215 617 CORNELIO
1303 556 1690 615 BALBO

717 780 1070 819 ORATIO
1150 782 1381 822 XXXVI.

351 988 380 1025 Ι.
406 986 466 1033 Q
489 990 506 1026 1
543 990 788 1027 amstoritates
818 999 1077 1042 patronorum
1108 992 1148 1030 in
1173 993 1335 1045 judiciis
1358 994 1556 1039 valerent,
1589 995 1637 1032 ab
1658 1007 1743 1033 arn-

404 1030 472 1090 &
501 1054 680 1106 pliffimis
703 1055 793 1092 viris
816 1057 865 1094 L.
891 1058 1069 1095 Cornelii
1089 1058 1200 1096 causa
1221 1058 1376 1096 defensa
1403 1059 1484 1104 est;
1518 1060 1544 1098 si
1576 1060 1664 1098 usus
1680 1090 1691 1105 ,
1724 1074 1744 1098 a

346 1119 583 1170 peritiffimis
603 1139 612 1165 ;
646 1121 671 1158 fi
693 1121 864 1173 ingenia,
896 1123 943 1160 ab
965 1123 1289 1175 eloquentiffimis
1308 1143 1318 1169 3
1352 1125 1378 1162 fi
1404 1125 1540 1170 studia,
1573 1126 1620 1164 ab
1642 1126 1741 1164 ami-

346 1186 520 1231 ciffimis,
553 1197 590 1224 et
612 1201 704 1225 cum
727 1188 927 1227 beneficiis
949 1203 1043 1228 cum
1065 1191 1114 1228 L.
1140 1192 1340 1236 Cornelio,
1374 1202 1461 1229 tum
1483 1193 1655 1230 maxima
1683 1192 1744 1230 fa-

347 1251 592 1297 miliaritate,
625 1255 860 1306 conjumstis.
895 1256 994 1307 Qae
1017 1255 1105 1294 sunt
1127 1256 1248 1308 igitur
1268 1271 1363 1296 meae
1383 1267 1509 1310 partes
1530 1259 1542 1295 ?
1574 1259 1743 1296 auetori-

346 1318 434 1356 tatis
458 1328 592 1364 tantae,
626 1331 813 1371 quantam
834 1335 901 1359 vos
923 1322 961 1359 in
986 1336 1048 1360 me
1068 1322 1140 1360 effe
1161 1323 1336 1361 voluistis
1354 1354 1363 1369 ,
1396 1324 1485 1362 usus
1508 1324 1741 1371 mediocris,

345 1384 493 1436 ingenii
515 1385 680 1423 minime
701 1387 895 1425 voluntati
916 1389 1033 1440 paris.
1067 1389 1175 1427 Nam
1196 1390 1358 1435 caeteris,
1391 1404 1412 1427 a
1432 1389 1652 1442 quibus'est
1672 1391 1742 1429 de-

344 1449 490 1495 fensus,
523 1451 630 1489 hunc
653 1453 791 1490 debere
812 1454 1034 1506 plurimum
1054 1454 1167 1493 video
1186 1470 1194 1494 :
1227 1470 1315 1509 ego,
1348 1466 1543 1509 quantum
1564 1457 1600 1495 ei
1620 1458 1741 1496 debe-

343 1529 406 1554 am
421 1546 432 1561 ,
464 1517 539 1554 alio
561 1517 649 1555 loco
670 1518 883 1557 ostendam.
932 1520 1133 1573 Principio
1155 1522 1340 1560 orationis
1362 1521 1438 1560 hoc
1460 1536 1619 1575 oppono
1634 1552 1645 1567 ‚
1677 1537 1742 1562 me

343 1582 528 1620 omnibus
545 1612 555 1626 ,
588 1583 657 1635 qui
678 1584 796 1622 amici
816 1583 965 1622 fuerint
986 1585 1099 1623 saluti
1119 1595 1158 1624 et
1183 1586 1368 1639 dignitati
1397 1602 1492 1625 meae
1507 1618 1518 1633 ,
1551 1589 1577 1626 fi
1607 1588 1740 1627 minus

342 1647 541 1686 referenda
560 1650 683 1701 gratia
704 1649 919 1689 satisfacere
939 1652 1154 1704 potuerim,
1183 1662 1222 1690 at
1242 1653 1487 1706 praedicanda
1505 1662 1544 1692 et
1563 1652 1742 1694 habenda

341 1724 444 1752 certe
465 1715 552 1753 satis
574 1715 646 1753 effe
667 1715 877 1755 faelurum.

399 1782 498 1832 Qae
533 1780 653 1818 fuerit
687 1781 866 1820 hesterno
900 1783 962 1820 die
998 1784 1075 1821 Cn.
1101 1785 1281 1836 Pompeii
1316 1785 1482 1836 gravitas
1522 1786 1563 1824 in
1601 1787 1739 1825 dicen-

341 1846 414 1891 do,
447 1846 632 1897 JudiceS,
665 1861 751 1899 quae
783 1847 974 1893 facultas,
1007 1863 1092 1901 quae
1123 1850 1260 1901 copia,
1293 1864 1372 1888 non
1405 1851 1592 1903 opinione
1624 1853 1742 1890 tacita

341 1912 555 1950 vestrorum
575 1912 820 1958 animorum,
854 1913 916 1951 sed
937 1914 1139 1967 perspicua
1159 1915 1438 1961 admiratione,
1471 1916 1655 1955 declarari
1676 1917 1737 1956 vi-

341 1980 518 2018 debatur.
552 1979 669 2018 Nihil
691 1981 798 2018 enim
820 1995 995 2034 unquam
1016 1981 1160 2027 audivi,
1187 1982 1294 2035 quod
1315 1982 1416 2021 mihi
1438 1984 1484 2021 de
1499 1985 1588 2036 jure
1610 1984 1738 2023 subti-

341 2046 415 2083 lius
438 2045 516 2083 dici
536 2046 756 2091 videretur,
790 2046 891 2084 nihil
919 2048 964 2085 de
995 2048 1209 2094 memoria,
1242 2048 1288 2086 de
1309 2063 1417 2087 more
1433 2079 1443 2095 ,
1476 2050 1522 2088 de
1544 2051 1737 2103 exemplis

340 2111 492 2150 acutius
509 2142 518 2156 ,
553 2111 651 2149 nihil
683 2112 845 2164 peritius
877 2113 923 2150 de
944 2113 1158 2152 foederibus
1175 2144 1185 2159 ,
1218 2115 1318 2153 nihil
1339 2115 1546 2154 illustriore
1567 2118 1736 2155 austori-

342 2186 418 2215 tate
448 2178 494 2215 de
522 2178 651 2223 bellis,
684 2177 783 2216 nihil
816 2178 862 2216 de
892 2180 1094 2231 republica
1122 2181 1292 2232 gravius,
1326 2181 1426 2220 nihil
1458 2182 1504 2220 de
1534 2183 1616 2235 ipso
1646 2197 1734 2222 mo-

340 2243 481 2281 destius
498 2273 507 2287 ,
541 2243 641 2281 nihil
673 2244 718 2282 de
748 2245 858 2282 causa
885 2255 922 2282 et
944 2246 1109 2283 crimine
1130 2247 1318 2285 ornatius.
1367 2250 1425 2286 Ut
1442 2247 1546 2300 mihi
1562 2250 1646 2301 jam
1668 2264 1734 2287 ve-

340 2324 427 2347 rum
450 2310 624 2348 videatur
645 2311 745 2349 illud
766 2311 837 2348 effe
852 2341 862 2356 ‚
896 2311 1002 2364 quod
1025 2313 1235 2358 nonnulli,
1268 2314 1391 2352 literis
1416 2328 1459 2352 ac
1480 2315 1615 2353 studiis
1638 2315 1734 2354 doc-

340 2376 450 2414 trinae
471 2376 608 2422 dediti,
631 2377 734 2430 quasi
757 2377 945 2430 quiddam
962 2378 1193 2417 incredibile
1210 2380 1337 2418 dicere
1354 2382 1607 2434 putabantur,
1626 2397 1732 2428 eum,

337 2443 407 2494 qui
440 2456 577 2481 omnes
609 2443 741 2482 animo
773 2443 936 2483 virtutes
969 2445 1127 2497 penitus
1163 2446 1543 2498 comprehcndiffet,
1575 2448 1730 2492 omnia,
