2076 2860
669 130 809 168 PRO
871 129 937 168 M.
1000 130 1264 168 CAELIO.
1627 132 1678 185 87

263 241 313 266 ex
343 226 553 266 communi
583 225 749 264 infamia
770 225 996 279 juventutis
1017 225 1193 279 aliquam
1215 227 1407 266 invidiam
1431 229 1556 268 Caelio
1578 231 1679 269 velle

263 294 433 332 conflare
451 309 461 332 z
489 294 623 346 itaque
644 305 762 330 omne
783 291 886 330 illud
908 291 1126 338 filenfium,
1148 293 1257 346 quod
1278 293 1331 332 est
1352 295 1522 334 orationi
1546 297 1675 335 tribu-

262 369 351 398 tum
373 369 464 405 tuae,
482 358 562 397 fuit
583 359 634 397 ob
655 372 742 396 eam
763 357 934 403 causam,
957 358 1065 411 quod
1087 373 1167 397 uno
1190 374 1255 398 reo
1276 362 1476 414 propofito
1498 362 1545 401 de
1566 365 1675 402 mul-

261 435 397 464 torum
426 426 534 464 vitiis
565 425 856 478 cogitabamus.
902 425 1036 464 Facile
1057 425 1111 464 est
1130 428 1308 466 accusare
1330 428 1531 468 luxuriem
1552 446 1560 468 :
1594 431 1676 469 dies

255 494 341 546 jam
362 507 428 532 me
447 492 619 540 deficiet,
652 493 694 539 fi,
727 507 814 546 quae
845 492 925 531 dici
955 492 997 531 in
1027 507 1113 532 eam
1143 494 1378 534 sententiam
1400 497 1572 550 poffunt,
1606 513 1675 537 co-

260 573 331 598 ner
351 574 597 613 expromere.
643 561 706 599 De
727 560 981 613 corruptelis,
1014 560 1062 598 de
1083 561 1303 608 adulteriis,
1336 563 1382 601 de
1403 566 1674 617 protervitate,

260 625 308 664 de
330 626 573 680 sumptibus,
596 627 791 665 immensa
811 627 936 664 oratio
957 626 1010 665 est
1030 642 1037 665 :
1072 637 1116 665 ut
1139 628 1214 666 tibi
1237 642 1348 666 reum
1370 632 1588 676 neminem,
1613 632 1676 670 sed

259 692 356 730 vitia
370 723 381 738 ,
413 706 637 746 proponas5
671 707 729 731 res
762 701 894 730 tamen
916 692 997 746 ipsa
1017 702 1056 731 et
1077 693 1235 745 copiose
1254 704 1293 732 et
1313 696 1485 747 graviter
1504 698 1674 736 accusari

260 758 402 810 potest.
437 759 510 797 Sed
532 759 661 798 vestrae
684 759 881 812 sapientiae
901 758 955 796 est
970 788 981 804 ,
1014 759 1176 810 Judices
1193 789 1203 805 ‚
1236 774 1316 798 non
1343 761 1486 800 abduci
1509 763 1557 800 ab
1581 778 1644 801 reo
1663 780 1671 802 :

260 838 348 871 nec,
381 840 480 879 quos
503 826 658 864 aculeos
681 825 823 863 habeat
853 825 1032 863 severitas
1058 827 1304 880 gravitasque
1325 829 1460 874 vestra,
1493 843 1588 868 cum
1609 845 1674 870 eos

259 892 460 930 accusator
489 893 656 931 erexerit
689 892 730 930 in
765 905 872 937 rem,
905 892 947 929 in
980 892 1099 938 vitia,
1132 894 1173 931 in
1207 908 1335 932 mores
1350 925 1360 940 ‚
1394 896 1434 933 in
1470 905 1646 950 tempora
1661 929 1671 944 ,

259 959 440 996 emittere
461 958 501 996 in
522 957 746 1003 hominem,
769 966 808 996 et
829 959 870 996 in
893 972 1025 1003 reum,
1050 972 1144 997 cum
1166 960 1197 998 is
1215 974 1295 998 non
1319 961 1386 999 suo
1408 962 1591 1009 crimine,
1611 963 1674 1002 sed

259 1024 484 1063 multorum
499 1025 613 1070 vitio,
633 1025 733 1063 sitin
756 1024 958 1078 quoddam
970 1024 1109 1063 odium
1128 1026 1319 1079 injustum
1339 1037 1514 1068 vocatus.
1536 1031 1674 1083 Itaque

258 1090 452 1129 severitati
475 1101 565 1137 tuae,
590 1101 634 1130 ut
655 1101 826 1145 oportet,
859 1093 914 1130 ita
935 1091 1165 1145 respondere
1187 1107 1265 1132 non
1288 1094 1437 1134 audeo:
1465 1105 1544 1135 erat
1565 1098 1673 1135 enim

257 1172 393 1196 meum
415 1159 613 1212 deprecari
635 1160 881 1198 vacationem
912 1159 1182 1199 adolescentiae
1197 1190 1208 1206 ,
1241 1162 1478 1216 veniamque
1508 1172 1640 1216 petere
1660 1179 1668 1204 :

257 1238 353 1270 non,
387 1226 566 1278 inquam,
590 1227 714 1265 audeo
734 1242 742 1265 :
776 1225 970 1279 perfugiis
993 1241 1073 1265 non
1095 1236 1186 1265 utor
1207 1229 1330 1266 aetatis
1349 1244 1356 1267 :
1382 1230 1559 1268 concessa
1579 1245 1670 1270 om-

257 1291 375 1330 nibus
392 1292 482 1344 jura
502 1292 665 1331 dimitto
684 1309 692 1332 :
719 1302 875 1332 tantum
896 1304 1003 1347 pem,
1024 1304 1081 1340 ut,
1102 1294 1127 1332 fi
1145 1308 1223 1347 qua
1238 1295 1292 1333 est
1312 1296 1461 1334 invidia
1482 1311 1670 1336 commu-

256 1359 318 1397 nis
338 1358 416 1397 hoc
439 1369 615 1413 tempore
637 1361 720 1399 aeris
746 1361 879 1407 alieni,
911 1361 1156 1414 petulantiae,
1190 1362 1409 1401 libidinum
1426 1365 1668 1417 juventutis,

256 1439 377 1478 quam
409 1426 523 1465 video
555 1426 628 1465 effe
660 1441 861 1480 magnam,
895 1442 943 1466 ne
975 1427 1071 1466 huic
1104 1428 1231 1466 aliena
1259 1440 1434 1482 peccata,
1467 1445 1516 1468 ne
1546 1434 1669 1470 fetatis

256 1505 299 1530 ac
321 1502 550 1546 temporum
571 1495 680 1540 vitia,
714 1505 896 1533 noceant.
930 1496 1066 1548 Atque
1087 1509 1160 1547 ego
1182 1495 1303 1541 idem,
1336 1497 1405 1550 qui
1427 1496 1511 1536 haec
1532 1500 1669 1551 postu-

255 1559 296 1597 lo
310 1589 320 1604 ,
353 1561 451 1612 quin
473 1561 710 1600 criminibus
725 1592 735 1606 ,
767 1577 855 1614 quae
876 1563 918 1599 in
939 1561 1048 1599 hunc
1070 1562 1250 1600 nondum
1270 1565 1429 1615 proprie
1450 1564 1667 1603 conferun-

256 1635 335 1672 tur,
367 1626 664 1679 diligentissime
684 1628 953 1681 respondeam,
986 1642 1066 1666 non
1088 1629 1237 1668 recuso.

313 1694 432 1732 XIII.
467 1695 567 1731 Sunt
588 1704 720 1733 autem
741 1695 820 1733 duo
841 1696 1023 1740 crimina,
1057 1696 1156 1740 auri,
1189 1706 1228 1734 et
1255 1697 1395 1734 veneni
1415 1712 1423 1735 ε
1459 1697 1498 1735 in
1520 1698 1668 1750 quibus

258 1773 334 1798 una
355 1769 471 1812 atque
491 1760 626 1798 eadem
646 1761 809 1813 persona
833 1770 1010 1813 urgetur.
1044 1763 1203 1800 Aurum
1225 1762 1429 1814 sumptum
1452 1776 1472 1800 a
1494 1764 1664 1810 Clodia3

255 1839 451 1864 venenum
473 1827 696 1880 quaefitum,
720 1827 828 1880 quod
851 1828 1003 1866 Clodiae
1024 1827 1194 1874 daretur,
1218 1829 1379 1868 dicitur.
1406 1831 1557 1868 Omnia
1578 1831 1667 1870 sunt

254 1891 342 1938 alia,
366 1906 445 1930 non
468 1893 651 1938 crimina,
679 1893 743 1931 sed
764 1894 1114 1946 maledietajurgii
1135 1895 1350 1947 petulantis
1372 1897 1513 1948 magis,
1546 1911 1666 1949 quam

253 1958 425 2011 publicae
446 1959 685 2011 quaestionis.
718 1960 905 2005 Adulter,
928 1960 1172 2011 impudicus,
1196 1960 1403 2013 sequester,
1436 1963 1666 2002 convicium

252 2025 320 2070 est,
344 2039 422 2063 non
444 2026 639 2064 accusatio
658 2042 667 2065 :
701 2027 862 2065 nullum
883 2027 936 2065 est
956 2027 1065 2064 enim
1086 2026 1396 2066 fundamentum
1417 2029 1562 2067 horum
1583 2032 1663 2068 cri-

253 2092 426 2136 minum,
450 2093 559 2130 nulla
581 2092 684 2130 sedes
704 2107 712 2130 :
747 2106 860 2131 voces
883 2093 972 2131 sunt
994 2093 1306 2141 contumeliosae,
1329 2104 1475 2134 temere
1496 2096 1543 2134 ab
1566 2097 1665 2135 irato

253 2157 489 2204 accusatore,
523 2159 635 2197 nullo
657 2161 826 2205 aqure,
859 2160 1015 2199 emiffae.

312 2225 474 2263 Horum
502 2225 674 2264 duorum
702 2226 919 2265 criminum
947 2227 1061 2265 video
1085 2227 1241 2266 fontem
1257 2257 1267 2273 ,
1300 2228 1414 2266 video
1435 2230 1661 2275 auctorem,

255 2290 369 2328 video
390 2301 543 2329 certum
566 2306 727 2338 nomen,
751 2303 789 2331 et
810 2303 943 2346 caput.
963 2295 1074 2332 Auro
1090 2308 1190 2348 opus
1207 2295 1310 2334 fuit:
1335 2295 1497 2348 sumpsit
1519 2310 1539 2333 a
1562 2297 1660 2334 Clo-

255 2356 332 2402 dia,
364 2356 527 2409 sumpfit
548 2358 625 2397 fine
647 2359 753 2405 teste,
786 2358 927 2398 habuit
948 2361 1139 2412 quamdiu
1161 2361 1304 2400 voluit.
1347 2362 1578 2400 Maximum
1599 2364 1660 2400 vi-

255 2422 328 2462 deo
361 2423 516 2477 signum
549 2425 752 2476 cujusdam
785 2426 949 2479 egregiae
981 2426 1277 2468 familiaritatis.
1310 2429 1463 2467 Necare
1495 2429 1660 2466 eandem
