2076 2860
740 187 880 226 PRO
943 188 987 226 P.
1051 188 1345 228 SEXTIO.
1698 209 1746 247 23

398 272 531 332 Tulit,
554 286 679 339 gestit.
701 288 784 339 Qi
801 297 840 326 et
858 288 937 341 ipse
958 287 1079 326 hostis
1102 288 1181 327 fuit
1202 290 1342 343 populi
1365 291 1554 336 Romani,
1578 301 1616 330 et
1637 305 1745 331 acer-

340 353 490 391 rimum
511 351 664 391 hostem
681 354 722 391 in
741 368 909 406 regnum
926 355 1097 407 recepit;
1118 357 1188 409 qui
1211 357 1408 402 conflixit,
1428 359 1497 411 qui
1520 359 1625 412 signa
1647 373 1745 398 con-

338 418 434 457 tulit
449 448 460 464 ‚
493 419 563 472 qui
585 419 632 458 de
653 420 823 473 imperio
844 435 944 474 pene
965 419 1157 468 certavit3
1192 433 1328 476 regnat
1356 423 1475 462 hodie
1490 455 1500 470 ,
1533 434 1571 463 et
1603 427 1743 464 amici-

339 485 402 524 tiae
424 499 571 525 nomen
592 500 635 524 ac
657 486 852 526 societatis
869 517 879 533 ,
913 488 1021 541 quod
1043 490 1160 527 armis
1184 490 1346 528 violarat
1361 520 1371 536 ‚
1405 491 1444 528 id
1475 492 1660 544 precibus
1691 493 1745 532 est

338 552 587 592 consecutus.
609 554 682 592 Ille
706 555 878 607 Cyprius
902 555 1032 601 miser,
1051 556 1122 608 qui
1144 556 1295 609 semper
1311 557 1454 603 socius,
1474 558 1626 612 semper
1641 561 1742 598 ami-

337 632 406 657 cus
423 618 526 665 fuit5
546 619 593 658 de
614 635 695 673 quo
717 621 827 659 nulla
849 635 1024 674 unquam
1047 622 1216 675 suspicio
1237 623 1373 661 durior
1392 634 1459 662 aut
1480 624 1527 662 ad
1548 626 1742 672 senatum,

336 696 404 725 aut
425 687 472 725 ad
494 688 749 740 imperatores
772 688 937 734 nostros,
957 689 1072 727 allata
1092 689 1168 735 est5
1188 690 1316 734 vivus,
1336 700 1379 728 ut
1395 691 1521 736 aiunt,
1540 692 1607 737 est,
1625 703 1664 731 et
1681 695 1741 731 vi-

336 753 447 799 dens,
471 768 566 792 cum
587 755 694 792 viftu
715 769 759 793 ac
781 755 921 793 vestitu
944 755 1012 793 suo
1032 755 1275 808 publicatus.
1296 757 1375 802 En,
1394 770 1465 795 cur
1481 760 1610 797 caeteri
1633 773 1741 812 reges

337 819 516 858 stabilem
538 820 610 859 effe
632 821 740 858 suam
761 820 964 858 fortunam
982 811 1245 867 arbitreritur;
1265 836 1359 860 cum
1376 822 1453 862 hoc
1471 824 1580 863 illius
1597 825 1742 865 funesti

336 887 429 924 anni
450 887 609 939 prodito
629 887 816 940 exemplo
837 887 995 925 videant
1012 918 1022 933 ‚
1056 902 1123 941 per
1145 888 1356 927 tribunum
1378 890 1554 944 aliquem
1584 902 1623 931 et
1653 893 1740 932 sex—-

335 963 466 992 centas
489 967 638 1007 operas,
672 954 708 992 se
728 954 902 993 fortunis
925 955 1082 1008 spoliari
1103 966 1142 994 et
1163 970 1284 1009 regno
1306 959 1419 995 omni
1440 959 1544 1011 poffe
1567 960 1720 999 nudari.

391 1021 592 1060 XXVIII.
627 1022 682 1059 At
703 1022 823 1060 etiam
844 1036 890 1061 eo
911 1024 1074 1076 negotio
1105 1024 1168 1063 M.
1195 1025 1359 1062 Catonis
1383 1025 1632 1078 splendorem
1653 1042 1740 1066 ma-

334 1087 465 1126 culare
486 1088 712 1134 voluerunt,
746 1089 887 1142 ignari,
921 1090 1018 1143 quid
1039 1090 1223 1143 gravitas,
1256 1091 1355 1144 quid
1389 1092 1609 1145 integritas,
1643 1095 1741 1147 quid

334 1155 569 1207 magnitudo
585 1156 725 1202 animi,
744 1156 843 1210 quid
859 1157 1031 1210 denique
1048 1158 1188 1203 virtus,
1207 1158 1373 1197 valeret:
1399 1173 1486 1212 quae
1504 1161 1544 1198 in
1568 1162 1738 1214 tempes-

333 1232 412 1260 tate
434 1223 528 1261 saeva
548 1224 683 1277 quieta
703 1224 756 1262 est
770 1254 779 1270 ,
812 1234 851 1263 et
878 1226 987 1264 lucet
1009 1225 1048 1264 in
1072 1226 1244 1264 tenebris
1261 1256 1271 1271 ,
1304 1236 1342 1264 et
1364 1227 1474 1280 pulsa
1495 1227 1584 1267 loco
1606 1240 1739 1268 manet

333 1297 481 1335 tamen,
504 1299 622 1343 atque
643 1290 764 1329 haeret
786 1291 827 1328 in
849 1291 987 1344 patria,
1008 1291 1267 1345 splendetque
1284 1306 1352 1345 per
1368 1292 1404 1331 se
1426 1293 1591 1347 semper,
1612 1309 1741 1348 neque

333 1354 469 1394 alienis
492 1371 671 1410 unquam
693 1357 872 1397 sordibus
890 1358 1113 1398 obsolescit.
1138 1360 1235 1398 Non
1254 1360 1313 1398 illi
1331 1360 1554 1399 ornandum
1577 1361 1641 1400 M.
1660 1363 1738 1400 Ca-

332 1430 482 1468 tonern,
516 1423 579 1462 sed
600 1424 883 1478 relegandum;
918 1440 990 1464 nec
1024 1426 1085 1464 illi
1117 1427 1458 1466 committendum
1488 1428 1591 1466 illud
1612 1442 1736 1482 nego-

332 1489 435 1528 t‘ium
451 1520 462 1536 ‚
497 1491 559 1529 sed
581 1491 873 1545 imponendum
889 1523 900 1538 ‚
933 1502 1173 1546 putaverunt
1193 1509 1200 1532 :
1235 1494 1305 1546 qui
1328 1494 1368 1532 in
1391 1495 1585 1552 concione
1606 1496 1737 1548 palam

331 1556 505 1596 dixerint
520 1588 530 1603 ,
563 1559 744 1612 linguam
767 1560 803 1598 se
823 1560 993 1598 evelliffe
1024 1561 1088 1599 M.
1114 1562 1285 1605 Catoni,
1319 1575 1406 1613 quae
1428 1561 1581 1614 semper
1601 1573 1739 1601 contra

330 1624 654 1662 extraordinarias
671 1625 879 1677 potestates
896 1626 1020 1663 libera
1036 1625 1180 1664 fuiffet.
1202 1627 1394 1672 Sentient,
1414 1637 1457 1665 ut
1479 1628 1604 1681 spero,
1629 1628 1737 1668 brevi

333 1699 525 1743 tempore,
548 1704 706 1730 manere
727 1691 952 1730 libertatem
974 1692 1110 1737 illam;
1134 1704 1252 1745 atque
1269 1693 1345 1731 hoc
1362 1695 1496 1740 etiam,
1516 1695 1541 1733 fi
1559 1695 1644 1734 fieri
1660 1711 1736 1749 po-

331 1757 437 1802 terit,
469 1757 542 1795 effe
563 1758 769 1809 majorem,
793 1758 902 1810 quod
923 1772 1017 1796 cum
1039 1759 1270 1797 consulibus
1294 1760 1372 1797 illis
1397 1761 1460 1799 M.
1477 1762 1592 1807 Cato,
1616 1763 1736 1802 etiam

326 1835 423 1861 cum
437 1823 524 1875 jam
545 1822 771 1876 desperasset
792 1824 944 1876 aliquid
965 1825 1196 1863 au&0ritate
1217 1825 1282 1864 sua
1302 1826 1443 1879 profici
1464 1827 1583 1880 posse,
1604 1838 1736 1868 tamen

327 1902 423 1927 voce
444 1889 524 1943 ipsa
544 1903 588 1928 ac
609 1889 744 1929 dolore
766 1891 973 1944 pugnavit,
997 1901 1035 1929 et
1056 1890 1142 1944 post
1164 1906 1299 1930 meum
1321 1892 1528 1932 disceffum
1550 1895 1597 1932 iis
1621 1895 1734 1934 Piso-

328 1970 420 1995 nem
441 1957 585 2003 verbis,
605 1957 701 1996 flens
723 1972 861 1997 meum
883 1968 921 1997 et
943 1959 1172 2012 reipublicae
1193 1960 1341 2006 casum,
1360 1961 1531 2007 vexavit,
1550 1971 1593 2000 ut
1615 1962 1735 2003 illum

326 2022 535 2063 hominem
552 2024 861 2077 perditisfimum
881 2034 1000 2080 atque
1016 2026 1405 2079 impudentissimum
1422 2041 1522 2081 pene
1537 2029 1621 2082 jam
1639 2043 1732 2082 pro-

325 2090 465 2129 vinciae
486 2092 711 2144 poeniteret.

384 2159 468 2196 Cur
489 2159 612 2211 igitur
633 2160 829 2212 rogationi
850 2161 1009 2213 paruit?
1033 2161 1152 2214 Qafi
1170 2175 1261 2200 vero
1278 2162 1346 2200 ille
1363 2175 1442 2200 non
1460 2162 1501 2200 in
1518 2162 1610 2201 alias
1629 2177 1732 2216 quo-

326 2238 404 2276 que
425 2224 545 2277 leges,
578 2238 673 2278 quas
696 2226 838 2278 injuste
859 2236 1010 2280 rogatas
1033 2237 1203 2280 putaret,
1231 2229 1316 2281 jam
1337 2237 1427 2266 ante
1443 2229 1600 2280 jurarit.
1635 2230 1733 2268 Non

326 2290 449 2328 offert
464 2291 500 2328 se
521 2291 589 2329 ille
611 2291 691 2329 istis
710 2294 1016 2340 temeritatibus,
1036 2303 1094 2340 ut,
1112 2308 1207 2332 cum
1224 2295 1454 2348 reipublicae
1472 2294 1574 2333 nihil
1596 2295 1730 2348 profit,

327 2356 363 2394 se
385 2356 470 2394 cive
492 2357 785 2409 rempublicam
805 2359 948 2412 privet.
983 2360 1157 2398 Consule
1178 2374 1257 2406 me,
1281 2374 1375 2398 cum
1398 2360 1488 2398 efl'et
1509 2360 1731 2413 designatus

326 2423 512 2460 tribunus
543 2423 670 2475 plebis
687 2454 697 2469 ,
730 2425 880 2463 obtulit
902 2426 943 2463 in
965 2426 1176 2465 discrimen
1198 2427 1321 2465 viram
1344 2427 1451 2465 suam
1471 2442 1480 2465 ε
1514 2427 1617 2464 dixit
1646 2440 1731 2464 eam

326 2489 576 2535 sententiam,
613 2491 727 2542 cujus
762 2491 953 2530 invidiam
986 2493 1127 2547 capitis
1159 2493 1339 2546 periculo
1373 2493 1444 2531 fibi
1477 2493 1731 2546 praestandam

410 2556 555 2595 ΤοΜ.
590 2556 662 2595 VI.
1388 2559 1426 2596 D
