2076 2860
447 224 527 277 364
799 223 876 261 IN
936 222 1001 262 M.
1062 223 1491 263 ANTONIUM

446 335 607 378 tamque
641 325 840 378 praeclari,
874 325 1031 364 decreto
1065 326 1189 364 vestro
1224 327 1496 365 testimonium
1531 326 1842 381 sempiternum:

447 393 672 444 Galliaque,
705 406 791 444 quae
822 392 974 445 semper
1002 393 1178 445 praefidet
1205 402 1322 446 atque
1344 394 1522 447 praesedit
1542 393 1638 433 huic
1659 395 1844 447 imperio,

447 459 700 510 libertatique
721 459 945 504 communi,
977 460 1120 498 merito
1140 474 1308 513 vereque
1328 460 1523 506 laudetur,
1555 461 1664 514 quod
1684 461 1720 499 se
1740 461 1844 499 suas-

446 538 522 577 que
544 525 643 561 vires
666 538 744 562 non
769 524 943 570 tradidit,
976 525 1039 563 sed
1060 525 1259 578 opposuit,
1293 527 1487 565 Antonio.

502 590 617 629 XIV.
642 592 776 643 Atque
797 591 915 628 etiam
938 592 1002 630 M.
1026 591 1180 644 Lepido
1205 605 1277 645 pro
1298 593 1380 644 ejus
1403 592 1569 645 egregiis
1592 592 1631 630 in
1654 592 1843 645 rempub-

446 657 565 694 licam
597 657 747 695 meritis
778 656 1042 695 decernendos
1064 657 1233 696 honores
1267 671 1387 710 quam
1412 658 1669 711 amplissimos
1691 658 1843 697 censeo.

447 724 607 776 Semper
628 724 695 761 ille
716 724 912 778 populum
934 725 1164 763 Romanum
1185 725 1358 763 liberum
1380 726 1521 771 voluit,
1544 726 1848 778 maximumque

448 790 603 841 signum
634 790 706 827 illo
737 790 799 827 die
829 790 937 827 dedit
962 791 1177 829 voluntatis
1200 791 1399 843 etjudicii
1421 791 1493 837 sui,
1526 805 1634 836 cum,
1667 791 1847 829 Antonio

447 855 625 893 diadema
648 855 788 893 Caesari
809 856 1055 908 imponente,
1088 856 1124 894 se
1144 857 1299 902 avertit,
1331 857 1564 910 gemituque
1594 866 1633 895 et
1663 856 1850 895 moestitia

448 921 672 967 declaravit,
696 932 892 975 quantum
912 922 1073 961 haberet
1095 923 1233 962 odium
1254 924 1450 962 servitutis
1465 943 1478 970 ;
1511 937 1631 977 quam
1651 923 1847 977 populum

450 988 680 1026 Romanum
701 989 873 1027 liberum
895 998 1084 1042 cuperet3
1119 1004 1239 1042 quam
1269 990 1351 1035 illa,
1383 1004 1470 1043 quae
1501 990 1658 1035 tulerat,
1690 999 1846 1042 tempo-

449 1068 538 1092 rum
560 1056 683 1107 magis
706 1055 940 1101 necestitate,
971 1070 1092 1108 quam
1107 1056 1278 1108 judicio,
1311 1056 1471 1095 tulisset.
1516 1057 1676 1108 Qanta
1703 1069 1793 1093 vero
1815 1056 1846 1093 is

448 1122 717 1159 moderatione
739 1122 828 1160 usus
851 1122 896 1160 fit
917 1122 957 1159 in
980 1122 1051 1159 illo
1073 1131 1250 1175 tempore
1271 1122 1457 1167 civitatis,
1489 1122 1596 1174 quod
1625 1121 1711 1174 post
1736 1134 1845 1160 mor-

447 1197 530 1225 tem
563 1188 722 1226 Caesaris
755 1187 1014 1226 consecutum
1045 1187 1113 1233 est,
1145 1188 1235 1241 quis
1268 1188 1445 1226 nostrum
1476 1188 1657 1226 oblivisci
1687 1187 1844 1240 potest?

449 1254 600 1307 Magna
619 1254 702 1293 haec
721 1269 730 1292 :
764 1254 827 1292 sed
848 1254 894 1292 ad
916 1255 1063 1307 majora
1082 1264 1265 1307 properat
1284 1255 1424 1293 oratio.

506 1321 618 1373 Qid
637 1321 760 1366 enim,
795 1321 831 1359 O
855 1321 925 1359 Dii
947 1321 1215 1359 immortales!
1246 1319 1518 1359 admirabilius
1539 1320 1727 1359 omnibus
1749 1333 1848 1374 gen-

448 1386 573 1432 tibus,
606 1386 703 1439 quid
732 1386 905 1439 optatius
935 1374 1087 1439 populo
1107 1387 1306 1432 Romano,
1337 1385 1513 1425 accidere
1532 1386 1680 1439 potuit,
1713 1399 1848 1438 quam,

448 1466 544 1492 cum
565 1453 718 1491 bellum
747 1452 864 1492 civile
893 1453 1116 1491 maximum
1146 1452 1251 1498 effet,
1283 1453 1396 1505 cujus
1419 1451 1515 1491 belli
1535 1453 1690 1491 exitum
1710 1465 1848 1490 omnes

448 1520 697 1564 timeremus,
729 1518 917 1572 sapientia
947 1519 1032 1571 ejus
1063 1518 1104 1556 id
1136 1519 1269 1571 potius
1301 1519 1498 1571 extingui,
1531 1531 1650 1572 quam
1671 1518 1788 1556 armis
1810 1527 1849 1556 et

448 1584 553 1623 ferro
574 1599 658 1623 rem
679 1585 721 1623 in
743 1584 952 1623 discrimen
974 1583 1165 1623 adducere
1184 1585 1197 1623 ?
1229 1584 1350 1635 Qod
1379 1584 1406 1623 fi
1435 1583 1570 1623 eadem
1600 1584 1698 1622 ratio
1720 1582 1849 1622 Caesa-

449 1652 501 1690 ris
523 1650 669 1698 fuiffet,
701 1652 743 1690 in
764 1651 835 1690 illo
857 1660 960 1690 tetro
979 1651 1202 1704 miseroque
1234 1651 1340 1690 bello
1355 1670 1368 1698 5
1402 1659 1447 1690 ut
1474 1651 1660 1690 omittam
1679 1659 1847 1704 patrem,

448 1718 548 1756 duos
570 1719 648 1757 Cn.
672 1718 870 1772 Pompeii,
902 1718 1048 1757 summi
1078 1727 1117 1756 et
1146 1718 1350 1771 singularis
1379 1718 1469 1764 viri,
1501 1717 1605 1757 filios
1626 1717 1848 1756 incolumes

448 1784 711 1823 haberemus:
744 1784 891 1837 quibus
921 1794 1026 1823 certe
1055 1784 1178 1837 pietas
1208 1784 1338 1823 fraudi
1364 1784 1438 1823 effe
1457 1798 1538 1823 non
1559 1784 1712 1823 debuit.
1751 1783 1848 1822 Uti-

451 1864 542 1888 nam
563 1863 699 1888 omnes
728 1850 793 1887 M.
817 1849 993 1901 Lepidus
1014 1850 1160 1888 servare
1180 1850 1366 1902 potuiffet
1384 1850 1392 1887 ἔ
1425 1848 1624 1889 faciurum
1644 1848 1757 1887 fuisse
1778 1848 1849 1887 de-

450 1916 611 1953 claravit
632 1917 672 1953 in
693 1929 753 1960 eo,
786 1915 894 1968 quod
913 1916 1075 1968 potuit;
1108 1930 1202 1953 cum
1223 1917 1389 1954 Sextum
1420 1916 1658 1969 Pompeium
1681 1914 1850 1954 restituit

450 1982 618 2027 civitati,
650 1981 874 2020 maximum
900 1991 1178 2020 ornamentum
1207 1981 1450 2034 reipublicae,
1482 1981 1738 2019 clariflimum
1757 1994 1849 2019 mo·-

451 2057 691 2087 numentum
711 2047 932 2086 clementiae
953 2048 1042 2086 suae.
1067 2048 1208 2086 Gravis
1230 2048 1298 2086 illa
1318 2047 1477 2087 fortuna
1497 2047 1637 2100 populi
1659 2047 1848 2092 Romani,

448 2127 564 2166 grave
585 2112 740 2152 fatum:
774 2114 966 2166 Pompeio
987 2114 1094 2152 enim
1115 2123 1238 2167 patre,
1270 2114 1378 2167 quod
1406 2114 1565 2167 imperii
1592 2113 1732 2166 populi
1762 2114 1848 2151 Ro-

450 2180 558 2218 mani
594 2180 730 2217 lumen
766 2178 859 2224 fuit,
891 2179 1081 2224 extinCtQ
1113 2179 1343 2219 interfectus
1378 2180 1432 2218 est
1466 2180 1586 2232 patris
1622 2179 1848 2217 fimillimus

452 2246 572 2284 filius.
611 2245 684 2284 Sed
705 2247 839 2283 omnia
860 2245 961 2283 mihi
982 2246 1166 2283 videntur
1187 2246 1366 2285 Deorum
1388 2246 1677 2285 immortalium
1693 2245 1849 2299 judicio

451 2312 619 2364 expiata,
653 2312 741 2350 Sex.
762 2312 953 2364 Pompeio
975 2312 1202 2364 reipublicae
1223 2312 1464 2351 conservato.

508 2379 600 2416 XV.
626 2380 758 2430 Qam
780 2379 832 2415 ob
853 2378 1006 2416 causam
1021 2378 1167 2430 justam
1188 2387 1306 2432 atque
1328 2393 1527 2432 magnam,
1554 2388 1592 2417 et
1614 2377 1721 2432 quod
1741 2378 1846 2431 peri-

451 2444 733 2483 culofiffimum
764 2445 879 2483 civile
911 2445 1077 2490 bellum,
1110 2445 1425 2499 maximumque,
1456 2446 1704 2484 humanitate
1730 2453 1769 2482 et
1789 2444 1847 2482 sa-

450 2512 598 2563 pientia
627 2511 691 2550 sua
723 2511 785 2549 M.
812 2511 987 2564 Lepidus
1020 2512 1066 2549 ad
1100 2525 1238 2564 pacem
1271 2512 1604 2565 concordiamque
1636 2511 1845 2554 convertit,
