2076 2860
552 199 846 241 VARIAE
932 195 1496 240 LECTIONES.

297 308 355 377 {²:3²
381 296 416 365 ilci
437 345 502 365 cum
518 336 542 365 C
557 337 585 366 T
600 334 665 364 Tum

377 392 417 399 -—
438 385 465 405 et
480 378 508 405 H
525 379 552 404 d.

383 426 392 445 1
405 426 413 443 1
438 415 579 454 impIicari
594 415 624 443 H
640 416 656 444 S
670 429 691 451 χ
706 415 838 452 implicare

379 471 419 478 —
440 456 557 484 Interim
572 457 597 490 ψ
614 456 707 484 Iterum

378 510 419 519 --
441 497 538 524 Attius
554 497 578 524 C
591 510 614 534 χ
625 497 730 525 Asticus

378 551 418 558 ·-—
440 536 489 574 qui
506 535 532 570 ψ
546 548 588 574 qm
604 543 657 564 tum

382 586 416 614 ¹3
439 585 495 603 non
511 576 647 604 mediocri
661 576 819 614 cupiditate
848 576 872 604 C
887 576 916 604 T
939 578 1010 613 cupi-

478 619 560 644 ditate
573 626 619 644 non
633 618 790 644 mediocriter

378 654 418 678 —'-
438 655 558 693 arripuit
578 657 606 683 T
621 657 721 692 manfia
743 656 816 695 (sup.
831 656 879 685 lin.
895 668 912 684 a
933 666 1011 684 manu

478 699 550 729 rec.)

383 744 419 772 14
441 735 459 763 st
475 736 499 763 C
513 736 658 764 Sedtamen
672 749 688 767 9-
701 737 762 774 etst

378 790 422 798 —
441 775 476 804 ad
492 776 633 813 privatum
653 777 681 804 H
696 776 713 804 S
728 789 751 813 χ
765 781 908 814 apri-vato

379 831 420 838 —
440 816 563 844 clamore
578 816 602 843 C
617 816 646 843 T
662 816 687 850 ψ
701 817 831 845 clamorem

383 865 393 884 1
403 857 419 884 8
440 863 521 883 vacat
541 856 564 883 C
579 855 609 883 T
623 856 648 890 ᾧ
662 865 732 884 caree

384 904 420 933 19
441 896 552 923 nullum
573 897 596 923 C
614 896 630 923 S
646 895 671 930 ψ
685 895 766 924 ullum

379 944 418 965 20
438 934 580 973 profestus
595 935 626 964 H
640 936 665 970 ψ
672 939 801 975 pruscam
812 938 845 974 ss

383 985 418 1012 25
442 985 508 1003 cum
523 976 548 1003 C
563 977 590 1004 d.

382 1015 420 1043 26
441 1025 506 1042 cum
529 1015 558 1043 T
572 1016 596 1044 d.

379 1069 421 1076 —
439 1054 610 1092 efflagitatus
625 1055 654 1083 H
667 1064 692 1083 et
699 1057 846 1094 flagiratus

382 1103 418 1131 27
441 1104 499 1132 quo
516 1095 544 1122 H
560 1095 590 1122 T
604 1096 705 1132 xqucd

380 1148 421 1156 -
442 1133 542 1163 Africa
554 1147 578 1172 χ
593 1137 713 1173 Africam

383 1183 420 1211 29
441 1173 521 1202 illinc
534 1187 556 1210 χ
569 1176 629 1203 hinc

383 1223 421 1250 30
440 1213 534 1250 potius
547 1227 568 1249 χ
588 1214 614 1242 d.

385 1262 421 1290 32
443 1252 570 1280 defiderii
585 1262 617 1281 ac
633 1253 832 1282 sollicitudinis
850 1252 874 1281 C
888 1253 1018 1290 desideriis

486 1304 517 1320 ac
527 1292 750 1328 sbllicitudinibus

387 1342 422 1370 33
446 1332 564 1360 fratrum
579 1334 714 1371 Cfratris
727 1345 744 1362 ς-
759 1334 784 1361 d.

388 1382 426 1410 34
447 1372 568 1400 discidio
582 1374 606 1401 C
619 1373 715 1410 diffidio
730 1386 746 1404 ς·
757 1373 850 1410 dtffdio

305 1423 362 1452 253
409 1422 419 1441 1
446 1412 556 1451 fignum
571 1425 600 1446 ς,
613 1414 639 1447 ψ
653 1416 746 1442 crimen

407 1463 423 1481 2
446 1453 544 1480 alienae
559 1453 588 1480 T
601 1453 722 1483 alicnatae

384 1507 425 1515 —
445 1493 638 1522 animadverte
652 1507 673 1529 χ
687 1493 898 1522 animadvertere

407 1542 422 1570 3
447 1542 503 1569 qua
517 1534 546 1560 T
560 1545 637 1570 quam

384 1588 425 1596 —
446 1572 502 1600 fide
522 1573 551 1600 T
566 1574 623 1610 fide
644 1571 771 1610 (sedfitp.
786 1573 833 1601 lin.
852 1575 872 1589 “
883 1569 1016 1607 ter-”stri-

484 1612 559 1640 bitur
569 1613 604 1640 ab
617 1612 675 1640 alia
685 1622 773 1646 manu,
783 1613 850 1650 acsi
861 1612 1019 1650 “fideliter'’

485 1651 537 1691 legi
549 1651 643 1685 vellet)

386 1705 427 1715 —
446 1690 598 1720 defendam
615 1693 632 1720 S
648 1693 774 1730 defensam

388 1746 428 1754 —
447 1740 512 1759 cum
529 1731 770 1761 CeamHSs-d.
790 1742 899 1769 zquum

407 1780 427 1808 4
445 1771 523 1799 omni
539 1770 622 1800 laude
648 1772 672 1800 C
696 1776 803 1801 omnium
823 1772 927 1800 laudum
952 1770 982 1799 H
996 1784 1019 1808 χ

490 1814 596 1839 emnium
610 1812 686 1840 laude

388 1867 428 1875 —-
448 1851 537 1879 literis
551 1851 583 1879 H
595 1853 621 1879 d.

409 1902 424 1930 5
448 1891 493 1920 M.
510 1891 611 1920 Cicero
626 1891 656 1919 H
672 1891 689 1920 S
701 1891 767 1927 χ,ψ
783 1891 849 1920 Cum
871 1890 915 1919 M.
932 1889 1020 1919 Cicero

531 1945 547 1963 5·
561 1931 605 1959 M.
623 1932 690 1960 Cato

409 1980 427 2007 7
449 1980 501 1999 nec
515 1985 538 2009 χ
551 1983 582 2000 ne

390 2023 431 2035 ——
451 2011 521 2048 quid
537 2011 562 2038 C
576 2017 602 2039 d.

409 2061 428 2089 9
450 2050 525 2078 Vide
540 2050 564 2078 C
580 2050 700 2078 Videron'

388 2105 429 2113 —
449 2099 535 2128 quam
552 2090 568 2117 S
583 2101 659 2128 quam
671 2097 723 2117 lum
738 2102 753 2120 ς-
768 2099 842 2127 quam
856 2098 907 2116 rem

390 2145 431 2152 —
451 2129 632 2158 reformidem
649 2128 673 2156 C
689 2129 706 2156 S
721 2130 790 2162 Tr,
805 2128 973 2167 sla-formidem

390 2185 432 2193 -
451 2169 517 2197 vide
531 2184 596 2191 —
625 2168 771 2197 oboriatur
786 2170 803 2196 S
817 2169 842 2196 d.

395 2219 432 2240 ιο
452 2209 559 2238 dicenti
584 2209 728 2238 oboriatur
752 2210 775 2237 C
797 2209 896 2237 dicendi
915 2206 1021 2236 aboria-

532 2257 577 2277 tur

390 2305 431 2313 -
451 2291 597 2327 Qantum
611 2289 628 2316 S
645 2290 675 2317 Si

398 2339 428 2358 n
455 2329 508 2357 hoc
522 2329 643 2367 populus
661 2329 685 2356 C
697 2328 803 2366 populu}
817 2328 874 2357 haec

394 2378 430 2407 13
455 2369 565 2397 coaftus
581 2369 605 2396 C
620 2376 751 2396 coartante
902 2380 907 2382 ⁷

391 2424 432 2434 —
448 2409 558 2446 judicio
575 2409 602 2436 H
620 2407 637 2435 S
651 2409 781 2446 slajuditio
794 2419 844 2437 meo

395 2459 432 2486 ¹4
453 2457 479 2477 te
495 2449 524 2476 H
539 2448 677 2485 resumpta

395 2499 432 2527 ¹4
452 2488 540 2529 igitur
554 2487 608 2517 hoc
626 2488 649 2518 C
664 2488 721 2518 haec

1064 298 1083 326 P

1068 338 1083 356 2

1074 1215 1088 1233 2

1088 309 1123 367 ἐς,
1153 288 1185 367 115
1209 329 1263 358 hoc
1280 331 1376 360 Chaec

1152 377 1186 405 ¹7
1209 371 1270 407 qui,
1296 381 1360 400 cum
1376 372 1406 399 H
1421 374 1524 409 quinte,
1541 382 1596 400 cum

1144 423 1184 430 —
1205 410 1326 448 imperio
1340 411 1442 449 populi
1456 411 1579 440 Romani
1595 411 1618 439 C
1634 410 1727 448 Popula
1741 410 1778 439 R.

1249 464 1266 481 5·
1278 457 1328 478 loto
1341 451 1400 479 orbe

1150 489 1184 516 18
1207 489 1519 527 essemeHffTme

1149 537 1183 565 19
1206 530 1335 558 nuntium
1352 531 1511 568 perserente
1526 530 1550 558 C
1565 531 1701 565 ffisshunc
1713 541 1778 558 nun·-

1246 573 1311 598 tium
1328 574 1471 608 proflrente
1675 598 1677 601 .

1149 615 1186 635 20
1209 609 1294 637 fasces
1310 610 1431 648 Cfasce:
1444 611 1577 640 laureatus
1591 611 1622 640 H
1638 611 1654 639 S
1671 610 1699 638 T
1714 623 1741 644 r,
1755 623 1778 647 χ

1248 650 1272 684 ψ
1278 651 1366 687 fustes
1379 649 1507 679 laureatos

1149 694 1182 714 21
1208 688 1274 716 dare
1291 689 1318 717 H
1335 692 1351 717 S
1367 703 1393 722 ς,
1409 703 1442 727 χ,
1457 689 1483 725 ψ
1498 692 1603 719 reddere

1149 735 1184 762 23
1208 729 1326 757 Tubero
1340 729 1364 758 C
1379 744 1405 763 r,
1419 729 1444 764 ψ
1459 742 1496 758 me
1509 729 1609 758 Tubero

1150 775 1187 801 24
1209 768 1319 806 Ligarii
1337 769 1367 796 H
1384 773 1498 808 Ligario

1147 819 1188 826 -·
1209 818 1264 836 non
1281 809 1299 836 S
1313 822 1334 844 χ
1348 811 1375 837 d.

1150 855 1185 881 27
1209 849 1285 884 quod
1303 850 1328 876 C
1342 850 1407 887 quod
1420 858 1464 887 ego

1151 888 1188 920 30
1210 896 1291 924 putet
1307 889 1331 916 C
1348 889 1377 916 H
1393 890 1422 917 T
1437 897 1547 928 xpum!

1149 939 1189 946 —
1209 927 1290 955 fuiffe
1306 929 1336 957 H
1350 930 1376 957 d.

1149 980 1189 986 —
1211 967 1359 1005 Ligarium
1378 969 1405 997 H
1420 971 1448 997 d.

1152 1013 1184 1041 31
1212 1016 1312 1046 nempe
1329 1009 1352 1037 C
1365 1009 1394 1037 T
1409 1018 1432 1037 et
1446 1017 1530 1047 nempe

1150 1058 1190 1065 —
1211 1054 1238 1074 et
1253 1047 1310 1085 ipse
1327 1048 1351 1076 C
1365 1051 1391 1077 d.

1153 1093 1189 1120 3²
1211 1086 1328 1124 Ligario
1341 1089 1366 1122 ψ
1380 1091 1431 1126 ipfia
1446 1090 1554 1126 Ligario

1154 1133 1188 1160 33
1213 1128 1373 1164 congressus
1389 1129 1413 1156 C
1427 1130 1529 1165 egrffts

1150 1177 1194 1186 ·-
1213 1165 1355 1194 destriCtus
1373 1167 1397 1196 C
1412 1168 1443 1196 H
1457 1170 1587 1205 districws

1094 1214 1131 1244 54
1177 1213 1187 1232 1
1213 1206 1262 1242 qui
1278 1206 1303 1233 C
1317 1206 1342 1241 ψ
1356 1211 1413 1244 quis

1150 1259 1190 1265 —-
1210 1253 1351 1273 armorum
1366 1260 1382 1277 5-
1395 1250 1536 1275 aninurum

1171 1293 1186 1320 3
1210 1284 1322 1312 videtur
1336 1298 1351 1316 ς-
1365 1287 1391 1314 d.

1173 1334 1190 1359 4
1211 1332 1334 1352 revertar
1348 1325 1373 1357 ψ
1387 1334 1496 1354 γωνίαν
1507 1329 1553 1364 qui
1564 1327 1648 1362 iisdem

1172 1372 1188 1401 5
1211 1371 1304 1391 autem
1320 1364 1422 1399 ψυιῑηι

1173 1411 1190 1438 7
1213 1403 1271 1431 laus
1287 1405 1322 1432 est
1339 1405 1363 1432 C
1377 1408 1411 1442 ss
1424 1412 1447 1433 et
1463 1405 1550 1434 laudis

1152 1455 1192 1464 υ·-
1212 1442 1334 1480 ipsorum
1352 1445 1376 1472 C
1392 1446 1420 1473 T
1435 1458 1451 1474 ς
1465 1447 1491 1472 d.

1152 1497 1192 1504 —
1213 1491 1293 1512 acuet
1309 1485 1339 1512 H
1357 1485 1374 1512 S
1390 1486 1418 1513 T
1433 1486 1458 1519 ψ
1471 1487 1543 1513 acuit

1174 1531 1192 1558 9
1213 1522 1338 1552 desidero
1354 1524 1376 1552 C
1391 1526 1510 1563 dfiderio

1157 1570 1192 1588 10
1215 1571 1279 1590 cum
1302 1564 1326 1591 C
1339 1577 1360 1599 χ
1375 1573 1427 1592 tum

1152 1615 1193 1622 —
1213 1601 1341 1631 doftsina
1355 1605 1379 1632 C
1394 1605 1423 1632 T
1437 1606 1560 1632 dominis

1151 1655 1192 1662 —
1212 1641 1264 1670 hoc
1281 1643 1310 1670 H
1324 1657 1348 1681 χ
1361 1645 1388 1671 d.

1158 1689 1187 1707 11
1215 1682 1320 1712 viderit
1334 1696 1351 1713 ς
1365 1685 1469 1712 videret

1158 1736 1190 1743 -
1215 1724 1315 1759 quovis
1331 1724 1355 1752 C
1370 1736 1416 1752 non
1429 1726 1463 1762 ψ
1488 1722 1549 1760 (fid
1565 1725 1593 1752 in
1611 1733 1694 1762 marg.
1711 1724 1782 1753 “al-

1254 1763 1388 1800 quovis'')

1160 1810 1192 1829 12
1216 1813 1300 1840 quarn
1317 1804 1340 1831 C
1354 1807 1400 1842 qui

1159 1851 1194 1878 ¹4
1215 1851 1264 1871 aut
1276 1857 1291 1874 5-
1306 1852 1351 1870 aut
1367 1845 1454 1871 (aivis
1463 1851 1553 1880 parem

1156 1889 1188 1919 ις
1213 1883 1273 1910 sunt
1290 1883 1319 1910 H
1333 1897 1356 1920 χ
1372 1885 1399 1910 d.

1153 1935 1197 1943 ·—
1217 1923 1342 1961 prodigii
1359 1924 1376 1950 S
1390 1925 1517 1960 prodigiis

1153 1977 1193 1983 —
1214 1963 1301 1990 simile
1315 1963 1351 1990 est
1365 1962 1441 2000 quod
1458 1963 1482 1990 C
1494 1963 1510 1990 S
1525 1963 1552 1991 T
1567 1977 1592 1997 f,
1608 1976 1638 2000 χ,
1652 1961 1785 2001 ψβηηᾝα

1273 2012 1315 2030 uae

1160 2051 1169 2069 l
1180 2050 1194 2078 7
1215 2014 1330 2070 necqetur
1344 2055 1360 2073 5·
1373 2049 1473 2070 nocetur

1155 2096 1196 2101 -·
1216 2083 1274 2120 egit
1292 2083 1316 2109 C
1333 2085 1422 2119 arguit
1437 2095 1459 2119 χ
1472 2085 1555 2120 exigit

1161 2121 1194 2148 18
1217 2122 1277 2149 sunt
1292 2121 1321 2148 H
1338 2121 1354 2148 S
1370 2134 1396 2152 ς,
1410 2124 1470 2158 χᾱ.

1154 2176 1198 2183 —
1217 2161 1328 2189 incitari
1342 2162 1366 2194 ψ
1381 2164 1490 2189 incitare

1161 2211 1197 2239 19
1219 2201 1286 2229 solet
1301 2201 1325 2229 C
1342 2200 1371 2228 H
1389 2202 1405 2228 S
1421 2214 1486 2237 ἠχ,
1503 2199 1618 2235 ψρἶῐηΐ

1156 2257 1200 2265 -
1220 2242 1317 2269 odium
1336 2241 1360 2268 C
1372 2241 1426 2268 odio

1158 2292 1195 2312 20
1217 2282 1301 2320 agis?
1325 2281 1348 2307 C
1371 2284 1429 2318 agi]
1447 2290 1522 2317 quam
1537 2287 1563 2306 ut
1577 2280 1732 2307 occidatur?
1754 2278 1783 2306 T

1259 2323 1316 2359 agir
1330 2321 1380 2357 nisi
1391 2327 1418 2347 ut
1433 2321 1572 2353 occidatur,
1599 2319 1624 2352 ψ
1637 2322 1694 2358 agir
1709 2328 1785 2356 quam

1260 2370 1287 2388 ut
1302 2367 1401 2386 necetur

1155 2417 1194 2425 -—
1216 2401 1258 2429 Ut
1275 2401 1301 2427 H
1318 2398 1334 2425 S
1354 2411 1369 2428 ς·
1382 2401 1407 2428 d.

1157 2457 1196 2466 ..
1218 2442 1316 2471 Romae
1331 2448 1366 2468 ne
1381 2439 1419 2479 sit¹
1429 2438 1454 2467 C
1469 2436 1546 2475 nestit
