2076 2860
708 170 955 209 PRo.P.
1019 168 1312 208 SEXTIO.
1668 184 1717 222 57

313 269 542 309 Sudandum
563 268 617 307 est
636 267 698 306 his
721 282 793 321 pro
814 266 1099 306 communibus
1118 265 1357 312 commodis,
1373 266 1559 304 adeundae
1577 267 1715 304 inimi-

313 337 416 374 citiae
431 365 441 380 ,
475 333 686 373 subeundae
714 334 812 387 saepe
833 346 904 386 pro
926 332 1130 385 republica
1152 331 1398 385 tempestates
1419 347 1427 370 ε
1462 345 1556 370 cum
1576 331 1716 369 multis

312 400 540 447 audacibus,
564 399 774 453 improbis,
797 411 1088 451 nonnunquam
1109 398 1228 436 etiam
1250 398 1496 450 potentibus,
1520 397 1717 435 dimican-

312 467 425 506 dum.
449 468 549 506 Haec
571 466 794 505 audivimus
811 465 859 504 de
875 465 1177 503 clariflimorum
1194 465 1371 502 virorum
1387 464 1560 502 confiliis
1578 473 1616 502 et
1634 463 1717 502 fac-

314 534 391 580 tis;
424 533 507 573 haec
528 533 770 587 accepimus,
800 531 884 571 haec
906 532 1093 584 legimus.
1126 531 1271 584 Neque
1291 544 1355 568 eos
1377 531 1418 568 in
1440 530 1554 568 laude
1574 531 1718 583 pofitos

314 600 510 646 videmus,
529 601 599 654 qui
615 600 834 638 incitarunt
850 599 1062 652 aliquando
1079 597 1220 651 populi
1236 597 1388 635 animos
1405 596 1452 635 ad
1469 597 1717 642 seditionem,

314 676 380 706 aut
401 668 471 721 qui
492 668 703 721 largitione
725 676 921 706 caecarunt
941 674 1094 704 mentes
1116 664 1397 716 imperitorum
1414 693 1424 709 ‚
1456 673 1523 701 aut
1544 664 1614 716 qui
1635 663 1719 702 for-

315 744 371 773 tes
392 745 432 775 et
453 735 576 773 claros
598 735 702 773 viros
718 764 728 780 ,
761 743 800 772 et
821 734 921 772 bene
942 733 989 771 de
1010 731 1215 785 republica
1235 730 1398 769 meritos
1414 759 1425 775 ‚
1458 731 1499 768 in
1528 730 1721 769 invidiam

313 802 488 855 aliquam
509 811 747 840 vocaverunt
766 816 774 840 :
808 801 910 838 leves
933 799 1005 837 hos
1027 799 1180 851 semper
1200 797 1320 836 nostri
1346 796 1530 836 homines
1547 827 1557 843 ‚
1589 806 1628 835 et
1649 811 1720 836 au-

316 869 444 915 daces,
477 878 515 907 et
542 869 682 914 malos,
714 877 754 906 et
773 866 1013 921 perniciosos
1035 867 1139 904 cives
1161 874 1414 918 putaverunt.
1462 866 1519 903 At
1539 878 1630 903 vero
1650 865 1721 918 qui

314 935 462 975 horum
494 936 666 988 impetus
701 944 740 973 et
772 943 936 973 conatus
970 932 1242 987 reprefferunt,
1275 933 1345 986 qui
1373 933 1619 977 auctoritate,
1651 933 1721 984 qui

316 1001 408 1048 fide,
441 1002 512 1055 qui
545 1001 775 1046 constantia,
807 1001 878 1054 qui
911 999 1188 1053 magnitudine
1220 998 1359 1043 animi,
1392 998 1564 1036 confiliis
1600 997 1721 1036 auda-

315 1069 426 1107 cium
454 1069 706 1114 restiterunt3
740 1069 769 1106 ii
796 1081 945 1121 graves,
979 1068 1006 1105 ii
1033 1067 1248 1120 principes,
1281 1066 1310 1103 ii
1331 1065 1465 1111 duces,
1497 1065 1526 1102 ii
1547 1067 1722 1103 auctores

315 1134 435 1189 hujus
457 1136 622 1182 ordinis,
655 1145 693 1174 et
713 1135 935 1188 dignitatis,
959 1143 1076 1187 atque
1097 1133 1271 1186 imperii,
1295 1132 1446 1185 semper
1465 1131 1594 1170 habiti
1615 1131 1719 1170 sunt.

373 1204 549 1241 LXVII.
583 1204 659 1248 Ac,
693 1216 740 1240 ne
762 1203 851 1255 quis
873 1215 919 1240 ex
941 1200 1072 1239 nostro
1092 1209 1166 1238 aut*
1180 1199 1408 1253 aliquorum
1431 1207 1614 1252 praeterea
1633 1198 1722 1236 casu

317 1267 419 1307 hanc
440 1270 529 1308 vitae
550 1270 654 1307 viam
675 1268 954 1322 pertimescat3
987 1281 1089 1306 unus
1119 1267 1161 1304 in
1182 1265 1256 1304 hac
1277 1266 1452 1310 civitate,
1485 1279 1606 1318 quem
1628 1265 1721 1318 qui-

318 1335 409 1374 dem
430 1350 503 1389 ego
523 1336 663 1389 poffim
685 1336 814 1374 dicere
830 1365 839 1380 ,
872 1334 1056 1388 praeclare
1083 1333 1142 1372 vir
1163 1333 1210 1371 de
1232 1333 1435 1386 republica
1456 1332 1637 1377 meritus,
1670 1332 1719 1370 L.

320 1403 510 1455 Opimius
531 1402 799 1455 indigniffime
824 1401 1029 1439 concidit:
1063 1401 1177 1453 cujus
1206 1408 1518 1437 monumentum
1546 1398 1722 1436 celeber*

319 1469 468 1507 rimurn
490 1470 530 1507 in
552 1468 653 1514 foro,
682 1469 908 1522 sepulcrum
929 1466 1232 1505 desertiffimum
1253 1466 1294 1503 in
1315 1465 1450 1503 littore
1472 1463 1721 1517 Dyrrhachi-

319 1549 370 1573 no
391 1536 574 1574 relictum
595 1535 662 1574 est.
701 1537 837 1589 Atque
858 1534 967 1573 hunc
988 1543 1119 1572 tamen
1142 1533 1373 1585 flagrantem
1394 1531 1543 1569 invidia
1563 1540 1725 1583 propter

318 1602 529 1640 interitum
557 1603 606 1640 C.
632 1602 807 1640 Gracchi
836 1601 988 1652 semper
1014 1599 1095 1652 ipse
1122 1599 1294 1652 populus
1317 1599 1523 1636 Romanus
1544 1596 1725 1650 periculo

320 1668 502 1706 liberavit
521 1683 530 1707 :
563 1668 637 1706 alia
657 1667 836 1721 quaedam
858 1667 985 1705 civem
1007 1665 1214 1718 egregium
1235 1663 1365 1718 iniqui
1384 1663 1530 1717 judicii
1552 1663 1726 1716 procella

321 1735 523 1788 pervertit.
559 1735 701 1773 Caeteri
723 1748 814 1772 vero
834 1742 901 1771 aut
922 1732 1128 1786 repentina
1146 1732 1185 1769 vi
1206 1731 1372 1784 perculfi
1387 1760 1399 1775 ,
1431 1744 1474 1769 ac
1496 1730 1727 1783 tempestate

320 1801 529 1854 populari,
561 1814 630 1853 per
650 1800 848 1853 populum
870 1808 1002 1837 tamen
1024 1797 1155 1850 ipsum
1176 1796 1339 1835 recreati
1360 1796 1450 1834 sunt
1470 1806 1589 1849 atque
1610 1809 1723 1834 revo-

318 1867 422 1913 cati3
445 1876 513 1905 aut
533 1867 701 1905 omnino
722 1866 962 1905 invulnerati
984 1864 1244 1917 inviolatique
1265 1863 1465 1902 vixerunt.
1488 1863 1545 1901 At
1566 1876 1657 1901 vero
1678 1863 1724 1908 ii,

318 1934 389 1988 qui
410 1933 563 1972 senatus
585 1933 811 1979 confilium,
834 1933 905 1986 qui
925 1931 1199 1971 auctoritatem
1219 1930 1433 1975 bonorum,
1457 1929 1527 1983 qui
1547 1929 1727 1968 instituta

319 2001 518 2053 majorum
547 2000 833 2054 neglexerunt,
866 2010 905 2038 et
932 1999 1126 2052 imperitae
1153 2006 1221 2035 aut
1242 1997 1448 2035 concitatae
1469 1995 1726 2034 multitudini

314 2067 486 2119 jucundi
507 2067 580 2105 effe
599 2067 837 2112 voluerunt;
871 2079 1007 2104 omnes
1029 2064 1109 2102 fere
1131 2063 1360 2116 reipublicae
1381 2076 1515 2116 poenas
1537 2071 1603 2100 aut
1625 2076 1724 2115 prae-

321 2133 420 2172 senti
441 2142 583 2179 morte,
616 2143 683 2171 aut
704 2134 812 2186 turpi
833 2132 969 2178 exilio,
1002 2130 1288 2185 dependerunt.

378 2200 499 2253 Qod
532 2200 558 2238 fi
591 2200 694 2253 apud
727 2199 1004 2244 Athenienses,
1036 2197 1219 2236 homines
1243 2198 1420 2240 Graecos,
1453 2195 1571 2247 longe
1592 2208 1612 2232 a
1635 2175 1723 2233 nos-

326 2276 477 2305 trorum
498 2265 711 2304 hominum
731 2267 920 2319 gravitate
941 2266 1183 2318 disjunctos,
1221 2277 1300 2301 non
1335 2263 1431 2300 dcer
1426 2271 1493 2299 mt
1521 2262 1589 2314 qui
1620 2275 1725 2299 rem-

324 2332 527 2385 publicam
552 2341 689 2370 contra
709 2333 849 2386 populi
872 2333 1134 2370 temeritatem
1155 2329 1425 2373 defenderent,
1458 2341 1551 2365 cum
1572 2341 1725 2371 omnes,

325 2398 395 2450 qui
417 2398 471 2435 ita
491 2396 678 2443 fecerant,
701 2413 721 2437 e
742 2400 902 2437 civitate
921 2400 1181 2451 ejicerentur;
1206 2396 1232 2434 fi
1255 2393 1570 2433 Themistoclem
1592 2393 1724 2435 illum,

326 2464 638 2503 conservatorem
658 2466 806 2517 patrive,
829 2479 908 2504 non
925 2465 1115 2504 deterruit
1131 2477 1152 2500 a
1167 2462 1370 2515 republica
1390 2458 1635 2499 defendenda
1655 2471 1727 2496 nec

411 2532 556 2571 ToM.
591 2531 664 2570 VI.
1384 2528 1424 2564 H
