2076 2860
651 124 1331 181 PHILIPPICAI.
1612 115 1692 170 285

294 256 376 295 hoc
409 261 586 303 tempore
617 258 695 284 non
729 251 907 296 putarem
925 254 936 281 ;
969 232 1032 272 sed
1064 244 1112 269 ne
1144 229 1230 267 illas
1262 222 1451 279 quidem,
1482 231 1577 272 quas
1610 215 1695 270 post

301 327 472 360 mortem
493 312 651 354 Caesaris
673 308 839 363 prolatas
860 301 932 341 effe
953 308 991 338 et
1013 298 1107 336 fixas
1128 292 1285 333 videtis.

360 386 413 424 X.
446 384 509 421 De
529 379 650 418 exilio
671 372 820 414 reducti
841 384 861 407 a
881 375 1040 406 mortuo
1059 379 1067 402 :
1100 361 1237 400 civitas
1263 358 1349 395 data
1370 367 1449 393 non
1471 351 1597 391 solum
1619 348 1697 387 fin-

305 451 425 506 guliS‚
444 447 508 486 sed
529 442 772 484 nationibus,
794 447 833 476 et
853 430 1067 489 provinciis
1085 424 1286 469 univerfis,
1304 436 1325 460 a
1340 429 1523 460 mortuo:
1548 417 1698 454 immu-

306 516 498 557 nitatibus
520 510 687 550 infinitis
709 505 859 545 sublata
878 497 1082 551 vectigalia
1101 508 1121 533 a
1142 501 1314 532 mortuo.
1361 488 1469 538 Ergo
1490 483 1572 522 haec
1593 494 1673 519 uno
1689 510 1699 526 ,

308 596 445 624 verum
475 579 629 632 optimo
645 605 655 621 ‚
687 574 842 612 auctore
860 568 981 606 domo
1002 562 1152 617 prolata
1169 555 1420 596 defendimus
1439 567 1448 590 ε
1481 563 1541 588 eas
1569 549 1673 600 leges
1690 576 1701 592 ,

309 663 405 703 quas
427 646 522 700 ipse,
554 643 668 683 nobis
697 632 1020 691 inspectantibus,
1052 625 1244 668 recitavit,
1276 617 1562 675 pronuntiavit,
1594 614 1703 657 tulit,

311 716 459 770 quibus
480 712 568 751 latis
590 706 845 762 gloriabatur,
877 699 1001 752 iisque
1025 694 1179 747 legibus
1202 685 1491 741 rempublicam
1511 679 1707 720 contineri

314 781 491 837 putabat,
523 777 571 816 de
591 772 821 830 provinciis,
853 767 899 804 de
915 762 1093 818 judiciis,
1120 771 1196 803 eas,
1219 757 1398 806 inquam,
1422 747 1580 788 Caesaris
1602 746 1707 798 leges

312 862 401 894 nos,
432 846 503 900 qui
527 841 776 882 defendimus
797 836 880 875 aeta
900 828 1074 872 Caesaris,
1106 821 1329 864 evertendas
1353 827 1536 871 putamus
1557 815 1570 851 ?

370 916 432 953 Ac
454 912 501 951 de
521 911 568 948 iis
590 918 721 946 tamen
742 902 912 955 legibu5‚
934 909 1020 950 quae
1037 890 1295 947 promulgatae
1316 886 1420 930 sunt,
1443 882 1577 921 saltem
1599 879 1711 932 queri

315 981 517 1035 poffumus
533 995 546 1022 3
578 974 626 1012 de
646 973 709 1018 iis,
741 982 826 1022 quae
841 969 926 1020 jam
946 964 1031 1001 latae
1053 960 1254 1001 dicuntur,
1287 967 1335 992 ne
1356 949 1456 990 illud
1477 946 1639 1001 quidem
1659 945 1710 982 li-

316 1047 428 1087 cuit:
461 1044 539 1083 illae
570 1040 676 1080 enim
693 1068 704 1084 ‚
737 1034 846 1074 nulla
877 1026 1221 1085 promulgatione,
1252 1021 1338 1060 latae
1365 1017 1454 1056 sunt
1481 1023 1569 1052 ante
1595 1024 1715 1065 quam

319 1113 487 1166 scriptae.
511 1110 721 1160 Qaerunt‚
739 1100 837 1155 quid
858 1099 918 1142 sit,
936 1109 1007 1134 cur
1026 1100 1092 1132 aut
1113 1104 1200 1143 ego,
1218 1095 1285 1126 aut
1300 1083 1510 1138 quisquam
1529 1078 1715 1122 vestrum,

321 1181 455 1220 Patres
487 1172 727 1226 conscripti,
759 1166 874 1207 bonis
903 1160 1073 1202 tribunis
1102 1155 1229 1211 plebis
1261 1153 1366 1205 leges
1399 1148 1518 1188 malas
1550 1152 1717 1184 metuat.

323 1247 482 1285 Paratos
502 1241 709 1282 habemus,
741 1235 811 1288 qui
836 1227 1108 1271 intercedant3
1141 1229 1307 1276 paratos,
1339 1217 1409 1271 qui
1430 1211 1720 1267 rempublicam

326 1312 518 1365 religione
538 1304 750 1346 defendant
768 1317 777 1340 z
809 1298 923 1338 vacui
943 1303 1053 1334 metu
1074 1291 1145 1330 esse
1166 1288 1369 1326 debemus.
1408 1284 1515 1334 Qas
1537 1289 1582 1318 tu
1602 1276 1720 1322 mihi,

327 1379 486 1432 inquit,
518 1371 831 1414 interceffiones,
864 1377 959 1418 quas
990 1355 1229 1412 religiones?
1263 1354 1338 1392 Eas
1370 1350 1545 1392 scilicet,
1576 1344 1724 1398 quibus

329 1443 558 1498 reipublicae
579 1439 678 1478 salus
700 1434 940 1475 continetur.
965 1424 1221 1479 Negligimus
1244 1418 1326 1463 ista,
1348 1425 1387 1455 et
1409 1414 1526 1453 nimis
1548 1411 1725 1462 antiqua,

284 1510 287 1513 Δ
331 1522 370 1553 et
390 1510 521 1554 stulta,
543 1507 742 1546 ducimus.
773 1502 923 1540 Forum
944 1494 1137 1547 sepietur:
1160 1499 1296 1527 omnes
1317 1482 1550 1523 claudentur
1569 1477 1723 1516 aditus:

333 1577 473 1616 armati
494 1576 534 1613 in
556 1570 738 1626 praesidiis
758 1564 897 1605 multis
918 1561 1016 1600 locis
1038 1554 1354 1597 collocabuntur.

392 1641 504 1695 Qid
525 1650 612 1678 tum
631 1639 642 1676 ?
677 1634 796 1686 Qod
817 1633 891 1670 erit
910 1631 964 1668 ita
984 1626 1135 1679 gestum
1151 1652 1161 1667 ‚
1195 1620 1234 1658 id
1255 1619 1318 1657 lex
1340 1616 1441 1660 erit3
1474 1622 1512 1650 et
1533 1612 1573 1650 in
1594 1623 1642 1648 aes
1664 1609 1727 1647 in-

338 1710 418 1749 cidi
450 1705 648 1746 videbitis.
692 1700 801 1740 Cedo
835 1697 902 1735 illa
932 1692 1139 1745 legitima:
1174 1684 1336 1738 Cotgsules
1361 1679 1529 1735 populum
1546 1677 1636 1729 jure
1669 1689 1731 1713 ro·-

335 1782 550 1830 gaverunt5
583 1771 659 1809 hoc
686 1768 794 1807 enim
823 1778 844 1802 a
872 1759 1086 1813 majoribus
1117 1752 1340 1805 accepimus
1357 1750 1423 1801 jus
1446 1743 1637 1797 rogandi;
1662 1749 1732 1794 po-²

335 1834 740 1896 pulzffquejurescivit.
783 1830 866 1882 Qi
888 1823 1088 1881 populus?
1120 1820 1215 1864 isne,
1247 1816 1317 1868 qui
1337 1811 1518 1852 exclusus
1539 1808 1593 1847 est
1611 1808 1623 1845 ?
1656 1819 1736 1858 quo

339 1911 427 1962 jure
446 1908 459 1945 ?
491 1919 539 1943 an
559 1917 619 1948 eo,
651 1898 759 1954 quod
779 1898 817 1935 vi
838 1905 876 1933 et
896 1891 1013 1931 armis
1035 1900 1153 1927 omne
1174 1883 1371 1923 sublatum
1393 1878 1446 1917 est
1465 1878 1477 1915 ?
1510 1877 1644 1926 Atque
1664 1885 1738 1924 ego

344 1975 428 2014 haec
449 1973 538 2011 dico
559 1970 606 2008 de
626 1966 770 2007 futuris
787 1979 796 2002 t
821 1960 927 2015 quod
947 1957 1000 1996 est
1021 1966 1230 2006 augurum,
1249 1958 1337 1988 ante
1358 1947 1485 1984 dicere
1501 1955 1557 1987 ea,
1575 1954 1662 1993 quae
1677 1939 1737 1976 vi-

347 2042 419 2080 tari
441 2038 618 2093 poffunt:
643 2047 728 2086 quae
750 2032 775 2070 s1
797 2029 896 2068 faeta
917 2038 995 2063 non
1016 2029 1145 2065 erunt,
1169 2016 1370 2056 refelletur
1390 2012 1513 2051 oratio
1534 2021 1633 2046 mea.
1658 2006 1738 2043 Lo-

349 2120 449 2159 quor
477 2105 524 2142 de
549 2101 705 2154 legibus
735 2091 1009 2150 promulgatis,
1041 2087 1088 2125 de
1115 2084 1261 2138 quibus
1294 2081 1346 2119 est
1379 2080 1580 2129 integrum
1613 2071 1740 2112 vobis.

352 2169 591 2212 Demonstro
612 2166 707 2205 vitia
725 2179 733 2201 :
768 2161 911 2200 tollite.
944 2153 1151 2195 Denuntio
1172 2152 1268 2194 vim,
1301 2159 1432 2185 arma:
1466 2147 1677 2181 removete.

409 2237 484 2274 XI.
510 2232 624 2272 Irasci
640 2243 706 2268 vos
724 2226 886 2281 quidem
902 2221 1017 2266 mihi,
1036 2216 1260 2260 Dolabella,
1279 2227 1349 2266 pro
1366 2208 1566 2263 republica
1581 2201 1745 2246 dicenti,

356 2316 433 2342 non
454 2297 668 2353 oportebit.
692 2296 932 2346 Qanquam
949 2299 985 2326 te
1001 2285 1165 2340 quidem
1185 2282 1225 2320 id
1246 2280 1441 2319 facturum
1464 2287 1542 2312 non
1559 2269 1744 2309 arbitror:

358 2368 449 2408 novi
470 2366 577 2404 enim
598 2361 829 2401 facilitatem
849 2367 973 2395 tuam.
1007 2351 1214 2402 Collegam
1237 2357 1352 2385 tuum
1372 2343 1482 2380 aiunt
1513 2340 1552 2376 in
1584 2336 1655 2374 hac
1686 2333 1750 2371 sua

355 2435 532 2480 fortuna,
563 2444 649 2485 quae
681 2428 783 2467 bona
814 2424 884 2478 ipsi
916 2420 1098 2465 videtur5
1131 2414 1249 2459 mihi,
1280 2425 1327 2452 ne
1360 2407 1514 2462 gravius
1545 2399 1752 2457 quippiam
