<?xml version="1.0" encoding="UTF-8"?>
<!DOCTYPE html PUBLIC "-//W3C//DTD XHTML 1.0 Transitional//EN"
    "http://www.w3.org/TR/xhtml1/DTD/xhtml1-transitional.dtd">
<html xmlns="http://www.w3.org/1999/xhtml" xml:lang="en" lang="en">
 <head>
  <title>
</title>
<meta http-equiv="Content-Type" content="text/html;charset=utf-8" />
  <meta name='ocr-system' content='tesseract 3.04.00' />
  <meta name='ocr-capabilities' content='ocr_page ocr_carea ocr_par ocr_line ocrx_word'/>
</head>
<body>
  <div class='ocr_page' id='page_1' title='image "./operacumindicibu06ciceuoft_0277.png"; bbox 0 0 2076 2860; ppageno 0'>
   <div class='ocr_carea' id='block_1_1' title="bbox 527 147 1669 200">
    <p class='ocr_par' dir='ltr' id='par_1_1' title="bbox 527 147 1669 200">
     <span class='ocr_line' id='line_1_1' title="bbox 527 147 1669 200; baseline -0.001 -14"><span class='ocrx_word' id='word_1_1' title='bbox 527 148 668 186; x_wconf 86' lang='lat' dir='ltr'><strong>PRO</strong></span> <span class='ocrx_word' id='word_1_2' title='bbox 729 148 926 186; x_wconf 82' lang='lat' dir='ltr'>REGE</span> <span class='ocrx_word' id='word_1_3' title='bbox 989 147 1411 198; x_wconf 75' lang='lat' dir='ltr'><strong>DEJOTARO‚</strong></span> <span class='ocrx_word' id='word_1_4' title='bbox 1593 150 1669 200; x_wconf 73' lang='lat'><strong>267</strong></span> 
     </span>
    </p>
   </div>
   <div class='ocr_carea' id='block_1_2' title="bbox 262 245 1670 2422">
    <p class='ocr_par' dir='ltr' id='par_1_2' title="bbox 265 245 1668 633">
     <span class='ocr_line' id='line_1_2' title="bbox 267 245 1666 301; baseline -0.001 -14"><span class='ocrx_word' id='word_1_5' title='bbox 267 249 389 295; x_wconf 90' lang='lat' dir='ltr'><strong>venit,</strong></span> <span class='ocrx_word' id='word_1_6' title='bbox 414 257 456 287; x_wconf 90' lang='lat' dir='ltr'><strong>ut</strong></span> <span class='ocrx_word' id='word_1_7' title='bbox 477 249 524 286; x_wconf 83' lang='lat' dir='ltr'><strong>ad</strong></span> <span class='ocrx_word' id='word_1_8' title='bbox 544 248 783 301; x_wconf 81' lang='lat' dir='ltr'><strong>fugientem,</strong></span> <span class='ocrx_word' id='word_1_9' title='bbox 814 262 894 285; x_wconf 88' lang='lat' dir='ltr'><strong>non</strong></span> <span class='ocrx_word' id='word_1_10' title='bbox 915 256 958 284; x_wconf 89' lang='lat' dir='ltr'><strong>ut</strong></span> <span class='ocrx_word' id='word_1_11' title='bbox 980 245 1026 283; x_wconf 86' lang='lat' dir='ltr'><strong>ad</strong></span> <span class='ocrx_word' id='word_1_12' title='bbox 1048 246 1336 299; x_wconf 73' lang='lat' dir='ltr'><strong>insequentem,</strong></span> <span class='ocrx_word' id='word_1_13' title='bbox 1368 246 1408 284; x_wconf 87' lang='lat' dir='ltr'><strong>id</strong></span> <span class='ocrx_word' id='word_1_14' title='bbox 1429 247 1496 291; x_wconf 85' lang='lat' dir='ltr'><strong>est,</strong></span> <span class='ocrx_word' id='word_1_15' title='bbox 1529 248 1575 284; x_wconf 83' lang='lat' dir='ltr'><strong>ad</strong></span> <span class='ocrx_word' id='word_1_16' title='bbox 1597 262 1666 300; x_wconf 70' lang='lat' dir='ltr'><strong>pe-</strong></span> 
     </span>
     <span class='ocr_line' id='line_1_3' title="bbox 267 312 1668 366; baseline -0.001 -13"><span class='ocrx_word' id='word_1_17' title='bbox 267 316 399 361; x_wconf 84' lang='lat' dir='ltr'><strong>riculi,</strong></span> <span class='ocrx_word' id='word_1_18' title='bbox 431 329 510 353; x_wconf 90' lang='lat' dir='ltr'><strong>non</strong></span> <span class='ocrx_word' id='word_1_19' title='bbox 532 315 580 352; x_wconf 89' lang='lat' dir='ltr'><strong>ad</strong></span> <span class='ocrx_word' id='word_1_20' title='bbox 601 315 785 359; x_wconf 63' lang='lat' dir='ltr'><strong>vietoriae‚</strong></span> <span class='ocrx_word' id='word_1_21' title='bbox 818 314 1058 352; x_wconf 82' lang='lat' dir='ltr'><strong>societatem.</strong></span> <span class='ocrx_word' id='word_1_22' title='bbox 1105 315 1256 366; x_wconf 85' lang='lat' dir='ltr'><strong>Itaque,</strong></span> <span class='ocrx_word' id='word_1_23' title='bbox 1290 312 1512 351; x_wconf 78' lang='lat' dir='ltr'><strong>Pharsalico</strong></span> <span class='ocrx_word' id='word_1_24' title='bbox 1533 315 1668 366; x_wconf 72' lang='lat' dir='ltr'><strong>praeiio</strong></span> 
     </span>
     <span class='ocr_line' id='line_1_4' title="bbox 265 380 1664 434; baseline -0.002 -14"><span class='ocrx_word' id='word_1_25' title='bbox 265 382 383 427; x_wconf 58' lang='lat' dir='ltr'><strong>faeto,</strong></span> <span class='ocrx_word' id='word_1_26' title='bbox 406 396 426 420; x_wconf 88' lang='lat' dir='ltr'><strong>a</strong></span> <span class='ocrx_word' id='word_1_27' title='bbox 446 382 639 434; x_wconf 86' lang='lat' dir='ltr'><strong>Pompeio</strong></span> <span class='ocrx_word' id='word_1_28' title='bbox 661 381 849 419; x_wconf 83' lang='lat' dir='ltr'><strong>disceffit:</strong></span> <span class='ocrx_word' id='word_1_29' title='bbox 873 381 982 433; x_wconf 86' lang='lat' dir='ltr'><strong>spem</strong></span> <span class='ocrx_word' id='word_1_30' title='bbox 1002 380 1202 418; x_wconf 70' lang='lat' dir='ltr'><strong>infinitam</strong></span> <span class='ocrx_word' id='word_1_31' title='bbox 1222 380 1401 433; x_wconf 81' lang='lat' dir='ltr'><strong>persequi</strong></span> <span class='ocrx_word' id='word_1_32' title='bbox 1423 380 1567 419; x_wconf 84' lang='lat' dir='ltr'><strong>noluit.</strong></span> <span class='ocrx_word' id='word_1_33' title='bbox 1593 381 1664 418; x_wconf 74' lang='lat' dir='ltr'><strong>Vel</strong></span> 
     </span>
     <span class='ocr_line' id='line_1_5' title="bbox 265 447 1666 501; baseline -0.001 -14"><span class='ocrx_word' id='word_1_34' title='bbox 265 449 422 494; x_wconf 85' lang='lat' dir='ltr'><strong>officio,</strong></span> <span class='ocrx_word' id='word_1_35' title='bbox 454 449 481 486; x_wconf 88' lang='lat' dir='ltr'>fi</span> <span class='ocrx_word' id='word_1_36' title='bbox 510 448 608 501; x_wconf 86' lang='lat' dir='ltr'><strong>quid</strong></span> <span class='ocrx_word' id='word_1_37' title='bbox 638 447 848 493; x_wconf 85' lang='lat' dir='ltr'><strong>debuerat,</strong></span> <span class='ocrx_word' id='word_1_38' title='bbox 880 447 941 485; x_wconf 88' lang='lat' dir='ltr'><strong>vel</strong></span> <span class='ocrx_word' id='word_1_39' title='bbox 972 447 1116 491; x_wconf 86' lang='lat' dir='ltr'><strong>errori,</strong></span> <span class='ocrx_word' id='word_1_40' title='bbox 1149 447 1175 484; x_wconf 82' lang='lat' dir='ltr'><strong>si</strong></span> <span class='ocrx_word' id='word_1_41' title='bbox 1206 447 1303 499; x_wconf 82' lang='lat' dir='ltr'><strong>quid</strong></span> <span class='ocrx_word' id='word_1_42' title='bbox 1335 447 1544 492; x_wconf 78' lang='lat' dir='ltr'><strong>nescierat,</strong></span> <span class='ocrx_word' id='word_1_43' title='bbox 1577 447 1666 485; x_wconf 71' lang='lat' dir='ltr'><strong>satis</strong></span> 
     </span>
     <span class='ocr_line' id='line_1_6' title="bbox 265 514 1666 566; baseline -0.001 -13"><span class='ocrx_word' id='word_1_44' title='bbox 265 514 415 553; x_wconf 61' lang='lat' dir='ltr'><strong>faetum</strong></span> <span class='ocrx_word' id='word_1_45' title='bbox 444 515 516 553; x_wconf 80' lang='lat' dir='ltr'><strong>effe</strong></span> <span class='ocrx_word' id='word_1_46' title='bbox 546 515 688 554; x_wconf 83' lang='lat' dir='ltr'><strong>duxit:</strong></span> <span class='ocrx_word' id='word_1_47' title='bbox 722 515 888 553; x_wconf 88' lang='lat' dir='ltr'><strong>domum</strong></span> <span class='ocrx_word' id='word_1_48' title='bbox 919 514 954 552; x_wconf 86' lang='lat' dir='ltr'><strong>se</strong></span> <span class='ocrx_word' id='word_1_49' title='bbox 975 514 1176 552; x_wconf 84' lang='lat' dir='ltr'><strong>contulit:</strong></span> <span class='ocrx_word' id='word_1_50' title='bbox 1210 523 1327 566; x_wconf 88' lang='lat' dir='ltr'><strong>teque</strong></span> <span class='ocrx_word' id='word_1_51' title='bbox 1348 514 1666 552; x_wconf 76' lang='lat' dir='ltr'><strong>Alexandrinum</strong></span> 
     </span>
     <span class='ocr_line' id='line_1_7' title="bbox 265 580 1153 633; baseline -0.003 -14"><span class='ocrx_word' id='word_1_52' title='bbox 265 580 419 619; x_wconf 83' lang='lat' dir='ltr'><strong>bellum</strong></span> <span class='ocrx_word' id='word_1_53' title='bbox 440 590 612 633; x_wconf 86' lang='lat' dir='ltr'><strong>gerente,</strong></span> <span class='ocrx_word' id='word_1_54' title='bbox 646 581 887 618; x_wconf 75' lang='lat' dir='ltr'>utilitatibus</span> <span class='ocrx_word' id='word_1_55' title='bbox 909 580 988 618; x_wconf 81' lang='lat' dir='ltr'><strong>tuis</strong></span> <span class='ocrx_word' id='word_1_56' title='bbox 1010 580 1153 632; x_wconf 86' lang='lat' dir='ltr'><strong>paruit.</strong></span> 
     </span>
    </p>

    <p class='ocr_par' dir='ltr' id='par_1_3' title="bbox 264 645 1670 1163">
     <span class='ocr_line' id='line_1_8' title="bbox 287 645 1667 698; baseline -0.001 -13"><span class='ocrx_word' id='word_1_57' title='bbox 287 669 290 671; x_wconf 21' lang='grc' dir='ltr'><strong>Δ</strong></span> <span class='ocrx_word' id='word_1_58' title='bbox 322 648 398 686; x_wconf 87' lang='lat' dir='ltr'><strong>Ille</strong></span> <span class='ocrx_word' id='word_1_59' title='bbox 415 648 636 685; x_wconf 82' lang='lat' dir='ltr'><strong>exercitum</strong></span> <span class='ocrx_word' id='word_1_60' title='bbox 658 648 735 685; x_wconf 90' lang='lat' dir='ltr'><strong>Cn.</strong></span> <span class='ocrx_word' id='word_1_61' title='bbox 761 647 961 691; x_wconf 88' lang='lat' dir='ltr'><strong>Domitii,</strong></span> <span class='ocrx_word' id='word_1_62' title='bbox 994 645 1222 698; x_wconf 82' lang='lat' dir='ltr'><strong>ampliffimi</strong></span> <span class='ocrx_word' id='word_1_63' title='bbox 1252 645 1350 690; x_wconf 85' lang='lat' dir='ltr'><strong>viri,</strong></span> <span class='ocrx_word' id='word_1_64' title='bbox 1383 646 1460 683; x_wconf 85' lang='lat' dir='ltr'><strong>suis</strong></span> <span class='ocrx_word' id='word_1_65' title='bbox 1491 647 1601 684; x_wconf 70' lang='lat' dir='ltr'><strong>teffis</strong></span> <span class='ocrx_word' id='word_1_66' title='bbox 1629 655 1667 684; x_wconf 89' lang='lat' dir='ltr'><strong>et</strong></span> 
     </span>
     <span class='ocr_line' id='line_1_9' title="bbox 265 712 1664 767; baseline -0.001 -15"><span class='ocrx_word' id='word_1_67' title='bbox 265 714 390 767; x_wconf 82' lang='lat' dir='ltr'><strong>copiis</strong></span> <span class='ocrx_word' id='word_1_68' title='bbox 411 714 659 752; x_wconf 83' lang='lat' dir='ltr'><strong>sustentavit:</strong></span> <span class='ocrx_word' id='word_1_69' title='bbox 685 714 752 751; x_wconf 85' lang='lat' dir='ltr'><strong>ille</strong></span> <span class='ocrx_word' id='word_1_70' title='bbox 775 712 979 766; x_wconf 86' lang='lat' dir='ltr'><strong>Ephesum</strong></span> <span class='ocrx_word' id='word_1_71' title='bbox 1001 712 1047 749; x_wconf 75' lang='lat' dir='ltr'><strong>ad</strong></span> <span class='ocrx_word' id='word_1_72' title='bbox 1068 725 1175 756; x_wconf 86' lang='lat' dir='ltr'><strong>eum,</strong></span> <span class='ocrx_word' id='word_1_73' title='bbox 1194 725 1314 763; x_wconf 89' lang='lat' dir='ltr'><strong>quem</strong></span> <span class='ocrx_word' id='word_1_74' title='bbox 1336 721 1378 749; x_wconf 90' lang='lat' dir='ltr'><strong>tu</strong></span> <span class='ocrx_word' id='word_1_75' title='bbox 1396 725 1443 749; x_wconf 86' lang='lat' dir='ltr'><strong>ex</strong></span> <span class='ocrx_word' id='word_1_76' title='bbox 1465 713 1543 750; x_wconf 80' lang='lat' dir='ltr'><strong>tuis</strong></span> <span class='ocrx_word' id='word_1_77' title='bbox 1566 712 1664 750; x_wconf 83' lang='lat' dir='ltr'><strong>fide-</strong></span> 
     </span>
     <span class='ocr_line' id='line_1_10' title="bbox 265 777 1663 833; baseline -0.001 -15"><span class='ocrx_word' id='word_1_78' title='bbox 265 780 456 818; x_wconf 86' lang='lat' dir='ltr'><strong>liffimum</strong></span> <span class='ocrx_word' id='word_1_79' title='bbox 476 789 516 818; x_wconf 90' lang='lat' dir='ltr'><strong>et</strong></span> <span class='ocrx_word' id='word_1_80' title='bbox 535 779 851 833; x_wconf 71' lang='lat' dir='ltr'><strong>probatissimum</strong></span> <span class='ocrx_word' id='word_1_81' title='bbox 872 778 1059 816; x_wconf 73' lang='lat' dir='ltr'><strong>omnibus</strong></span> <span class='ocrx_word' id='word_1_82' title='bbox 1081 777 1274 830; x_wconf 86' lang='lat' dir='ltr'><strong>delegisti,</strong></span> <span class='ocrx_word' id='word_1_83' title='bbox 1305 778 1517 830; x_wconf 87' lang='lat' dir='ltr'><strong>pecuniam</strong></span> <span class='ocrx_word' id='word_1_84' title='bbox 1538 779 1663 818; x_wconf 71' lang='lat' dir='ltr'><strong>misit:</strong></span> 
     </span>
     <span class='ocr_line' id='line_1_11' title="bbox 266 840 1670 898; baseline -0.001 -15"><span class='ocrx_word' id='word_1_85' title='bbox 266 846 335 884; x_wconf 87' lang='lat' dir='ltr'><strong>ille</strong></span> <span class='ocrx_word' id='word_1_86' title='bbox 355 846 515 891; x_wconf 87' lang='lat' dir='ltr'><strong>iterum,</strong></span> <span class='ocrx_word' id='word_1_87' title='bbox 532 840 616 883; x_wconf 50' lang='lat' dir='ltr'><strong>*ille</strong></span> <span class='ocrx_word' id='word_1_88' title='bbox 637 845 768 890; x_wconf 87' lang='lat' dir='ltr'><strong>tertio,</strong></span> <span class='ocrx_word' id='word_1_89' title='bbox 791 844 1040 882; x_wconf 59' lang='lat' dir='ltr'><strong>auetionibus</strong></span> <span class='ocrx_word' id='word_1_90' title='bbox 1062 843 1190 889; x_wconf 62' lang='lat' dir='ltr'><strong>saetis,</strong></span> <span class='ocrx_word' id='word_1_91' title='bbox 1213 844 1424 896; x_wconf 85' lang='lat' dir='ltr'><strong>pecuniam</strong></span> <span class='ocrx_word' id='word_1_92' title='bbox 1444 844 1567 889; x_wconf 87' lang='lat' dir='ltr'><strong>dedit,</strong></span> <span class='ocrx_word' id='word_1_93' title='bbox 1591 858 1670 898; x_wconf 86' lang='lat' dir='ltr'><strong>qua</strong></span> 
     </span>
     <span class='ocr_line' id='line_1_12' title="bbox 265 909 1665 963; baseline 0 -14"><span class='ocrx_word' id='word_1_94' title='bbox 265 912 312 949; x_wconf 88' lang='lat' dir='ltr'><strong>ad</strong></span> <span class='ocrx_word' id='word_1_95' title='bbox 334 911 486 949; x_wconf 84' lang='lat' dir='ltr'><strong>bellum</strong></span> <span class='ocrx_word' id='word_1_96' title='bbox 509 912 669 949; x_wconf 85' lang='lat' dir='ltr'><strong>utereris</strong></span> <span class='ocrx_word' id='word_1_97' title='bbox 690 926 698 949; x_wconf 89' lang='lat'>:</span> <span class='ocrx_word' id='word_1_98' title='bbox 732 911 800 948; x_wconf 89' lang='lat' dir='ltr'><strong>ille</strong></span> <span class='ocrx_word' id='word_1_99' title='bbox 820 924 963 963; x_wconf 82' lang='lat' dir='ltr'><strong>corpus</strong></span> <span class='ocrx_word' id='word_1_100' title='bbox 986 910 1099 948; x_wconf 87' lang='lat' dir='ltr'><strong>suum</strong></span> <span class='ocrx_word' id='word_1_101' title='bbox 1120 909 1298 962; x_wconf 85' lang='lat' dir='ltr'><strong>periculo</strong></span> <span class='ocrx_word' id='word_1_102' title='bbox 1319 910 1481 962; x_wconf 85' lang='lat' dir='ltr'><strong>objecit,</strong></span> <span class='ocrx_word' id='word_1_103' title='bbox 1510 919 1665 949; x_wconf 88' lang='lat' dir='ltr'><strong>tecum-</strong></span> 
     </span>
     <span class='ocr_line' id='line_1_13' title="bbox 266 974 1668 1030; baseline 0.001 -16"><span class='ocrx_word' id='word_1_104' title='bbox 266 990 343 1030; x_wconf 86' lang='lat' dir='ltr'><strong>que</strong></span> <span class='ocrx_word' id='word_1_105' title='bbox 364 977 404 1014; x_wconf 87' lang='lat' dir='ltr'><strong>in</strong></span> <span class='ocrx_word' id='word_1_106' title='bbox 425 977 507 1015; x_wconf 85' lang='lat' dir='ltr'><strong>acie</strong></span> <span class='ocrx_word' id='word_1_107' title='bbox 527 985 664 1015; x_wconf 86' lang='lat' dir='ltr'><strong>contra</strong></span> <span class='ocrx_word' id='word_1_108' title='bbox 685 974 928 1014; x_wconf 78' lang='lat' dir='ltr'><strong>Pharnacem</strong></span> <span class='ocrx_word' id='word_1_109' title='bbox 950 975 1042 1021; x_wconf 88' lang='lat' dir='ltr'><strong>fuit,</strong></span> <span class='ocrx_word' id='word_1_110' title='bbox 1071 984 1266 1028; x_wconf 84' lang='lat' dir='ltr'><strong>tuumque</strong></span> <span class='ocrx_word' id='word_1_111' title='bbox 1286 974 1439 1014; x_wconf 85' lang='lat' dir='ltr'><strong>hostem</strong></span> <span class='ocrx_word' id='word_1_112' title='bbox 1459 976 1531 1014; x_wconf 80' lang='lat' dir='ltr'><strong>effe</strong></span> <span class='ocrx_word' id='word_1_113' title='bbox 1553 977 1668 1015; x_wconf 76' lang='lat' dir='ltr'><strong>duxit</strong></span> 
     </span>
     <span class='ocr_line' id='line_1_14' title="bbox 265 1042 1665 1096; baseline 0 -15"><span class='ocrx_word' id='word_1_114' title='bbox 265 1044 394 1082; x_wconf 89' lang='lat' dir='ltr'><strong>suum.</strong></span> <span class='ocrx_word' id='word_1_115' title='bbox 419 1044 518 1095; x_wconf 82' lang='lat' dir='ltr'><strong>Qae</strong></span> <span class='ocrx_word' id='word_1_116' title='bbox 539 1043 702 1096; x_wconf 86' lang='lat' dir='ltr'><strong>quidem</strong></span> <span class='ocrx_word' id='word_1_117' title='bbox 720 1056 741 1080; x_wconf 84' lang='lat' dir='ltr'><strong>a</strong></span> <span class='ocrx_word' id='word_1_118' title='bbox 757 1052 794 1080; x_wconf 91' lang='lat' dir='ltr'><strong>te</strong></span> <span class='ocrx_word' id='word_1_119' title='bbox 814 1043 855 1080; x_wconf 88' lang='lat' dir='ltr'><strong>in</strong></span> <span class='ocrx_word' id='word_1_120' title='bbox 877 1056 963 1080; x_wconf 86' lang='lat' dir='ltr'><strong>eam</strong></span> <span class='ocrx_word' id='word_1_121' title='bbox 984 1050 1136 1094; x_wconf 85' lang='lat' dir='ltr'><strong>partem</strong></span> <span class='ocrx_word' id='word_1_122' title='bbox 1157 1051 1317 1094; x_wconf 80' lang='lat' dir='ltr'><strong>accepta</strong></span> <span class='ocrx_word' id='word_1_123' title='bbox 1336 1042 1441 1088; x_wconf 85' lang='lat' dir='ltr'><strong>sunt,</strong></span> <span class='ocrx_word' id='word_1_124' title='bbox 1461 1044 1509 1081; x_wconf 91' lang='lat' dir='ltr'><strong>C.</strong></span> <span class='ocrx_word' id='word_1_125' title='bbox 1526 1043 1665 1089; x_wconf 78' lang='lat' dir='ltr'><strong>Caesar,</strong></span> 
     </span>
     <span class='ocr_line' id='line_1_15' title="bbox 264 1108 1425 1163; baseline 0 -15"><span class='ocrx_word' id='word_1_126' title='bbox 264 1119 308 1148; x_wconf 88' lang='lat' dir='ltr'><strong>ut</strong></span> <span class='ocrx_word' id='word_1_127' title='bbox 328 1123 421 1149; x_wconf 88' lang='lat' dir='ltr'><strong>eum</strong></span> <span class='ocrx_word' id='word_1_128' title='bbox 441 1109 679 1163; x_wconf 86' lang='lat' dir='ltr'><strong>ampliffimo</strong></span> <span class='ocrx_word' id='word_1_129' title='bbox 701 1110 801 1162; x_wconf 85' lang='lat' dir='ltr'><strong>regis</strong></span> <span class='ocrx_word' id='word_1_130' title='bbox 823 1108 972 1147; x_wconf 87' lang='lat' dir='ltr'><strong>honore</strong></span> <span class='ocrx_word' id='word_1_131' title='bbox 994 1118 1032 1146; x_wconf 92' lang='lat' dir='ltr'><strong>et</strong></span> <span class='ocrx_word' id='word_1_132' title='bbox 1053 1109 1216 1147; x_wconf 91' lang='lat' dir='ltr'><strong>nomine</strong></span> <span class='ocrx_word' id='word_1_133' title='bbox 1236 1108 1425 1148; x_wconf 87' lang='lat' dir='ltr'><strong>affeceris.</strong></span> 
     </span>
    </p>

    <p class='ocr_par' dir='ltr' id='par_1_4' title="bbox 262 1175 1668 2156">
     <span class='ocr_line' id='line_1_16' title="bbox 319 1175 1666 1229; baseline 0.001 -15"><span class='ocrx_word' id='word_1_134' title='bbox 319 1177 358 1214; x_wconf 90' lang='lat' dir='ltr'><strong>Is</strong></span> <span class='ocrx_word' id='word_1_135' title='bbox 379 1176 504 1229; x_wconf 89' lang='lat' dir='ltr'><strong>igitur</strong></span> <span class='ocrx_word' id='word_1_136' title='bbox 524 1189 605 1214; x_wconf 91' lang='lat' dir='ltr'><strong>non</strong></span> <span class='ocrx_word' id='word_1_137' title='bbox 625 1175 746 1214; x_wconf 88' lang='lat' dir='ltr'><strong>modo</strong></span> <span class='ocrx_word' id='word_1_138' title='bbox 775 1189 796 1213; x_wconf 90' lang='lat' dir='ltr'><strong>a</strong></span> <span class='ocrx_word' id='word_1_139' title='bbox 826 1185 863 1214; x_wconf 88' lang='lat' dir='ltr'><strong>te</strong></span> <span class='ocrx_word' id='word_1_140' title='bbox 891 1175 1070 1228; x_wconf 86' lang='lat' dir='ltr'><strong>periculo</strong></span> <span class='ocrx_word' id='word_1_141' title='bbox 1100 1175 1315 1221; x_wconf 76' lang='lat' dir='ltr'><strong>liberatus,</strong></span> <span class='ocrx_word' id='word_1_142' title='bbox 1347 1175 1411 1213; x_wconf 89' lang='lat' dir='ltr'><strong>sed</strong></span> <span class='ocrx_word' id='word_1_143' title='bbox 1441 1175 1559 1214; x_wconf 86' lang='lat' dir='ltr'><strong>etiam</strong></span> <span class='ocrx_word' id='word_1_144' title='bbox 1590 1176 1666 1215; x_wconf 94' lang='lat' dir='ltr'><strong>ho-</strong></span> 
     </span>
     <span class='ocr_line' id='line_1_17' title="bbox 265 1241 1667 1294; baseline 0.001 -14"><span class='ocrx_word' id='word_1_145' title='bbox 265 1255 359 1280; x_wconf 87' lang='lat' dir='ltr'><strong>nore</strong></span> <span class='ocrx_word' id='word_1_146' title='bbox 378 1242 617 1294; x_wconf 85' lang='lat' dir='ltr'><strong>ampliffimo</strong></span> <span class='ocrx_word' id='word_1_147' title='bbox 638 1251 797 1280; x_wconf 83' lang='lat' dir='ltr'><strong>ornatus</strong></span> <span class='ocrx_word' id='word_1_148' title='bbox 813 1271 823 1287; x_wconf 89' lang='lat'>‚</span> <span class='ocrx_word' id='word_1_149' title='bbox 855 1242 1033 1294; x_wconf 85' lang='lat' dir='ltr'><strong>arguitur</strong></span> <span class='ocrx_word' id='word_1_150' title='bbox 1053 1241 1164 1280; x_wconf 80' lang='lat' dir='ltr'><strong>domi</strong></span> <span class='ocrx_word' id='word_1_151' title='bbox 1193 1251 1231 1280; x_wconf 89' lang='lat' dir='ltr'><strong>te</strong></span> <span class='ocrx_word' id='word_1_152' title='bbox 1259 1241 1333 1280; x_wconf 85' lang='lat' dir='ltr'><strong>suae</strong></span> <span class='ocrx_word' id='word_1_153' title='bbox 1354 1241 1574 1281; x_wconf 89' lang='lat' dir='ltr'><strong>interficere</strong></span> <span class='ocrx_word' id='word_1_154' title='bbox 1595 1257 1667 1282; x_wconf 91' lang='lat' dir='ltr'><strong>vo-</strong></span> 
     </span>
     <span class='ocr_line' id='line_1_18' title="bbox 265 1307 1667 1363; baseline 0.001 -16"><span class='ocrx_word' id='word_1_155' title='bbox 265 1308 389 1347; x_wconf 84' lang='lat' dir='ltr'><strong>luiffe.</strong></span> <span class='ocrx_word' id='word_1_156' title='bbox 423 1308 544 1360; x_wconf 87' lang='lat' dir='ltr'><strong>Qod</strong></span> <span class='ocrx_word' id='word_1_157' title='bbox 567 1318 624 1354; x_wconf 89' lang='lat' dir='ltr'><strong>tu,</strong></span> <span class='ocrx_word' id='word_1_158' title='bbox 657 1309 728 1346; x_wconf 80' lang='lat' dir='ltr'><strong>nisi</strong></span> <span class='ocrx_word' id='word_1_159' title='bbox 748 1322 840 1347; x_wconf 91' lang='lat' dir='ltr'><strong>eum</strong></span> <span class='ocrx_word' id='word_1_160' title='bbox 861 1307 1156 1346; x_wconf 82' lang='lat' dir='ltr'><strong>furiofiffimum</strong></span> <span class='ocrx_word' id='word_1_161' title='bbox 1172 1308 1343 1360; x_wconf 86' lang='lat' dir='ltr'><strong>judicas,</strong></span> <span class='ocrx_word' id='word_1_162' title='bbox 1367 1308 1551 1363; x_wconf 87' lang='lat' dir='ltr'><strong>suspicari</strong></span> <span class='ocrx_word' id='word_1_163' title='bbox 1572 1323 1667 1363; x_wconf 87' lang='lat' dir='ltr'><strong>pro-</strong></span> 
     </span>
     <span class='ocr_line' id='line_1_19' title="bbox 264 1374 1665 1428; baseline 0.001 -15"><span class='ocrx_word' id='word_1_164' title='bbox 264 1374 368 1413; x_wconf 68' lang='lat' dir='ltr'><strong>fe&amp;0</strong></span> <span class='ocrx_word' id='word_1_165' title='bbox 389 1388 469 1413; x_wconf 90' lang='lat' dir='ltr'><strong>non</strong></span> <span class='ocrx_word' id='word_1_166' title='bbox 490 1384 616 1428; x_wconf 85' lang='lat' dir='ltr'><strong>potes.</strong></span> <span class='ocrx_word' id='word_1_167' title='bbox 651 1376 710 1413; x_wconf 90' lang='lat' dir='ltr'><strong>Ut</strong></span> <span class='ocrx_word' id='word_1_168' title='bbox 729 1375 838 1413; x_wconf 89' lang='lat' dir='ltr'><strong>enim</strong></span> <span class='ocrx_word' id='word_1_169' title='bbox 858 1374 1058 1419; x_wconf 81' lang='lat' dir='ltr'><strong>omittam,</strong></span> <span class='ocrx_word' id='word_1_170' title='bbox 1091 1375 1204 1427; x_wconf 84' lang='lat' dir='ltr'><strong>cujus</strong></span> <span class='ocrx_word' id='word_1_171' title='bbox 1228 1376 1327 1413; x_wconf 83' lang='lat' dir='ltr'><strong>tanti</strong></span> <span class='ocrx_word' id='word_1_172' title='bbox 1348 1375 1501 1414; x_wconf 87' lang='lat' dir='ltr'><strong>sceleris</strong></span> <span class='ocrx_word' id='word_1_173' title='bbox 1523 1375 1665 1422; x_wconf 87' lang='lat' dir='ltr'><strong>fuerit,</strong></span> 
     </span>
     <span class='ocr_line' id='line_1_20' title="bbox 265 1439 1668 1495; baseline 0.001 -15"><span class='ocrx_word' id='word_1_174' title='bbox 265 1442 306 1480; x_wconf 91' lang='lat' dir='ltr'><strong>in</strong></span> <span class='ocrx_word' id='word_1_175' title='bbox 327 1441 538 1495; x_wconf 64' lang='lat' dir='ltr'><strong>conspeetu</strong></span> <span class='ocrx_word' id='word_1_176' title='bbox 559 1443 739 1480; x_wconf 88' lang='lat' dir='ltr'><strong>Deorum</strong></span> <span class='ocrx_word' id='word_1_177' title='bbox 760 1441 965 1495; x_wconf 86' lang='lat' dir='ltr'><strong>penatium</strong></span> <span class='ocrx_word' id='word_1_178' title='bbox 986 1454 1121 1478; x_wconf 87' lang='lat' dir='ltr'><strong>necare</strong></span> <span class='ocrx_word' id='word_1_179' title='bbox 1145 1439 1344 1494; x_wconf 88' lang='lat' dir='ltr'><strong>hospitem</strong></span> <span class='ocrx_word' id='word_1_180' title='bbox 1362 1461 1373 1487; x_wconf 87' lang='lat'>;</span> <span class='ocrx_word' id='word_1_181' title='bbox 1406 1443 1519 1495; x_wconf 89' lang='lat' dir='ltr'><strong>cujus</strong></span> <span class='ocrx_word' id='word_1_182' title='bbox 1550 1452 1668 1482; x_wconf 84' lang='lat' dir='ltr'><strong>tantae</strong></span> 
     </span>
     <span class='ocr_line' id='line_1_21' title="bbox 264 1507 1667 1560; baseline 0.001 -15"><span class='ocrx_word' id='word_1_183' title='bbox 264 1507 596 1560; x_wconf 82' lang='lat' dir='ltr'><strong>importunitatis,</strong></span> <span class='ocrx_word' id='word_1_184' title='bbox 626 1508 811 1546; x_wconf 89' lang='lat' dir='ltr'><strong>omnium</strong></span> <span class='ocrx_word' id='word_1_185' title='bbox 831 1507 1028 1559; x_wconf 86' lang='lat' dir='ltr'><strong>gentium,</strong></span> <span class='ocrx_word' id='word_1_186' title='bbox 1051 1515 1169 1558; x_wconf 85' lang='lat' dir='ltr'><strong>atque</strong></span> <span class='ocrx_word' id='word_1_187' title='bbox 1189 1508 1319 1545; x_wconf 88' lang='lat' dir='ltr'><strong>omnis</strong></span> <span class='ocrx_word' id='word_1_188' title='bbox 1342 1509 1556 1553; x_wconf 84' lang='lat' dir='ltr'><strong>memoriae,</strong></span> <span class='ocrx_word' id='word_1_189' title='bbox 1583 1509 1667 1546; x_wconf 88' lang='lat' dir='ltr'><strong>cla-</strong></span> 
     </span>
     <span class='ocr_line' id='line_1_22' title="bbox 264 1571 1667 1625; baseline 0.001 -13"><span class='ocrx_word' id='word_1_190' title='bbox 264 1573 458 1612; x_wconf 87' lang='lat' dir='ltr'><strong>riffimum</strong></span> <span class='ocrx_word' id='word_1_191' title='bbox 479 1574 615 1612; x_wconf 89' lang='lat' dir='ltr'><strong>lumen</strong></span> <span class='ocrx_word' id='word_1_192' title='bbox 637 1574 896 1625; x_wconf 84' lang='lat' dir='ltr'><strong>extinguere;</strong></span> <span class='ocrx_word' id='word_1_193' title='bbox 929 1573 1042 1624; x_wconf 88' lang='lat' dir='ltr'><strong>cujus</strong></span> <span class='ocrx_word' id='word_1_194' title='bbox 1066 1581 1181 1610; x_wconf 82' lang='lat' dir='ltr'><strong>tantae</strong></span> <span class='ocrx_word' id='word_1_195' title='bbox 1201 1571 1417 1610; x_wconf 86' lang='lat' dir='ltr'><strong>ferocitatis</strong></span> <span class='ocrx_word' id='word_1_196' title='bbox 1433 1603 1444 1618; x_wconf 94' lang='lat'><strong>,</strong></span> <span class='ocrx_word' id='word_1_197' title='bbox 1476 1574 1667 1613; x_wconf 63' lang='lat' dir='ltr'><strong>vietorem</strong></span> 
     </span>
     <span class='ocr_line' id='line_1_23' title="bbox 263 1638 1666 1693; baseline 0.001 -15"><span class='ocrx_word' id='word_1_198' title='bbox 263 1640 371 1679; x_wconf 91' lang='lat' dir='ltr'><strong>orbis</strong></span> <span class='ocrx_word' id='word_1_199' title='bbox 394 1649 584 1679; x_wconf 88' lang='lat' dir='ltr'><strong>terrarum</strong></span> <span class='ocrx_word' id='word_1_200' title='bbox 606 1654 686 1678; x_wconf 93' lang='lat' dir='ltr'><strong>non</strong></span> <span class='ocrx_word' id='word_1_201' title='bbox 707 1638 959 1678; x_wconf 88' lang='lat' dir='ltr'><strong>extimescere</strong></span> <span class='ocrx_word' id='word_1_202' title='bbox 968 1658 980 1684; x_wconf 89' lang='lat'>;</span> <span class='ocrx_word' id='word_1_203' title='bbox 1004 1639 1117 1692; x_wconf 89' lang='lat' dir='ltr'><strong>cujus</strong></span> <span class='ocrx_word' id='word_1_204' title='bbox 1135 1648 1215 1676; x_wconf 85' lang='lat' dir='ltr'><strong>tam</strong></span> <span class='ocrx_word' id='word_1_205' title='bbox 1232 1638 1441 1677; x_wconf 87' lang='lat' dir='ltr'><strong>inhumani</strong></span> <span class='ocrx_word' id='word_1_206' title='bbox 1462 1649 1501 1678; x_wconf 90' lang='lat' dir='ltr'><strong>et</strong></span> <span class='ocrx_word' id='word_1_207' title='bbox 1521 1640 1666 1693; x_wconf 85' lang='lat' dir='ltr'><strong>ingrati</strong></span> 
     </span>
     <span class='ocr_line' id='line_1_24' title="bbox 263 1705 1663 1760; baseline 0.001 -15"><span class='ocrx_word' id='word_1_208' title='bbox 263 1707 411 1753; x_wconf 90' lang='lat' dir='ltr'><strong>animi,</strong></span> <span class='ocrx_word' id='word_1_209' title='bbox 443 1720 465 1745; x_wconf 90' lang='lat' dir='ltr'><strong>a</strong></span> <span class='ocrx_word' id='word_1_210' title='bbox 484 1720 564 1760; x_wconf 91' lang='lat' dir='ltr'><strong>quo</strong></span> <span class='ocrx_word' id='word_1_211' title='bbox 585 1720 651 1746; x_wconf 83' lang='lat' dir='ltr'><strong>rex</strong></span> <span class='ocrx_word' id='word_1_212' title='bbox 672 1706 891 1760; x_wconf 86' lang='lat' dir='ltr'><strong>appellatus</strong></span> <span class='ocrx_word' id='word_1_213' title='bbox 912 1705 1023 1751; x_wconf 82' lang='lat' dir='ltr'><strong>effet,</strong></span> <span class='ocrx_word' id='word_1_214' title='bbox 1055 1706 1097 1743; x_wconf 91' lang='lat' dir='ltr'><strong>in</strong></span> <span class='ocrx_word' id='word_1_215' title='bbox 1118 1719 1210 1743; x_wconf 87' lang='lat' dir='ltr'><strong>eum</strong></span> <span class='ocrx_word' id='word_1_216' title='bbox 1232 1707 1634 1757; x_wconf 83' lang='lat' dir='ltr'><strong>tyrannuminveniri</strong></span> <span class='ocrx_word' id='word_1_217' title='bbox 1653 1723 1663 1746; x_wconf 78' lang='lat' dir='ltr'><em>z</em></span> 
     </span>
     <span class='ocr_line' id='line_1_25' title="bbox 263 1770 1665 1826; baseline 0 -14"><span class='ocrx_word' id='word_1_218' title='bbox 263 1782 309 1812; x_wconf 94' lang='lat' dir='ltr'><strong>ut</strong></span> <span class='ocrx_word' id='word_1_219' title='bbox 329 1772 413 1812; x_wconf 84' lang='lat' dir='ltr'><strong>haec</strong></span> <span class='ocrx_word' id='word_1_220' title='bbox 434 1773 619 1811; x_wconf 88' lang='lat' dir='ltr'><strong>omittam</strong></span> <span class='ocrx_word' id='word_1_221' title='bbox 635 1792 648 1819; x_wconf 66' lang='grc' dir='ltr'><strong><em>ς</em></strong></span> <span class='ocrx_word' id='word_1_222' title='bbox 681 1773 794 1825; x_wconf 87' lang='lat' dir='ltr'><strong>cujus</strong></span> <span class='ocrx_word' id='word_1_223' title='bbox 817 1771 917 1810; x_wconf 88' lang='lat' dir='ltr'><strong>tanti</strong></span> <span class='ocrx_word' id='word_1_224' title='bbox 936 1770 1081 1810; x_wconf 83' lang='lat' dir='ltr'><strong>furoris</strong></span> <span class='ocrx_word' id='word_1_225' title='bbox 1103 1770 1207 1817; x_wconf 91' lang='lat' dir='ltr'><strong>fuit,</strong></span> <span class='ocrx_word' id='word_1_226' title='bbox 1237 1785 1375 1810; x_wconf 83' lang='lat' dir='ltr'><strong>omnes</strong></span> <span class='ocrx_word' id='word_1_227' title='bbox 1397 1785 1504 1824; x_wconf 87' lang='lat' dir='ltr'><strong>reges</strong></span> <span class='ocrx_word' id='word_1_228' title='bbox 1518 1802 1529 1817; x_wconf 93' lang='lat'>‚</span> <span class='ocrx_word' id='word_1_229' title='bbox 1560 1787 1665 1826; x_wconf 90' lang='lat' dir='ltr'><strong>quo-</strong></span> 
     </span>
     <span class='ocr_line' id='line_1_26' title="bbox 264 1837 1666 1891; baseline 0 -13"><span class='ocrx_word' id='word_1_230' title='bbox 264 1853 354 1878; x_wconf 86' lang='lat' dir='ltr'><strong>rum</strong></span> <span class='ocrx_word' id='word_1_231' title='bbox 381 1839 502 1878; x_wconf 91' lang='lat' dir='ltr'><strong>multi</strong></span> <span class='ocrx_word' id='word_1_232' title='bbox 527 1848 636 1878; x_wconf 89' lang='lat' dir='ltr'><strong>erant</strong></span> <span class='ocrx_word' id='word_1_233' title='bbox 662 1838 852 1884; x_wconf 90' lang='lat' dir='ltr'><strong>finitimi,</strong></span> <span class='ocrx_word' id='word_1_234' title='bbox 884 1851 1022 1877; x_wconf 88' lang='lat' dir='ltr'><strong>omnes</strong></span> <span class='ocrx_word' id='word_1_235' title='bbox 1049 1837 1195 1876; x_wconf 86' lang='lat' dir='ltr'><strong>liberos</strong></span> <span class='ocrx_word' id='word_1_236' title='bbox 1215 1837 1411 1891; x_wconf 89' lang='lat' dir='ltr'><strong>populos,</strong></span> <span class='ocrx_word' id='word_1_237' title='bbox 1443 1851 1581 1878; x_wconf 91' lang='lat' dir='ltr'><strong>omnes</strong></span> <span class='ocrx_word' id='word_1_238' title='bbox 1602 1840 1666 1878; x_wconf 90' lang='lat' dir='ltr'><strong>so-</strong></span> 
     </span>
     <span class='ocr_line' id='line_1_27' title="bbox 263 1904 1665 1959; baseline 0.001 -15"><span class='ocrx_word' id='word_1_239' title='bbox 263 1905 345 1944; x_wconf 91' lang='lat' dir='ltr'><strong>cios</strong></span> <span class='ocrx_word' id='word_1_240' title='bbox 360 1935 373 1952; x_wconf 87' lang='lat'>‚</span> <span class='ocrx_word' id='word_1_241' title='bbox 403 1919 540 1944; x_wconf 85' lang='lat' dir='ltr'><strong>omnes</strong></span> <span class='ocrx_word' id='word_1_242' title='bbox 560 1905 782 1959; x_wconf 87' lang='lat' dir='ltr'><strong>provincias</strong></span> <span class='ocrx_word' id='word_1_243' title='bbox 798 1934 809 1950; x_wconf 92' lang='lat'><strong>,</strong></span> <span class='ocrx_word' id='word_1_244' title='bbox 840 1904 975 1943; x_wconf 90' lang='lat' dir='ltr'><strong>omnia</strong></span> <span class='ocrx_word' id='word_1_245' title='bbox 995 1904 1166 1957; x_wconf 85' lang='lat' dir='ltr'><strong>denique</strong></span> <span class='ocrx_word' id='word_1_246' title='bbox 1192 1904 1377 1943; x_wconf 89' lang='lat' dir='ltr'><strong>omnium</strong></span> <span class='ocrx_word' id='word_1_247' title='bbox 1402 1917 1534 1951; x_wconf 88' lang='lat' dir='ltr'><strong>arma,</strong></span> <span class='ocrx_word' id='word_1_248' title='bbox 1566 1919 1665 1945; x_wconf 90' lang='lat' dir='ltr'><strong>con-</strong></span> 
     </span>
     <span class='ocr_line' id='line_1_28' title="bbox 262 1969 1665 2023; baseline 0.001 -13"><span class='ocrx_word' id='word_1_249' title='bbox 262 1980 322 2010; x_wconf 89' lang='lat' dir='ltr'><strong>tra</strong></span> <span class='ocrx_word' id='word_1_250' title='bbox 350 1971 388 2010; x_wconf 87' lang='lat' dir='ltr'><strong>se</strong></span> <span class='ocrx_word' id='word_1_251' title='bbox 417 1985 545 2010; x_wconf 89' lang='lat' dir='ltr'><strong>unum</strong></span> <span class='ocrx_word' id='word_1_252' title='bbox 574 1972 776 2010; x_wconf 82' lang='lat' dir='ltr'><strong>excitare?</strong></span> <span class='ocrx_word' id='word_1_253' title='bbox 813 1984 986 2023; x_wconf 88' lang='lat' dir='ltr'><strong>quonam</strong></span> <span class='ocrx_word' id='word_1_254' title='bbox 1019 1969 1086 2008; x_wconf 92' lang='lat' dir='ltr'><strong>ille</strong></span> <span class='ocrx_word' id='word_1_255' title='bbox 1115 1969 1237 2008; x_wconf 90' lang='lat' dir='ltr'><strong>modo</strong></span> <span class='ocrx_word' id='word_1_256' title='bbox 1266 1983 1361 2008; x_wconf 90' lang='lat' dir='ltr'><strong>cum</strong></span> <span class='ocrx_word' id='word_1_257' title='bbox 1391 1984 1538 2023; x_wconf 89' lang='lat' dir='ltr'><strong>regno,</strong></span> <span class='ocrx_word' id='word_1_258' title='bbox 1570 1985 1665 2011; x_wconf 84' lang='lat' dir='ltr'><strong>curn</strong></span> 
     </span>
     <span class='ocr_line' id='line_1_29' title="bbox 263 2035 1666 2091; baseline 0.001 -15"><span class='ocrx_word' id='word_1_259' title='bbox 263 2037 398 2084; x_wconf 88' lang='lat' dir='ltr'><strong>domo,</strong></span> <span class='ocrx_word' id='word_1_260' title='bbox 420 2051 514 2076; x_wconf 92' lang='lat' dir='ltr'><strong>cum</strong></span> <span class='ocrx_word' id='word_1_261' title='bbox 536 2039 721 2091; x_wconf 87' lang='lat' dir='ltr'><strong>conjuge,</strong></span> <span class='ocrx_word' id='word_1_262' title='bbox 745 2051 838 2075; x_wconf 90' lang='lat' dir='ltr'><strong>cum</strong></span> <span class='ocrx_word' id='word_1_263' title='bbox 859 2036 1052 2075; x_wconf 86' lang='lat' dir='ltr'><strong>cariffimo</strong></span> <span class='ocrx_word' id='word_1_264' title='bbox 1074 2036 1173 2082; x_wconf 89' lang='lat' dir='ltr'><strong>filio,</strong></span> <span class='ocrx_word' id='word_1_265' title='bbox 1196 2035 1398 2075; x_wconf 63' lang='lat' dir='ltr'><strong>distraetus</strong></span> <span class='ocrx_word' id='word_1_266' title='bbox 1419 2037 1526 2084; x_wconf 85' lang='lat' dir='ltr'><strong>effet,</strong></span> <span class='ocrx_word' id='word_1_267' title='bbox 1555 2047 1666 2078; x_wconf 89' lang='lat' dir='ltr'><strong>tanto</strong></span> 
     </span>
     <span class='ocr_line' id='line_1_30' title="bbox 264 2103 1319 2156; baseline -0.002 -14"><span class='ocrx_word' id='word_1_268' title='bbox 264 2103 404 2143; x_wconf 87' lang='lat' dir='ltr'><strong>scelere</strong></span> <span class='ocrx_word' id='word_1_269' title='bbox 425 2119 505 2143; x_wconf 91' lang='lat' dir='ltr'><strong>non</strong></span> <span class='ocrx_word' id='word_1_270' title='bbox 526 2104 646 2142; x_wconf 91' lang='lat' dir='ltr'><strong>modo</strong></span> <span class='ocrx_word' id='word_1_271' title='bbox 666 2103 855 2156; x_wconf 66' lang='lat' dir='ltr'><strong>perfeeto,</strong></span> <span class='ocrx_word' id='word_1_272' title='bbox 887 2103 950 2142; x_wconf 86' lang='lat' dir='ltr'><strong>sed</strong></span> <span class='ocrx_word' id='word_1_273' title='bbox 971 2103 1091 2141; x_wconf 88' lang='lat' dir='ltr'><strong>etiam</strong></span> <span class='ocrx_word' id='word_1_274' title='bbox 1111 2104 1286 2156; x_wconf 88' lang='lat' dir='ltr'><strong>cogitato</strong></span> <span class='ocrx_word' id='word_1_275' title='bbox 1305 2104 1319 2140; x_wconf 89' lang='lat'>?</span> 
     </span>
    </p>

    <p class='ocr_par' dir='ltr' id='par_1_5' title="bbox 264 2170 1662 2422">
     <span class='ocr_line' id='line_1_31' title="bbox 319 2170 1662 2216; baseline 0.001 -8"><span class='ocrx_word' id='word_1_276' title='bbox 319 2171 394 2209; x_wconf 93' lang='lat' dir='ltr'><strong>VI.</strong></span> <span class='ocrx_word' id='word_1_277' title='bbox 426 2172 497 2216; x_wconf 91' lang='lat' dir='ltr'><strong>At,</strong></span> <span class='ocrx_word' id='word_1_278' title='bbox 520 2170 652 2215; x_wconf 91' lang='lat' dir='ltr'><strong>credo,</strong></span> <span class='ocrx_word' id='word_1_279' title='bbox 674 2170 757 2208; x_wconf 83' lang='lat' dir='ltr'><strong>haec</strong></span> <span class='ocrx_word' id='word_1_280' title='bbox 778 2170 901 2208; x_wconf 92' lang='lat' dir='ltr'><strong>homo</strong></span> <span class='ocrx_word' id='word_1_281' title='bbox 922 2170 1169 2208; x_wconf 84' lang='lat' dir='ltr'><strong>inconsultus</strong></span> <span class='ocrx_word' id='word_1_282' title='bbox 1190 2180 1228 2208; x_wconf 89' lang='lat' dir='ltr'><strong>et</strong></span> <span class='ocrx_word' id='word_1_283' title='bbox 1250 2172 1478 2209; x_wconf 87' lang='lat' dir='ltr'><strong>temerarius</strong></span> <span class='ocrx_word' id='word_1_284' title='bbox 1500 2185 1580 2210; x_wconf 92' lang='lat' dir='ltr'><strong>non</strong></span> <span class='ocrx_word' id='word_1_285' title='bbox 1601 2172 1662 2210; x_wconf 88' lang='lat' dir='ltr'><strong>vi-</strong></span> 
     </span>
     <span class='ocr_line' id='line_1_32' title="bbox 265 2235 1661 2290; baseline 0.001 -16"><span class='ocrx_word' id='word_1_286' title='bbox 265 2235 395 2274; x_wconf 87' lang='lat' dir='ltr'><strong>debat.</strong></span> <span class='ocrx_word' id='word_1_287' title='bbox 429 2237 532 2288; x_wconf 85' lang='lat' dir='ltr'><strong>Qis</strong></span> <span class='ocrx_word' id='word_1_288' title='bbox 553 2236 829 2275; x_wconf 84' lang='lat' dir='ltr'><strong>consideratior</strong></span> <span class='ocrx_word' id='word_1_289' title='bbox 849 2237 950 2275; x_wconf 86' lang='lat' dir='ltr'><strong>illo?</strong></span> <span class='ocrx_word' id='word_1_290' title='bbox 974 2238 1062 2289; x_wconf 86' lang='lat' dir='ltr'><strong>quis</strong></span> <span class='ocrx_word' id='word_1_291' title='bbox 1085 2238 1223 2275; x_wconf 69' lang='lat' dir='ltr'><strong>teetior</strong></span> <span class='ocrx_word' id='word_1_292' title='bbox 1241 2238 1254 2274; x_wconf 88' lang='lat'>?</span> <span class='ocrx_word' id='word_1_293' title='bbox 1287 2237 1376 2290; x_wconf 82' lang='lat' dir='ltr'><strong>quis</strong></span> <span class='ocrx_word' id='word_1_294' title='bbox 1398 2237 1629 2290; x_wconf 87' lang='lat' dir='ltr'><strong>prudentior</strong></span> <span class='ocrx_word' id='word_1_295' title='bbox 1647 2239 1661 2276; x_wconf 91' lang='lat'>?</span> 
     </span>
     <span class='ocr_line' id='line_1_33' title="bbox 265 2301 1661 2357; baseline 0.003 -18"><span class='ocrx_word' id='word_1_296' title='bbox 265 2304 507 2355; x_wconf 86' lang='lat' dir='ltr'><strong>Qanquam</strong></span> <span class='ocrx_word' id='word_1_297' title='bbox 527 2301 604 2341; x_wconf 94' lang='lat' dir='ltr'><strong>hoc</strong></span> <span class='ocrx_word' id='word_1_298' title='bbox 624 2303 713 2342; x_wconf 92' lang='lat' dir='ltr'><strong>loco</strong></span> <span class='ocrx_word' id='word_1_299' title='bbox 735 2304 971 2356; x_wconf 89' lang='lat' dir='ltr'><strong>Dejotarum</strong></span> <span class='ocrx_word' id='word_1_300' title='bbox 994 2317 1073 2341; x_wconf 88' lang='lat' dir='ltr'><strong>non</strong></span> <span class='ocrx_word' id='word_1_301' title='bbox 1095 2313 1176 2342; x_wconf 92' lang='lat' dir='ltr'><strong>tam</strong></span> <span class='ocrx_word' id='word_1_302' title='bbox 1198 2303 1358 2356; x_wconf 88' lang='lat' dir='ltr'><strong>ingenio</strong></span> <span class='ocrx_word' id='word_1_303' title='bbox 1380 2312 1418 2341; x_wconf 90' lang='lat' dir='ltr'><strong>et</strong></span> <span class='ocrx_word' id='word_1_304' title='bbox 1438 2304 1661 2357; x_wconf 89' lang='lat' dir='ltr'><strong>prudentia,</strong></span> 
     </span>
     <span class='ocr_line' id='line_1_34' title="bbox 264 2368 1660 2422; baseline 0.001 -16"><span class='ocrx_word' id='word_1_305' title='bbox 264 2382 384 2421; x_wconf 90' lang='lat' dir='ltr'><strong>quarn</strong></span> <span class='ocrx_word' id='word_1_306' title='bbox 405 2368 496 2414; x_wconf 87' lang='lat' dir='ltr'><strong>fide,</strong></span> <span class='ocrx_word' id='word_1_307' title='bbox 519 2377 559 2407; x_wconf 88' lang='lat' dir='ltr'><strong>et</strong></span> <span class='ocrx_word' id='word_1_308' title='bbox 578 2369 768 2422; x_wconf 89' lang='lat' dir='ltr'><strong>religione</strong></span> <span class='ocrx_word' id='word_1_309' title='bbox 787 2370 892 2415; x_wconf 61' lang='lat' dir='ltr'><strong>vitae,</strong></span> <span class='ocrx_word' id='word_1_310' title='bbox 915 2369 1208 2408; x_wconf 83' lang='lat' dir='ltr'><strong>defendendum</strong></span> <span class='ocrx_word' id='word_1_311' title='bbox 1231 2379 1343 2422; x_wconf 87' lang='lat' dir='ltr'><strong>puto.</strong></span> <span class='ocrx_word' id='word_1_312' title='bbox 1368 2370 1476 2408; x_wconf 86' lang='lat' dir='ltr'><strong>Nota</strong></span> <span class='ocrx_word' id='word_1_313' title='bbox 1498 2370 1571 2407; x_wconf 87' lang='lat' dir='ltr'><strong>tibi</strong></span> <span class='ocrx_word' id='word_1_314' title='bbox 1593 2370 1660 2414; x_wconf 88' lang='lat' dir='ltr'><strong>est,</strong></span> 
     </span>
    </p>
   </div>
   <div class='ocr_carea' id='block_1_3' title="bbox 265 2435 1661 2539">
    <p class='ocr_par' dir='ltr' id='par_1_6' title="bbox 265 2435 1661 2539">
     <span class='ocr_line' id='line_1_35' title="bbox 265 2435 1661 2490; baseline 0 -16"><span class='ocrx_word' id='word_1_315' title='bbox 265 2436 315 2474; x_wconf 90' lang='lat' dir='ltr'><strong>C.</strong></span> <span class='ocrx_word' id='word_1_316' title='bbox 341 2435 480 2482; x_wconf 84' lang='lat' dir='ltr'><strong>Caesar,</strong></span> <span class='ocrx_word' id='word_1_317' title='bbox 511 2435 687 2475; x_wconf 89' lang='lat' dir='ltr'><strong>hominis</strong></span> <span class='ocrx_word' id='word_1_318' title='bbox 708 2437 898 2490; x_wconf 75' lang='lat' dir='ltr'><strong>probitaS,</strong></span> <span class='ocrx_word' id='word_1_319' title='bbox 931 2437 1015 2475; x_wconf 89' lang='lat' dir='ltr'><strong>noti</strong></span> <span class='ocrx_word' id='word_1_320' title='bbox 1036 2450 1179 2480; x_wconf 82' lang='lat' dir='ltr'><strong>mores,</strong></span> <span class='ocrx_word' id='word_1_321' title='bbox 1211 2446 1301 2473; x_wconf 86' lang='lat' dir='ltr'><strong>nota</strong></span> <span class='ocrx_word' id='word_1_322' title='bbox 1321 2436 1550 2474; x_wconf 84' lang='lat' dir='ltr'><strong>constantia.</strong></span> <span class='ocrx_word' id='word_1_323' title='bbox 1583 2436 1661 2474; x_wconf 85' lang='lat' dir='ltr'><strong>Cui</strong></span> 
     </span>
     <span class='ocr_line' id='line_1_36' title="bbox 1228 2501 1358 2539; baseline 0.008 -1"><span class='ocrx_word' id='word_1_324' title='bbox 1228 2502 1260 2538; x_wconf 90' lang='lat' dir='ltr'>L</span> <span class='ocrx_word' id='word_1_325' title='bbox 1292 2501 1304 2538; x_wconf 97' lang='lat' dir='ltr'>l</span> <span class='ocrx_word' id='word_1_326' title='bbox 1337 2514 1358 2539; x_wconf 91' lang='lat'>2</span> 
     </span>
    </p>
   </div>
  </div>
 </body>
</html>
