2076 2860
686 152 1261 193 PHILIPPICA
1340 152 1395 190 II.
1667 164 1742 204 317

343 272 417 299 nos
449 258 557 297 enim
589 257 882 295 nuntiationem
914 256 1042 294 solum
1074 254 1295 300 habemus;
1328 253 1505 292 consules
1534 263 1572 292 et
1598 254 1741 306 reliqui

346 325 592 378 magistratus
613 324 732 362 etiam
754 323 1006 375 speffifionem.
1041 321 1148 366 Esto,
1181 320 1257 359 hoc
1279 321 1485 373 imperite:
1522 322 1611 374 (nec
1632 321 1741 358 enim

346 392 401 429 est
429 391 476 428 ab
505 389 669 428 homine
698 401 903 440 nunquam
934 388 1062 426 sobrio
1091 387 1320 440 postulanda
1346 386 1571 439 prudentia)
1596 386 1658 424 sed
1679 387 1740 424 vi-

347 456 436 494 dete
468 455 771 508 impudentiam.
805 453 951 491 Multis
985 462 1074 490 ante
1102 452 1299 490 menfibus
1328 453 1368 489 in
1397 452 1529 491 senatu
1557 452 1673 498 dixit,
1706 452 1742 490 se

348 522 569 561 Dolabellae
590 521 755 558 comitia
773 529 839 558 aut
860 518 1158 572 prohibiturum
1179 518 1375 571 auspiciis,
1398 527 1464 556 aut
1486 519 1524 556 id
1545 518 1743 557 fasturum

348 588 441 632 effe,
474 586 581 639 quod
612 585 722 624 fecit.
768 585 1040 637 Qisquamne
1072 584 1245 622 divinare
1277 583 1421 636 potest,
1454 584 1550 636 quid
1581 585 1668 622 vitii
1701 585 1743 622 in

348 654 530 706 auspiciis
552 652 736 690 futurum
758 652 818 697 fit,
850 652 919 689 nifi
942 651 1012 703 qui
1033 650 1079 688 de
1100 651 1195 689 caelo
1216 650 1360 687 servare
1380 650 1612 688 constituit?
1636 650 1744 702 quod

348 733 477 772 neque
498 720 592 757 licet
612 719 787 756 comitiis
809 732 877 770 per
898 718 1001 769 leges
1021 732 1029 755 :
1063 726 1115 761 et,
1148 717 1173 754 fi
1195 716 1283 768 quis
1306 715 1493 760 servavit3
1527 730 1605 754 non
1626 716 1743 754 habi-

351 785 400 823 tis
422 785 612 829 comitiis,
644 783 708 821 sed
736 784 844 835 prius
877 796 996 834 quam
1023 781 1254 826 habeantur,
1288 780 1403 818 debet
1435 782 1628 819 nuntiare.
1662 782 1743 819 Ve-

350 865 439 890 rum
462 850 665 903 implicata
685 849 839 887 inscitia
865 847 1112 901 impudentia
1138 846 1205 892 est,
1238 847 1264 884 fi
1293 860 1364 884 nec
1392 846 1463 884 scit
1485 846 1591 898 quod
1619 861 1743 900 augu-

350 931 448 963 rem,
472 930 543 955 nec
564 915 660 954 facit
681 915 788 968 quod
808 914 1040 968 pudentem,
1064 914 1188 952 decet.
1213 914 1348 965 Atque
1369 926 1416 951 ex
1437 913 1508 950 illo
1530 913 1592 952 die
1614 928 1743 952 recor-

350 983 501 1022 damini
521 983 604 1034 ejus
626 982 748 1035 usque
768 981 815 1019 ad
835 981 923 1019 idus
945 981 1110 1019 Martias
1133 979 1397 1018 consulatum.
1441 980 1542 1032 Qis
1569 994 1744 1034 unquam

349 1050 546 1103 apparitor
563 1058 643 1086 tam
659 1047 841 1092 humilis,
865 1057 944 1085 tam
965 1047 1137 1099 abjedms
1156 1048 1168 1084 ?
1192 1045 1294 1084 nihil
1316 1046 1395 1099 ipse
1415 1055 1588 1098 poterat:
1613 1048 1747 1086 omnia

349 1116 537 1169 rogabat:
571 1123 689 1168 caput
715 1115 755 1153 in
783 1113 980 1153 adversam
1006 1113 1186 1152 lesticam
1207 1112 1393 1158 inserens,
1425 1111 1628 1159 beneficia,
1660 1128 1746 1167 quse

350 1183 551 1228 venderet,
583 1196 603 1220 a
623 1182 776 1235 collega
795 1182 966 1235 petebat.

407 1250 608 1288 XXXIII.
642 1250 748 1286 Ecce
779 1248 1000 1286 Dolabellae
1020 1247 1277 1286 comitiorum
1299 1247 1395 1293 dies,
1429 1247 1581 1286 sortitio
1601 1262 1746 1301 praeron

352 1315 517 1368 gativae:
551 1314 731 1367 quiescit.
766 1314 1060 1352 Renuntiatur:
1094 1322 1210 1352 tacet.
1249 1314 1382 1351 Prima
1411 1314 1533 1352 claffis
1555 1324 1746 1353 vocatur:

352 1381 621 1419 renuntiatur:
655 1379 809 1424 deinde,
833 1388 876 1417 ut
896 1379 1043 1424 assolet,
1065 1378 1320 1432 suffragatum
1342 1379 1508 1417 secunda
1529 1380 1651 1418 claflis
1673 1394 1743 1418 vo-

352 1455 463 1484 catur
482 1462 490 1484 :
523 1461 609 1499 quae
631 1446 763 1483 omnia
784 1446 902 1483 citius
925 1445 1013 1483 sunt
1034 1444 1147 1490 fasta,
1179 1458 1298 1497 quam
1319 1445 1417 1483 dixi.
1461 1445 1654 1484 Confedto
1676 1460 1746 1483 ne-

353 1515 464 1566 gotio
497 1514 624 1551 bonus
653 1527 792 1564 augur,
828 1512 1017 1564 (Laelium
1048 1511 1213 1561 diceres)
1247 1512 1364 1549 Amo
1399 1525 1494 1556 DIE,
1527 1512 1674 1564 inquit.
1708 1513 1747 1550 O

353 1579 643 1632 impudentiam
665 1578 926 1630 fingularem!
960 1577 1056 1630 quid
1085 1577 1264 1615 videras?
1297 1577 1394 1629 quid
1426 1576 1618 1615 senseras?
1651 1577 1747 1630 quid

355 1645 559 1683 audieras?
593 1659 663 1683 nec
696 1645 802 1681 enim
836 1653 872 1681 te
905 1644 951 1681 de
983 1644 1078 1682 caelo
1111 1643 1264 1682 servasse
1295 1643 1440 1687 dixisti,
1473 1657 1600 1695 neque
1629 1642 1747 1680 hodie

356 1712 469 1750 dicis.
495 1712 539 1750 Id
561 1712 683 1764 igitur
699 1711 860 1749 obvenit
881 1712 1039 1756 vitium,
1059 1710 1166 1763 quod
1188 1719 1231 1748 tu
1247 1711 1330 1762 jam
1348 1709 1534 1747 Kalendis
1552 1710 1748 1760 Januariis

356 1778 539 1816 futurum
559 1778 631 1816 effe
651 1777 888 1830 provideras,
921 1786 958 1815 et
981 1786 1089 1814 tanto
1110 1786 1199 1814 ante
1219 1776 1464 1828 praedixeraS.
1501 1777 1622 1828 Ergo,
1655 1775 1748 1814 her-

356 1845 459 1890 cule,
491 1858 645 1896 magna,
679 1853 722 1882 ut
755 1843 878 1896 spero,
912 1852 976 1881 tua
1010 1844 1142 1896 potius
1173 1857 1292 1894 quam
1328 1842 1554 1894 reipublicae
1585 1842 1747 1880 calami-

356 1908 448 1956 tate,
467 1911 680 1949 ementitus
697 1924 735 1948 es
757 1910 945 1962 auspicia:
970 1909 1211 1947 obstrinxisti
1232 1909 1423 1960 religione
1444 1908 1639 1961 populum
1661 1909 1746 1946 Ro-

357 1988 547 2016 manum:
580 1991 704 2030 augur
736 1978 889 2029 auguri,
921 1976 1057 2014 consul
1093 1975 1266 2020 consuli,
1298 1975 1594 2013 obnuntiavisti.
1640 1975 1749 2014 Nolo

357 2043 483 2096 plura,
516 2057 563 2081 ne
595 2045 676 2080 affita
709 2042 926 2080 Dolabellae
960 2041 1090 2078 videar
1121 2040 1369 2085 convellere;
1402 2054 1488 2092 quae
1520 2041 1664 2078 necess'e
1696 2040 1748 2078 est

356 2109 566 2161 aliquando
587 2109 633 2146 ad
655 2108 829 2145 nostrum
850 2108 1066 2159 collegium
1088 2106 1325 2145 deferantur.

415 2174 487 2212 Sed
508 2175 768 2225 arrogantiam
789 2173 963 2211 hominis
986 2173 1313 2225 insolentiamque
1334 2172 1573 2225 cognoscite.
1593 2173 1746 2224 Qam-

359 2240 428 2278 diu
460 2249 503 2277 tu
535 2239 656 2284 voles,
687 2239 849 2277 vitiosus
882 2239 1018 2277 consul
1052 2239 1287 2278 Dolabella:
1323 2239 1467 2283 rursus,
1499 2251 1592 2276 cum
1627 2239 1749 2283 voles,

361 2306 471 2344 salvis
493 2291 673 2357 auspiciis
695 2314 859 2343 creatus.
894 2306 931 2342 Si
953 2304 1054 2343 nihil
1076 2305 1143 2350 est,
1167 2319 1259 2343 cum
1281 2318 1403 2357 augur
1424 2305 1471 2342 iis
1494 2304 1619 2342 verbis
1643 2318 1746 2341 nun--

361 2373 446 2417 fiat,
469 2371 614 2424 quibus
637 2380 679 2408 tu
701 2370 906 2416 nuntiasti,
931 2371 1117 2409 confitere
1134 2381 1185 2416 te,
1204 2385 1312 2417 curn,
1338 2384 1449 2409 ALIO
1475 2383 1568 2414 DIE,
1587 2369 1746 2414 dixeris,

360 2438 535 2478 sobrium
558 2450 636 2476 non
659 2435 783 2478 fuiffe.
829 2437 894 2476 Sin
917 2436 970 2476 est
997 2437 1127 2491 aliqua
1153 2438 1211 2477 vis
1241 2438 1282 2477 in
1308 2437 1388 2477 istis
1410 2436 1566 2482 verbi33
1599 2448 1641 2473 ea
1661 2448 1747 2487 quae
