2076 2860
470 221 546 259 216
943 215 1387 254 ORATIO

466 334 532 359 vos
561 321 670 357 vivus
704 319 887 362 afficeret,
919 318 988 368 qui
1020 326 1201 355 mortuus
1233 316 1341 354 inani
1373 316 1613 369 cogitatione
1643 318 1858 370 percufiit?

467 386 576 438 Qid
597 388 609 422 ?
642 386 666 423 sl
689 384 767 437 ipse
790 385 867 421 Cn.
894 383 1121 436 Pompeius,
1154 383 1223 436 qui
1244 396 1287 420 ea
1306 383 1452 421 virtute
1472 396 1514 420 ac
1537 381 1695 420 fortuna
1715 383 1782 429 est,
1815 393 1859 422 ut

465 466 508 490 ea
530 451 702 504 potuerit
730 450 893 502 semper,
925 463 1010 501 quae
1045 463 1162 487 nemo
1193 458 1331 502 praeter
1362 449 1508 494 illum3
1541 449 1567 487 fi
1600 449 1647 494 is,
1679 450 1857 502 inquam,

465 517 660 570 potuisset,
693 525 759 554 aut
791 515 1045 567 quaestionem
1078 515 1125 553 de
1157 524 1283 553 morte
1317 516 1361 553 P.
1386 515 1520 553 Clodii
1552 514 1666 560 ferre,
1698 525 1764 554 aut
1795 515 1858 569 ip-

466 583 549 620 sum
570 582 616 619 ab
640 581 774 619 inferis
795 581 990 625 excitare;
1024 590 1158 618 utrum
1180 581 1326 633 putatis
1347 581 1479 633 potius
1502 580 1699 618 faeturum
1718 579 1858 619 fuiffe?

465 649 598 686 Etiam
631 649 656 686 fi
690 656 849 700 propter
880 647 1098 685 amicitiam
1130 646 1248 684 vellet
1280 647 1397 684 illum
1429 647 1477 684 ab
1513 645 1648 685 inferis
1684 660 1859 692 evocare,

464 724 623 768 propter
645 714 933 767 rempublicam
965 727 1043 751 non
1074 712 1236 751 fecisset.
1271 714 1369 765 Ejus
1399 714 1522 765 igitur
1551 714 1691 752 mortis
1722 713 1860 752 sedetis

465 782 626 826 ultores,
659 782 771 833 cujus
803 782 941 825 vitam,
974 781 998 818 fi
1026 780 1173 833 putetis
1196 793 1263 833 per
1283 793 1350 817 vos
1373 779 1522 817 restitui
1543 779 1661 832 posse,
1692 780 1858 824 nolitis;

463 856 502 884 et
533 846 579 884 de
608 848 691 898 ejus
724 860 816 884 nece
846 846 923 883 lata
951 845 1112 898 quaestio
1137 844 1204 889 est,
1236 844 1306 896 qui
1327 844 1353 882 fi
1374 843 1508 882 eadem
1530 844 1616 897 lege
1637 844 1861 883 reviviscere

464 911 600 964 posset,
620 912 695 949 lata
714 912 778 949 lex
799 923 1004 963 nunquam
1024 910 1128 948 effet.
1148 910 1283 961 Hujus
1304 923 1397 962 ergo
1418 908 1645 948 interfedtor
1665 910 1736 963 qui
1754 909 1858 954 effet,

465 979 505 1015 in
527 977 753 1016 confitendo
775 978 821 1015 ab
844 977 938 1015 iisne
958 990 1118 1030 poenam
1138 976 1310 1021 timeret,
1342 989 1441 1028 quos
1462 975 1724 1014 liberavisset?

523 1046 652 1083 Graeei
674 1044 855 1083 homines
878 1045 1056 1082 Deorum
1078 1043 1244 1081 honores
1268 1042 1451 1081 tribuunt
1476 1043 1522 1081 iis
1544 1043 1637 1081 viris
1653 1073 1663 1088 ,
1696 1043 1766 1096 qui
1797 1051 1859 1094 ty-
1879 1040 1885 1043 ’

465 1125 605 1149 rannos
627 1121 877 1150 necaverunt.
911 1113 1010 1163 Qae
1031 1124 1104 1162 ego
1125 1109 1206 1147 vidi
1227 1109 1396 1147 Athenis
1417 1111 1429 1147 ?
1462 1124 1547 1162 quae
1568 1110 1654 1147 aliis
1685 1109 1726 1147 in
1747 1109 1859 1147 urbi-

467 1178 538 1215 bus
571 1177 766 1216 Graeciae?
798 1190 892 1229 quas
924 1191 981 1215 res
1016 1176 1166 1213 divinas
1198 1176 1341 1213 talibus
1373 1175 1567 1213 institutas
1604 1175 1728 1213 viris?
1762 1188 1861 1227 quos

465 1252 602 1280 cantus
623 1244 635 1280 ?
667 1256 753 1295 quae
775 1242 978 1279 carmina?
1011 1254 1131 1294 prope
1152 1240 1199 1278 ad
1224 1240 1533 1277 immortalitatis
1561 1248 1600 1277 et
1627 1239 1861 1292 religionem

466 1313 505 1341 et
537 1304 770 1341 memoriam
800 1303 1088 1341 consecrantur.
1124 1302 1205 1339 Vos
1234 1301 1332 1338 tanti
1362 1300 1673 1338 conservatorem
1694 1300 1860 1353 populi,

468 1371 566 1407 tanti
589 1369 740 1407 sceleris
763 1369 960 1413 ultorem,
994 1381 1072 1405 non
1102 1367 1223 1405 modo
1252 1366 1471 1404 honoribus
1503 1365 1623 1404 nullis
1654 1365 1859 1411 afficietis,

467 1435 529 1473 sed
549 1436 667 1473 etiam
689 1435 734 1472 ad
756 1435 997 1488 supplicium
1018 1434 1100 1486 rapi
1120 1433 1357 1485 patiemini?
1387 1431 1669 1476 Confiteretur‚
1693 1431 1859 1470 confite-

467 1512 585 1548 retur,
618 1503 795 1555 inquam,
828 1502 853 1539 s1
875 1500 1038 1545 feciffet,
1069 1509 1107 1538 et
1140 1512 1285 1551 magno
1316 1499 1450 1536 animo
1481 1507 1519 1535 et
1551 1497 1700 1535 libente
1731 1497 1768 1536 se
1799 1496 1859 1536 fe-

465 1568 568 1612 ciffe,
602 1568 792 1605 libertatis
815 1567 994 1605 omnium
1019 1565 1155 1604 causa:
1179 1564 1286 1617 quod
1307 1565 1341 1602 ei
1363 1573 1467 1602 certe
1488 1576 1567 1601 non
1588 1562 1860 1602 confitendum

465 1634 584 1672 modo
604 1633 748 1678 fuisset,
780 1647 917 1671 verum
938 1633 1056 1671 etiam
1077 1631 1385 1685 praedicandum.

521 1701 654 1738 XXX.
689 1700 866 1744 Etenim,
900 1700 925 1737 fi
946 1699 987 1736 id
1008 1712 1086 1736 non
1110 1706 1239 1750 negat,
1271 1711 1318 1735 ex
1348 1710 1427 1749 quo
1449 1695 1550 1734 nihil
1572 1696 1687 1749 petit,
1719 1696 1790 1734 nifi
1818 1705 1863 1734 ut

462 1766 716 1817 ignoscatur5
750 1765 947 1803 dubitaret
978 1764 1019 1801 id
1050 1763 1179 1808 fateri,
1211 1777 1258 1802 ex
1291 1777 1371 1816 quo
1398 1763 1517 1801 etiam
1545 1763 1706 1815 praemia
1734 1761 1861 1801 laudis

458 1830 584 1870 *effent
606 1830 772 1883 petenda
790 1831 802 1867 ?
827 1829 896 1867 nisi
916 1842 1006 1867 vero
1027 1828 1174 1880 gratius
1191 1836 1305 1879 putat
1325 1828 1397 1865 effe
1417 1828 1545 1872 vobis,
1568 1827 1626 1865 sui
1647 1828 1683 1865 se
1704 1828 1859 1880 capitis,

466 1910 585 1949 quam
617 1895 730 1934 vestri
761 1894 925 1940 ordinis,
957 1893 1200 1946 defensorem
1231 1892 1372 1938 fuiffe3
1404 1906 1497 1930 cum
1524 1892 1737 1945 praesertim
1758 1893 1799 1930 in
1820 1906 1863 1930 ea

466 1961 717 2007 confeffione,
743 1961 770 1999 fi
791 1960 891 2013 grati
911 1960 983 1998 effe
1003 1959 1171 2004 velletis,
1202 1957 1369 1997 honores
1391 1957 1651 2011 assequeretur
1670 1957 1860 2010 ampliffi-

467 2043 567 2067 mos.
602 2029 640 2066 Si
661 2027 808 2066 factum
830 2027 940 2065 vobis
962 2040 1040 2064 non
1063 2026 1317 2078 probaretur,
1353 2025 1598 2078 (quanquam
1619 2024 1688 2077 qui
1708 2033 1862 2077 poterat

462 2095 565 2136 salus
587 2095 652 2133 sua
672 2095 813 2146 cuique
835 2108 914 2132 non
941 2092 1147 2146 probari?)
1181 2091 1244 2130 sed
1277 2101 1407 2130 tamen
1440 2092 1466 2130 fi
1499 2092 1632 2129 minus
1662 2089 1862 2128 fortiffimi

467 2161 541 2199 viri
571 2161 693 2199 virtus
724 2160 877 2198 civibus
908 2168 1016 2212 grata
1042 2158 1269 2204 cecidisset,
1303 2171 1447 2210 magno
1476 2158 1610 2196 animo
1645 2156 1861 2195 constanti-

466 2241 542 2279 que
576 2227 729 2265 cederet
763 2239 811 2264 ex
845 2226 997 2278 ingrata
1030 2225 1202 2263 civitate.
1250 2225 1358 2262 Nam
1388 2224 1486 2277 quid
1520 2223 1610 2262 effet
1641 2222 1859 2275 ingratius,

467 2308 587 2346 quam
608 2293 728 2331 laetari
749 2301 928 2337 caeteros,
960 2292 1093 2343 lugere
1113 2304 1205 2330 eum
1225 2290 1353 2328 solum
1369 2320 1378 2336 ,
1411 2299 1571 2344 propter
1590 2303 1711 2343 quem
1727 2288 1861 2327 caeteri

469 2361 691 2400 laetarentur
710 2361 722 2397 ?

523 2428 764 2479 Qanquarn
786 2424 863 2463 hoc
883 2424 1015 2463 animo
1037 2423 1187 2476 semper
1207 2422 1358 2461 fuimus
1380 2436 1516 2461 omnes
1538 2423 1578 2460 in
1606 2421 1739 2474 patriae
1767 2433 1859 2472 pro-

460 2494 662 2534 ditoribus
683 2491 968 2546 opprimendis,
1001 2499 1059 2537 ut,
1091 2490 1280 2544 quoniam
1306 2490 1433 2530 nostra
1458 2489 1592 2529 futura
1610 2487 1700 2527 effet
1719 2486 1858 2539 gloria,
