2076 2860
673 185 1247 227 PHILIPPICA
1325 185 1399 223 xr.
1655 198 1733 235 427

340 306 420 346 quo
447 291 544 346 quid
572 290 799 329 faciendum
828 288 1048 341 Dejotaro?
1082 286 1193 338 Qid
1224 285 1389 324 omnino
1423 286 1563 324 rectius
1596 284 1731 330 fuerit,

339 361 468 397 dicere
498 371 575 396 non
608 357 660 395 est
690 356 862 395 necesse:
895 354 1124 408 pracsertim,
1155 367 1247 391 cum
1276 362 1425 397 contra,
1457 366 1499 390 ac
1522 353 1732 404 Dejotarus

339 425 477 470 senfit,
509 423 669 462 victoria
705 423 801 461 belli
829 421 1033 475 judicarit.
1080 422 1173 472 Qo
1208 420 1246 457 in
1286 419 1390 457 bello
1425 419 1450 456 s1
1488 417 1565 456 fuit
1599 432 1729 463 error,

338 491 565 529 communis
597 490 633 527 ei
665 489 743 528 fuit
775 502 868 527 cum
901 488 1060 526 senatu:
1094 486 1148 524 fin
1182 487 1282 523 recta
1313 485 1516 529 sententia,
1549 498 1596 522 ne
1632 484 1733 522 vieta

338 557 501 609 quidem
533 555 644 593 causa
675 553 931 607 vituperanda
961 552 1028 590 est.
1082 551 1146 589 Ad
1178 549 1246 589 has
1280 551 1411 603 copias
1446 549 1632 587 accedent
1664 551 1730 588 alii

338 636 461 674 reges,
493 622 613 660 etiam
642 621 812 659 delectus
843 618 1044 658 accedent.
1089 618 1232 670 Neque
1260 630 1351 655 vero
1381 615 1511 654 clafi‘es
1537 616 1728 655 deerunt:

338 689 436 726 tanti
466 689 582 740 Tyrii
616 687 787 726 Cassium
819 685 986 730 faciunt,
1018 684 1118 722 tanti
1145 684 1229 735 ejus
1258 682 1297 721 in
1321 683 1428 734 Syria
1448 695 1594 720 nomen
1614 692 1731 735 atque

338 754 529 793 Phoenice
548 754 615 792 est.

393 821 509 859 XIV.
540 821 723 858 Paratum
744 818 862 856 habet
883 818 1175 870 imperatorem,
1200 815 1249 853 C.
1267 813 1455 858 Caffium,
1478 813 1608 852 Patres
1631 827 1729 852 con-

338 887 488 939 scripti,
515 886 734 940 respublica
753 894 890 922 contra
911 882 1176 927 Dolabellam,
1201 894 1271 919 nec
1293 889 1471 933 paratum
1493 880 1634 925 solum,
1667 881 1730 919 sed

337 953 523 1005 peritum,
542 962 658 1004 atque
674 951 833 989 fortem.
859 951 1027 1002 Magnas
1044 948 1112 986 ille
1128 962 1185 986 res
1202 947 1312 1000 gessit
1329 956 1417 984 ante
1433 946 1568 984 Bibuli
1584 946 1730 985 summi

337 1018 411 1055 viri
445 1017 682 1060 adventum,
715 1029 808 1053 cum
845 1016 982 1052 Pacori
1017 1013 1276 1052 nobiliffimos
1312 1012 1430 1050 duces
1462 1011 1731 1065 maximasque

336 1083 467 1135 copias
499 1081 621 1127 fudit,
653 1081 885 1133 Syriamque
911 1079 1076 1117 immani
1099 1077 1337 1116 Parthorum
1358 1078 1509 1130 impetu
1531 1077 1727 1117 liberavit.

337 1146 560 1187 Maximam
581 1148 664 1199 ejus
685 1155 724 1185 et
744 1144 979 1198 singularem
999 1144 1156 1182 laudern
1177 1144 1450 1196 praetermitto.
1475 1144 1600 1195 Cujus
1622 1143 1731 1181 enim

337 1214 563 1267 praedicatio
584 1212 763 1250 nondum
783 1211 970 1249 omnibus
991 1219 1100 1262 grata
1119 1209 1186 1254 est,
1217 1208 1320 1247 hanc
1353 1208 1553 1247 memoriae
1578 1209 1728 1261 potius,

338 1293 458 1332 quam
477 1279 601 1322 vocis,
633 1277 860 1316 testimonio
879 1275 1167 1314 conservemuS.

393 1344 682 1388 Animadverti,
707 1344 838 1381 Patres
859 1341 1088 1394 conscripti,
1106 1340 1186 1378 dici
1201 1342 1285 1392 jam
1305 1353 1326 1378 a
1346 1339 1596 1393 quibusdam,
1614 1354 1732 1379 exor-

338 1412 421 1449 nari
451 1411 572 1449 etiam
605 1409 776 1448 nimium
807 1421 829 1446 a
859 1421 923 1446 me
956 1409 1139 1450 Brutum,
1172 1406 1343 1444 nimium
1366 1405 1538 1444 Caffium
1570 1407 1728 1445 ornari:

339 1477 466 1516 Caffio
501 1490 590 1514 vero
626 1475 816 1514 sententia
848 1488 935 1513 mea
968 1473 1217 1512 dominatum
1251 1481 1289 1510 et
1323 1471 1592 1525 principatum
1631 1471 1728 1511 dari.

338 1543 451 1594 Qos
478 1556 551 1594 ego
583 1555 680 1580 orno
700 1543 712 1578 ?
746 1537 887 1594 nempe
914 1552 994 1584 eos,
1027 1539 1096 1591 qui
1117 1537 1187 1590 ipfi
1209 1537 1298 1574 sunt
1318 1545 1547 1574 ornamenta
1567 1537 1731 1590 reipub-

338 1608 439 1647 licae.
472 1608 583 1660 Qid
602 1609 614 1645 ?
648 1609 701 1646 D.
722 1608 891 1645 Brutum
913 1618 1043 1643 nonne
1063 1604 1249 1642 omnibus
1272 1602 1473 1640 sententiis
1494 1602 1644 1655 semper
1663 1617 1730 1640 or-

337 1675 427 1713 navi
445 1676 459 1713 ?
490 1688 589 1713 num
610 1675 734 1726 igitur
754 1672 1038 1727 reprehenditis
1059 1673 1070 1709 ?
1093 1685 1141 1708 an
1163 1670 1360 1708 Antonios
1382 1669 1514 1721 potius
1535 1682 1729 1714 ornarem,

337 1755 418 1780 non
449 1741 570 1779 modo
601 1740 758 1778 suarum
789 1739 1046 1783 familiarum,
1078 1737 1142 1776 sed
1170 1736 1341 1774 Romani
1368 1735 1558 1780 nominis,
1589 1735 1733 1788 probra

338 1816 456 1860 atque
489 1806 706 1846 dedecora?
738 1819 786 1844 an
815 1805 1078 1844 Censorinum
1104 1815 1256 1847 ornem,
1289 1802 1329 1839 in
1358 1801 1463 1838 bello
1489 1799 1656 1846 hostem,
1689 1801 1730 1839 in

337 1886 433 1927 pace
464 1873 682 1911 sectorem?
714 1885 761 1910 an
792 1881 929 1910 caetera
954 1884 1002 1909 ex
1028 1869 1166 1908 eodem
1194 1867 1403 1906 latrocinio
1424 1865 1625 1918 naufragia
1644 1867 1730 1905 col-

338 1940 492 1993 l-igam?
536 1941 624 1992 Ego
658 1952 750 1977 vero
781 1938 871 1977 istos
906 1938 993 1983 otii,
1025 1935 1258 1980 concordiae,
1291 1934 1441 1986 legum,
1467 1933 1730 1986 judiciorum,

338 2006 532 2045 libertatis
553 2007 738 2045 inimicos
761 2014 916 2043 tantum
937 2003 1040 2042 abest
1061 2012 1105 2041 ut
1124 2016 1277 2046 ornem,
1311 2010 1354 2038 ut
1375 2000 1478 2038 effici
1500 2013 1579 2038 non
1599 1999 1730 2053 poffit‚

339 2073 438 2126 quin
458 2087 522 2112 eos
544 2083 624 2112 tam
645 2072 811 2116 oderim,
837 2084 958 2124 quam
979 2069 1267 2122 rempublicam
1287 2067 1427 2120 diligo.

395 2139 513 2185 Vide,
545 2139 692 2192 inquit,
725 2151 773 2176 ne
792 2147 993 2175 veteranos
1014 2135 1187 2174 offendas
1207 2150 1216 2174 :
1249 2134 1325 2173 hoc
1346 2134 1454 2171 enim
1476 2133 1536 2171 vel
1557 2133 1730 2171 maxime

339 2204 520 2243 exaudio.
559 2206 646 2257 Ego
667 2217 757 2242 vero
778 2212 977 2242 veteranos
999 2203 1100 2241 tueri
1121 2201 1272 2246 debe0;
1306 2199 1368 2238 sed
1388 2198 1476 2243 hos,
1503 2198 1648 2250 quibus
1670 2197 1730 2236 sa-

341 2271 442 2308 nitas
463 2270 530 2315 est,
567 2279 670 2309 certe
690 2270 828 2308 timere
849 2283 928 2308 non
950 2269 1087 2308 debeo.
1130 2269 1208 2306 Eos
1231 2275 1445 2310 veteranos,
1479 2264 1549 2317 qui
1569 2278 1641 2317 pro
1668 2278 1727 2302 re-

341 2336 502 2388 publica
522 2349 627 2374 arma
647 2344 849 2387 ceperunt,
881 2335 1083 2387 secutique
1109 2334 1196 2373 sunt
1219 2334 1267 2371 C.
1293 2332 1482 2370 Caesarem
1503 2330 1731 2367 auctoritate

342 2401 627 2440 beneficiorum
661 2410 928 2454 paternorum,
960 2400 1157 2452 hodieque
1191 2398 1477 2450 rempublicam
1513 2393 1730 2432 defendunt

341 2482 436 2507 cum
466 2482 611 2522 magno
643 2467 834 2521 periculo,
866 2480 945 2505 non
978 2467 1078 2505 tueri
1110 2465 1254 2508 solum,
1284 2463 1349 2500 sed
1369 2463 1488 2499 etiam
1509 2460 1729 2499 commodis

1220 2529 1261 2567 H
1293 2526 1318 2565 h
1350 2526 1374 2565 h
1408 2539 1428 2565 2
