2076 2860
713 172 853 214 PRO
916 169 960 206 P.
1024 156 1374 201 SEXTIO.·
1671 157 1710 181 11

315 288 494 338 inquam,
527 291 598 332 pro
631 287 721 313 meo
753 269 882 322 capite
912 264 960 302 ad
988 260 1105 315 pedes
1132 253 1289 295 lenonis
1311 242 1565 302 impurissimi
1587 240 1717 293 proje-

317 351 422 391 cistis
438 378 449 394 ,
481 358 575 384 cum
591 372 601 388 ‚
634 339 766 379 vestris
790 332 973 388 precibus
995 342 1016 366 a
1036 327 1187 364 latrone
1209 320 1280 358 illo
1302 312 1516 370 repudiatis
1533 339 1543 354 ‚
1574 308 1635 345 vir
1655 306 1718 342 in-

319 413 503 456 credibili
533 410 624 454 fide,
657 400 934 458 magnitudine
955 393 1094 437 animi,
1126 385 1357 429 constantia,
1390 382 1439 419 L.
1466 375 1646 417 Ninnius
1676 370 1720 408 ad

321 485 499 524 senatum
521 479 568 517 de
589 473 795 529 republica
814 466 951 507 retulit
966 483 977 509 3
1011 457 1241 509 senatusque
1270 453 1456 504 frequens
1487 443 1633 483 vestem
1654 451 1725 493 pro

322 565 409 591 mea
429 548 550 588 salute
571 540 804 583 mutandam
825 532 992 575 censuit.

338 640 343 643 -
381 619 478 658 XII.
514 616 551 652 O
585 612 693 651 diem
726 607 858 649 illum,
893 600 1069 653 Judices‚
1101 591 1304 633 funestum
1335 582 1499 626 senatui,
1537 575 1730 627 bonisque

325 684 514 726 omnibus
535 681 541 719 !
567 675 796 730 reipublicae
816 665 1043 709 luctuosum
1062 662 1069 699 !
1104 657 1208 698 mihi
1228 655 1275 693 ad
1297 649 1558 691 domesticum
1580 654 1729 682 moero·

329 767 413 793 rem
434 761 608 803 gravem,
631 743 679 782 ad
700 735 935 795 posteritatis
957 727 1193 770 memoriam
1215 716 1457 775 gloriosum!
1492 710 1604 764 Qid
1625 708 1734 747 enim

331 819 541 874 quisquam
563 810 690 867 potest
708 821 756 846 ex
777 803 889 844 omni
910 796 1103 839 memoria
1124 793 1275 831 sumere
1291 784 1498 827 illustrius,
1521 791 1643 832 quarn
1664 787 1737 828 pro

333 901 414 926 uno
435 885 520 923 cive
540 889 580 919 et
600 879 726 916 bonos
747 882 885 911 omnes
908 867 1060 921 privato
1080 856 1286 901 consensu,
1317 863 1356 892 et
1378 847 1605 889 universum
1627 842 1736 882 sena·

335 964 424 993 tum
446 948 611 1004 publico
630 940 810 984 consilio,
833 933 996 975 mutaffe
1017 929 1163 968 vestem
1182 928 1194 964 ?
1228 925 1328 975 Qae
1350 917 1514 972 quidem
1535 923 1624 952 tum
1645 922 1739 948 mu-

336 1020 434 1060 tatio
456 1029 536 1055 non
558 1005 845 1064 deprecationis
867 999 980 1040 causa
999 997 1052 1035 est
1073 995 1188 1038 faeta,
1213 989 1276 1029 sed
1296 988 1427 1026 luctus
1448 999 1455 1022 :
1490 993 1611 1034 quem
1633 976 1742 1016 enim

337 1087 654 1140 deprecarentur,
685 1088 781 1114 cum
801 1082 940 1110 omnes
961 1059 1081 1105 effent
1103 1056 1289 1100 sordidati
1308 1057 1320 1093 ,Ρ
1353 1063 1528 1103 cumque
1548 1047 1626 1086 hoc
1654 1043 1744 1082 satis

338 1153 430 1194 effet
451 1149 565 1203 signi,
597 1144 670 1184 effe
691 1138 940 1194 improbum,
971 1132 1042 1186 qui
1074 1136 1227 1168 mutata
1256 1121 1357 1162 veste
1387 1132 1466 1158 non
1499 1114 1622 1154 ess‘et?
1656 1111 1747 1149 Hac

342 1218 565 1261 mutatione
583 1212 698 1251 vestis
719 1208 834 1252 faeta,
852 1212 964 1243 tanto
985 1201 1026 1238 in
1048 1198 1159 1237 luctu
1175 1190 1363 1234 civitatis,
1393 1185 1540 1225 omitto
1561 1178 1658 1234 quid
1680 1177 1751 1215 ille

344 1287 546 1329 tribunus,
582 1278 769 1319 omnium
800 1284 934 1312 rerum
965 1266 1192 1306 divinarum
1223 1258 1569 1303 humanarumque
1601 1243 1748 1300 praedo,

347 1353 486 1393 fecerit
502 1369 514 1396 ;
565 1346 637 1400 qui
675 1341 798 1382 adeffe
838 1333 1101 1377 nobiliffimos
1141 1324 1421 1366 adolescentes,
1462 1312 1752 1356 honestiffimos

347 1419 502 1474 equites
533 1416 764 1455 Romanos,
796 1406 1065 1459 deprecatores
1095 1394 1228 1435 salutis
1251 1403 1372 1434 meae,
1400 1383 1580 1439 jusserit,
1612 1378 1757 1430 eosque

350 1496 559 1540 operarum
582 1480 739 1519 suarum
760 1472 901 1528 gladiis
923 1479 962 1508 et
982 1463 1183 1520 lapidibus
1205 1455 1422 1511 objecerit:
1456 1452 1502 1490 de
1524 1445 1755 1488 consulibus

350 1554 509 1605 loquor,
541 1557 714 1600 quorum
735 1540 812 1580 fide
833 1534 1054 1589 respublica
1074 1529 1151 1568 niti
1171 1524 1325 1564 debuit.

410 1615 674 1655 Exanimatus
694 1607 824 1646 evolat
843 1617 891 1642 ex
913 1602 1046 1640 senatu
1063 1626 1073 1641 ,
1107 1607 1186 1632 non
1217 1591 1350 1629 minus
1377 1582 1605 1637 perturbato
1626 1576 1762 1615 animo

358 1694 475 1736 atque
494 1679 626 1722 vultu,
658 1685 779 1728 quam
807 1670 834 1708 fi
855 1665 990 1722 paucis
1012 1671 1101 1701 ante
1122 1657 1233 1697 annis
1257 1657 1298 1693 in
1319 1650 1564 1691 creditorum
1585 1656 1762 1684 conven-

360 1761 449 1790 tum
485 1742 708 1785 incidiffet:
740 1738 904 1777 advocat
935 1730 1200 1770 concionem:
1239 1721 1359 1760 habet
1390 1716 1611 1756 orationem
1643 1711 1765 1749 talem

361 1814 513 1859 consul,
536 1810 695 1865 qualem
717 1814 922 1855 nunquam
945 1796 1119 1836 Catilina
1138 1792 1264 1829 vietor
1283 1784 1503 1826 habuisset:
1528 1782 1668 1819 Errare
1689 1776 1766 1814 ho-

361 1883 505 1926 mines,
525 1879 551 1917 fi
567 1877 687 1915 etiam
705 1883 793 1911 tum
815 1869 992 1907 senatum
1013 1858 1166 1913 aliquid
1188 1858 1228 1895 in
1251 1852 1456 1907 republica
1476 1847 1580 1902 posse
1601 1844 1768 1883 arbitra-

364 1957 500 1988 rentur
518 1960 526 1983 :
560 1942 712 1995 equites
733 1932 826 1976 vero
846 1935 1051 1972 Romanos
1073 1926 1231 1964 daturos
1254 1920 1363 1959 illius
1385 1917 1462 1955 diei
1485 1925 1635 1968 poenaS,
1673 1922 1770 1962 quo,

366 2029 429 2054 me
450 2010 636 2054 consule,
669 2019 763 2045 cum
791 2001 932 2056 gladiis
961 1999 1001 2036 in
1027 1995 1133 2033 clivo
1156 1987 1387 2042 Capitolino
1409 1982 1597 2022 fuissent:
1630 1975 1774 2015 venifi‘e

368 2093 525 2134 tempus
548 2078 595 2115 iis
610 2106 620 2121 ,
651 2073 723 2126 qui
744 2072 785 2109 in
807 2070 950 2107 timore
972 2061 1155 2104 fuissent,
1191 2055 1435 2109 (conjuratos
1457 2047 1643 2086 videlicet
1663 2044 1774 2081 dice-

370 2147 455 2199 bat)
480 2140 698 2183 ulciscendi
719 2138 770 2176 se.
809 2135 849 2173 Si
869 2130 1025 2171 dixiffet
1045 2127 1123 2166 hoc
1146 2123 1274 2162 solum
1291 2149 1301 2165 ‚
1333 2116 1446 2157 omni
1468 2111 1664 2166 supplicio
1686 2107 1777 2146 effet

373 2215 543 2267 dignus:
578 2221 669 2247 nam
697 2204 822 2243 oratio
850 2199 931 2253 ipsa
958 2193 1131 2234 consulis
1161 2185 1378 2243 perniciosa
1406 2180 1531 2235 potest
1553 2175 1776 2229 rempubli-

375 2293 462 2318 cam
482 2274 729 2316 labefactare.
763 2267 874 2320 Qid
896 2264 1059 2306 fecerit,
1093 2258 1236 2296 videte.
1272 2255 1320 2292 L.
1347 2250 1527 2290 Lamiam
1546 2275 1554 2290 ,
1588 2245 1656 2296 qui
1685 2255 1779 2280 cum

378 2360 441 2385 me
463 2344 593 2397 ipsum
614 2354 686 2395 pro
707 2338 861 2376 summa
882 2330 1164 2371 familiaritate,
1182 2336 1269 2376 quae
1291 2318 1394 2358 mihi
1415 2329 1510 2354 cum
1532 2312 1664 2355 fratre,
1688 2321 1782 2346 cum

380 2421 487 2466 patre
507 2410 591 2462 ejus
612 2414 708 2450 erat,
732 2403 848 2441 unice
870 2396 1077 2450 diligebat,
1103 2402 1188 2430 tum
1212 2401 1282 2442 pro
1305 2382 1509 2438 republica
1530 2379 1589 2416 vel
1614 2385 1781 2414 moi-tem

381 2486 566 2532 oppetere
586 2472 787 2525 cupiebat,
805 2469 844 2506 in
865 2465 1059 2505 concione
1082 2456 1292 2510 relegavit3
1317 2451 1536 2500 edixitque,
1557 2456 1598 2483 ut
1618 2443 1666 2481 ab
1691 2441 1787 2479 urbe

1400 2518 1426 2553 Β
1461 2527 1480 2551 Ξ
