2076 2860
423 172 501 224 468
777 170 855 209 IN
914 169 978 208 M.
1039 170 1466 209 ANTONIUM

423 271 608 324 acceptis,
640 271 814 309 sublatus
836 285 856 309 e
877 271 1033 324 proelio,
1066 272 1295 325 reipublicae
1315 272 1437 311 vitam
1465 271 1683 312 reservavit.
1731 273 1819 326 Ego

423 352 514 377 vero
535 338 642 376 hunc
664 352 742 376 non
764 338 892 376 solum
913 339 1207 391 imperatorem,
1240 339 1303 377 sed
1324 340 1443 377 etiam
1464 340 1719 378 clariffimum
1739 339 1820 378 im-

424 415 657 457 peratorem,
684 404 823 456 judico
842 420 851 443 ε
885 406 954 458 qui
979 419 1073 443 cum
1093 416 1159 444 aut
1180 414 1322 450 morte,
1355 415 1420 444 aut
1441 407 1616 452 νίἇὶοῑὶεῑ,
1649 406 1685 444 se
1706 406 1818 444 satis-

425 471 621 508 faeturum
642 471 870 523 reipublicae
897 471 1189 525 spopondifi‘et3
1222 472 1390 510 alterum
1417 471 1528 518 fecit,
1559 473 1718 511 alterius
1749 472 1821 511 Dii

425 536 667 574 immortales
689 549 807 573 omen
828 545 1001 576 avertant
1021 537 1045 575 !⁷

480 603 534 640 X.
560 602 668 653 Qid
691 601 820 640 dicam
841 602 888 641 de
909 603 1048 642 Hirtio
1067 604 1080 641 ?
1112 603 1198 656 qui,
1226 616 1266 641 re
1287 602 1431 649 audita,
1455 616 1475 641 e
1496 602 1625 641 castris
1647 602 1740 641 duas
1762 602 1821 641 le-

426 669 561 720 giones
583 668 721 706 eduxit
749 670 978 708 incredibili
1007 669 1135 708 studio
1165 679 1283 723 atque
1303 670 1464 715 virtute,
1496 678 1675 723 quartam
1695 669 1821 715 illam,

425 748 525 787 quae,
558 735 694 773 relicto
714 736 909 781 Antonio,
939 736 978 774 se
1004 736 1103 774 olim
1129 750 1223 774 cum
1250 736 1398 774 Martia
1418 736 1574 789 legione
1593 736 1822 788 conjunxit,

425 810 464 838 et
491 801 713 853 septimam,
746 816 832 855 quae
853 802 1065 840 constituta
1091 816 1139 841 ex
1171 803 1363 841 veteranis
1391 801 1529 841 docuit
1560 801 1632 840 illo
1663 802 1821 854 proelio,

426 867 626 905 militibus
648 868 711 913 iis,
744 868 813 920 qui
836 868 995 907 Caesaris
1018 868 1209 907 beneficia
1229 868 1445 914 servaffent,
1477 868 1629 906 senatus
1660 867 1823 920 populi-

427 947 504 985 que
525 933 699 971 Romani
720 947 855 972 carum
877 948 1022 973 nomen
1044 935 1131 974 effe.
1165 935 1243 973 His
1265 935 1410 987 viginti
1431 934 1679 979 cohortibus,
1712 933 1825 972 nullo

425 1000 621 1052 equitatu,
654 1000 831 1046 Hirtius,
863 1001 943 1054 ipse
972 1001 1147 1054 aquilam
1173 1011 1319 1054 quartae
1342 1002 1508 1054 legionis
1530 1015 1624 1039 cum
1646 1000 1823 1046 inferret,

427 1078 504 1117 qua
525 1065 674 1103 nullius
696 1065 967 1118 pulchriorem
998 1067 1169 1120 speciem
1191 1068 1437 1119 imperatoris
1459 1068 1698 1119 accepimus,
1730 1079 1824 1104 cum

426 1132 554 1169 tribus
577 1132 746 1169 Antonii
767 1132 991 1184 legionibus
1013 1133 1271 1185 equitatuque
1291 1132 1488 1177 conflixit,
1520 1131 1724 1184 hostesque
1754 1145 1824 1170 ne-

427 1196 561 1242 farios,
593 1196 688 1235 huic
716 1198 807 1248 Jovi
836 1199 1034 1243 lVIaximo,
1066 1199 1292 1250 caeterisque
1325 1200 1504 1236 Deorum
1535 1198 1826 1236 immortalium

428 1263 611 1315 templis,
644 1263 752 1300 urbis
790 1264 922 1309 tectis,
955 1264 1129 1301 libertati
1164 1264 1304 1316 populi
1339 1264 1534 1308 Romani,
1568 1264 1703 1302 nostrae
1737 1264 1826 1301 vitae

429 1328 689 1380 sanguinique
722 1328 998 1374 imminentes,
1030 1329 1255 1382 prostravit,
1288 1328 1415 1374 fudit,
1445 1329 1623 1375 occidit;
1657 1339 1701 1368 ut
1732 1343 1827 1368 cum

428 1393 644 1431 admodum
680 1394 840 1446 paucis,
877 1396 991 1433 noCte
1027 1397 1177 1440 tectus,
1210 1404 1320 1433 metu
1354 1395 1611 1448 perterritus,
1642 1396 1825 1448 princeps

428 1461 628 1498 latronum
654 1460 814 1513 duxque
842 1460 1003 1513 fugerit.
1049 1462 1086 1499 O
1118 1461 1240 1499 solem
1270 1460 1399 1514 ipsum
1428 1461 1705 1506 beatiffimum,
1738 1463 1823 1514 qui,

427 1535 637 1578 antequam
673 1526 708 1564 se
742 1527 921 1572 abderet,
954 1527 1078 1566 stratis
1114 1527 1366 1566 cadaveribus
1401 1527 1699 1581 parricidarum,
1731 1541 1824 1565 cum

424 1593 559 1644 paucis
580 1591 802 1644 fugientem
824 1593 924 1631 vidit
946 1594 1172 1632 Antonium
1191 1593 1199 1631 l

482 1659 548 1695 An
581 1672 671 1696 vero
705 1659 914 1712 quisquam
947 1659 1149 1703 dubitabit
1174 1660 1370 1713 appellare
1399 1659 1588 1699 Caesarem
1609 1660 1824 1712 imperato-

428 1726 542 1762 rem?
575 1726 685 1762 AEtas
716 1727 798 1777 ejus
827 1736 932 1764 certe
961 1727 1008 1764 ab
1039 1726 1113 1765 hac
1144 1727 1335 1765 sententia
1364 1727 1566 1766 neminem
1596 1726 1823 1781 deterrebit,

428 1790 752 1842 quandoquidem
773 1793 918 1830 virtute
940 1792 1133 1844 superavit
1160 1802 1327 1832 aetatem.
1371 1795 1431 1831 Ac
1464 1793 1566 1831 mihi
1599 1793 1750 1846 semper
1780 1808 1826 1832 eo

430 1857 576 1907 majora
596 1855 786 1894 beneficia
808 1859 857 1895 C.
875 1858 1034 1896 Caesaris
1051 1859 1128 1896 visa
1145 1859 1248 1904 sunt,
1268 1873 1347 1910 quo
1364 1861 1496 1897 minus
1518 1869 1626 1896 erant
1647 1860 1694 1896 ab
1716 1868 1826 1897 aetate

430 1923 498 1960 illa
518 1921 765 1974 postulanda:
790 1924 855 1960 cui
872 1937 965 1962 cum
982 1924 1211 1977 imperium,
1230 1925 1368 1963 eodem
1390 1935 1566 1977 tempore
1582 1926 1700 1963 etiam
1717 1925 1825 1978 spem

432 1988 604 2026 nominis
625 1988 723 2040 ejus,
742 1987 1039 2035 deferebamus;
1063 1990 1184 2043 quod,
1203 2004 1297 2028 cum
1313 1990 1365 2028 est
1384 1991 1535 2029 secutus
1553 1991 1824 2030 atl&oritate1n

431 2054 551 2092 nostri
571 2054 732 2100 decreti,
756 2055 870 2094 rebus
891 2056 1006 2109 gestis
1028 2057 1104 2095 suis
1126 2057 1414 2110 comprobavit.
1457 2058 1540 2095 Hic
1562 2071 1654 2109 ergo
1674 2058 1824 2096 adoles-

431 2134 522 2158 cens
554 2120 718 2158 maximi
748 2122 884 2168 animi,
917 2132 960 2160 ut
980 2123 1170 2161 veriffime
1195 2123 1332 2161 scribit
1360 2123 1535 2168 Hirtius,
1567 2123 1686 2161 castra
1715 2125 1824 2163 mul-
1858 2153 1862 2155 -

433 2196 560 2224 tarum
582 2186 787 2239 legionum
816 2190 950 2240 paucis
981 2188 1215 2228 cohortibus
1249 2198 1397 2228 tutatus
1430 2189 1498 2235 est,
1531 2189 1826 2243 secundumque

432 2253 620 2305 proelium
641 2252 750 2291 fecit.
784 2255 843 2292 Ita
864 2255 984 2293 trium
1006 2256 1289 2308 imperatorum
1309 2257 1469 2301 virtute,
1491 2256 1668 2301 confilio,
1692 2255 1823 2295 felici-

434 2329 525 2364 tate,
559 2334 638 2357 uno
659 2319 719 2357 die
741 2320 838 2358 locis
860 2322 1041 2373 pluribus
1063 2322 1282 2374 respublica
1302 2323 1354 2360 est
1375 2323 1610 2361 conservata.

490 2386 563 2423 XI.
598 2387 779 2424 Dccerno
801 2388 922 2439 igitur
943 2402 1079 2426 eorum
1102 2389 1223 2426 trium
1244 2390 1405 2427 nomine
1430 2389 1719 2442 quinquaginta
1738 2388 1821 2426 die-

431 2466 520 2490 rum
543 2452 861 2505 supplicationeS,
885 2468 978 2507 quas
1002 2465 1044 2494 ut
1066 2454 1468 2495 honorificentiffimis
1490 2456 1617 2495 verbis
1639 2453 1824 2506 consequi
