2076 2860
450 173 529 222 426
803 169 881 207 IN
940 168 1004 206 M.
1066 167 1492 207 ANTONIUM

453 281 481 296 “
504 282 677 326 patrem,
709 280 747 308 et
780 284 911 322 regem
945 271 1181 322 Dejotarum
1217 269 1368 315 filium,
1401 269 1449 315 fi,
1483 278 1526 308 ut
1560 269 1698 309 multis
1733 270 1847 308 bellis

454 339 769 391 “saepenumero
803 337 1017 388 imperium
1053 336 1193 388 populi
1228 336 1401 374 Romani
1431 337 1631 388 juverint,
1664 337 1761 374 item
1797 337 1846 374 C.

455 412 482 428 “
507 404 678 442 Caffium
706 402 983 455 proconsulem
1011 402 1137 454 copiis
1166 401 1242 440 suis
1271 401 1706 454 opibusquejuviffent‚
1740 402 1847 440 sena·

455 478 482 493 “
507 470 564 508 tui
601 469 829 522 populoque
865 469 1048 505 Romano
1082 477 1239 520 gratum
1275 467 1346 506 effe
1380 466 1578 506 facturos:
1612 469 1788 521 itemque
1823 468 1849 505 fi

456 543 483 559 “
506 536 633 573 caeteri
656 548 778 587 reges,
804 533 1021 579 tetrarchae‚
1044 533 1290 586 dynastaeque
1308 533 1500 578 feciffent,
1523 534 1698 573 senatum
1719 548 1849 587 popu-

455 609 483 625 “
506 603 671 653 lumque
694 602 921 638 Romanum
944 614 1081 638 eorum
1102 600 1225 638 officii
1246 614 1326 638 non
1348 600 1624 638 immemorem
1645 599 1846 638 futurum:

456 676 484 692 “
508 669 646 720 utique
669 669 717 705 C.
743 667 876 712 Pansa,
910 669 960 705 A.
986 667 1162 712 Hirtius,
1194 666 1388 711 consules,
1420 667 1517 704 alter
1536 666 1717 711 ambove,
1749 666 1775 704 fi
1797 666 1850 704 eis

456 742 484 758 ‘⁴
507 734 718 778 videretur,
751 733 953 786 republica
979 742 1215 786 recuperata,
1248 732 1295 770 de
1322 733 1537 785 provinciis
1565 731 1850 777 consularibus,

457 808 485 825 “
510 800 713 854 praetoriis,
731 799 778 837 ad
799 799 907 837 hunc
929 800 1109 837 ordinem
1130 800 1260 852 primo
1281 813 1441 851 quoque
1463 808 1640 852 tempore
1661 797 1850 837 referant:

459 874 488 890 “
510 868 658 904 interea
683 866 894 918 provinciae
921 866 968 903 ab
996 866 1059 911 iis,
1092 879 1113 903 a
1136 865 1282 918 quibus
1304 865 1550 910 obtinentur,
1583 865 1852 910 obtineantur,

459 940 488 956 “
510 932 640 985 quoad
660 933 805 984 cuique
824 946 871 970 ex
893 931 1252 970 senatus-consulto
1274 931 1489 969 successum
1510 931 1597 969 fit.’'

515 999 633 1036 XIII.
668 998 760 1036 Hoc
783 997 1143 1036 senatus-consulto
1162 997 1364 1036 ardentem
1386 997 1701 1042 inflammabitis,
1733 1006 1772 1035 et
1791 1010 1853 1035 ar-

459 1073 613 1103 matum
633 1064 834 1102 armabitis
858 1064 1045 1102 Caffium.
1078 1065 1167 1103 Nec
1187 1064 1294 1102 enim
1316 1064 1495 1102 animum
1511 1065 1593 1116 ejus
1610 1062 1769 1116 potestis
1790 1063 1854 1114 ig-

460 1145 610 1177 norare,
642 1145 713 1169 nec
735 1131 881 1184 copias.
918 1132 1091 1169 Animus
1113 1131 1145 1169 is
1166 1130 1233 1176 est,
1256 1144 1377 1183 quem
1397 1130 1566 1176 videti53
1599 1130 1736 1182 copiae,
1759 1142 1855 1182 quas

460 1197 636 1241 audistis,
658 1196 772 1235 fortis
794 1206 831 1234 et
853 1196 1065 1235 constantis
1087 1197 1174 1241 viri,
1197 1197 1267 1249 qui
1288 1210 1336 1234 ne
1356 1196 1446 1234 vivo
1467 1195 1629 1248 quidem
1649 1195 1856 1234 Trebonio

462 1263 682 1303 Dolabellae
703 1263 958 1301 latrocinium
983 1263 1025 1301 in
1047 1263 1197 1314 Syriam
1227 1271 1428 1314 penetrare
1458 1261 1611 1301 fiviffet.
1655 1261 1855 1308 Allienus,

460 1330 667 1369 familiaris
695 1339 733 1368 et
764 1329 992 1367 necessarius
1024 1342 1150 1373 meus,
1182 1328 1266 1380 post
1297 1328 1506 1367 interitum
1535 1327 1731 1366 Trebonii
1761 1341 1856 1381 pro-

461 1396 603 1441 feems,
635 1408 684 1433 ne
715 1394 795 1433 dici
828 1394 991 1448 quidem
1024 1394 1060 1432 se
1091 1394 1266 1446 legatum
1299 1394 1518 1433 Dolabellae
1547 1394 1667 1432 volet.
1710 1393 1779 1431 Est
1800 1395 1865 1446 Q

463 1462 617 1501 Caecilii
639 1461 751 1507 Baffi,
784 1461 925 1514 privati
946 1461 1055 1499 illius
1077 1460 1255 1514 quidem,
1288 1461 1350 1500 sed
1377 1459 1491 1499 fortis
1513 1469 1551 1499 et
1571 1460 1745 1513 praeclari
1766 1460 1856 1505 viri,

461 1529 642 1568 robustus
663 1537 702 1566 et
721 1529 846 1567 vietor
865 1529 1076 1567 exercitus.

520 1595 700 1648 Dejotari
730 1595 846 1648 regis,
878 1604 917 1633 et
945 1595 1066 1648 patris
1088 1604 1127 1633 et
1148 1594 1237 1639 filii,
1268 1603 1307 1633 et
1327 1607 1508 1646 magnus,
1540 1601 1578 1634 et
1599 1593 1728 1632 nostro
1748 1606 1858 1631 more

462 1661 688 1706 instru&us‚
706 1662 924 1700 exercitus:
948 1661 1102 1699 summa
1121 1660 1162 1699 in
1179 1659 1263 1698 filio
1280 1661 1378 1713 spes,
1397 1659 1550 1698 summa
1569 1659 1720 1712 ingenii
1740 1658 1857 1697 indo-

463 1728 534 1772 les,
567 1727 720 1764 summa
748 1728 887 1766 virtus.
930 1727 1042 1779 Qid
1072 1727 1118 1764 de
1149 1735 1256 1779 patre
1286 1726 1448 1764 dicam?
1480 1726 1593 1777 cujus
1619 1724 1858 1763 benevolen-

464 1795 517 1831 tia
548 1793 589 1830 in
619 1792 816 1844 populum
846 1793 1075 1830 Romanum
1104 1793 1158 1830 est
1187 1793 1306 1845 ipfius
1336 1791 1494 1844 aequalis
1525 1792 1655 1830 aetati:
1689 1791 1758 1844 qui
1779 1803 1859 1828 non

467 1859 594 1897 solum
628 1858 753 1895 socius
790 1859 1073 1910 imperatorum
1109 1858 1329 1896 nostrorum
1364 1857 1443 1896 fuit
1475 1859 1516 1896 in
1549 1857 1690 1902 bellis,
1721 1869 1859 1894 verum

469 1926 588 1962 etiam
620 1923 702 1961 dux
734 1924 937 1977 copiarum
970 1923 1141 1962 sua-rum.
1183 1925 1283 1976 Qae
1314 1923 1361 1961 de
1392 1923 1464 1961 illo
1496 1924 1579 1961 viro
1612 1922 1741 1974 Sylla,
1772 1935 1859 1975 quae

468 1990 658 2035 Murena,
690 2003 777 2042 quae
812 1982 1021 2035 Servilius,¹
1044 2003 1130 2042 quae
1162 1989 1374 2034 Lucullus,
1406 2001 1525 2041 quam
1559 1997 1706 2032 ornate,
1738 2000 1859 2040 quam

466 2056 711 2101 honorifice,
748 2070 867 2109 quam
905 2056 1098 2109 graviter,
1135 2055 1231 2109 saepe
1270 2056 1312 2094 in
1351 2055 1483 2094 senatu
1518 2055 1856 2108 praedicaverunt?

469 2122 579 2175 Qid
601 2121 647 2160 de
670 2123 748 2161 Cn.
772 2122 963 2175 Pompeio
984 2123 1154 2175 loquar?
1186 2122 1258 2175 qui
1284 2135 1410 2161 unum
1440 2122 1675 2174 Dejotarum
1705 2121 1745 2159 in
1774 2128 1859 2158 toto

467 2190 563 2227 orbe
585 2199 774 2227 terrarum
795 2202 842 2227 ex
869 2189 1002 2228 animo
1029 2190 1220 2235 amicum,
1251 2202 1417 2241 vereque
1450 2188 1701 2233 benevolum,
1734 2200 1860 2225 unum

468 2255 626 2293 fidelem
659 2255 808 2307 populo
841 2256 1024 2293 Romano
1051 2255 1259 2307 judicavit.
1302 2255 1469 2293 Fuimus
1502 2255 1755 2307 imperatores
1787 2265 1861 2305 ego

468 2331 506 2359 et
528 2322 591 2359 M.
610 2321 776 2359 Bibulus
798 2320 840 2359 in
859 2321 1094 2375 propinquis
1116 2320 1376 2374 finitimisque
1396 2320 1609 2374 provinciis
1627 2336 1635 2358 :
1660 2320 1706 2358 ab
1723 2318 1860 2357 eodem

469 2402 557 2441 rege
578 2387 703 2440 adjuti
724 2387 856 2426 sumus
877 2397 917 2426 et
936 2387 1129 2440 equitatu,
1162 2397 1200 2425 et
1228 2387 1468 2440 pedestribus
1489 2387 1629 2439 copiis.
1673 2387 1860 2424 Secutum

467 2454 520 2492 est
552 2453 628 2492 hoc
661 2454 949 2493 acerbiffimum
981 2462 1021 2493 et
1054 2453 1427 2494 calamitofiffimum
1459 2453 1575 2492 civile
1608 2452 1785 2491 bellum:
1817 2450 1859 2487 in
