2076 2860
422 204 492 244 *³23
771 200 849 240 IN
907 200 972 238 M.
1033 198 1463 238 ANTONIUM

416 236 438 259 Q

414 305 650 344 dictaturam
680 301 891 340 sustulisti:
925 314 1028 353 pone
1059 309 1148 338 ante
1177 300 1314 338 oculos
1339 300 1519 338 laetitiam
1540 298 1708 346 senatus,
1740 313 1814 353 p0=r

417 372 582 424 pulique
611 368 812 408 Romani:
846 366 984 405 confer
1005 381 1098 405 cum
1120 366 1407 404 nundinatione
1435 376 1514 411 tua,
1547 376 1813 419 tuorumque;

417 447 504 475 tum
526 436 740 487 intellige5‚
772 442 968 486 quantum
995 433 1099 470 inter
1119 432 1277 470 laudem
1298 443 1336 471 et
1365 433 1523 471 lucrum
1544 432 1708 471 interfit.
1742 432 1816 470 Sed

416 504 622 546 nimirum,
656 510 699 538 ut
721 500 899 553 quidam,
926 499 1068 537 morbo
1089 499 1222 550 aliquo
1243 508 1282 536 et
1304 499 1432 536 sensus
1454 499 1622 551 stupore,
1646 499 1813 537 suavita-

416 579 496 607 tem
524 569 606 607 cibi
638 581 718 605 non
747 567 950 611 sentiunt,
983 566 1034 604 fic
1068 566 1283 611 libidfflofi,
1316 566 1432 610 avari,
1464 565 1687 610 facinorofi,
1718 580 1816 604 verae

414 635 539 673 laudis
562 634 761 687 gustatum
784 648 863 672 non
885 632 1047 671 habent.
1083 632 1170 677 Sed,
1202 633 1228 670 fi
1262 642 1299 670 te
1332 632 1415 670 laus
1448 632 1605 670 allicere
1636 633 1684 670 ad
1715 635 1818 671 recte

412 701 642 740 faciendum
675 714 754 738 non
787 699 927 752 potest,
960 713 1009 737 ne
1040 708 1169 737 metus
1204 699 1367 751 quidem
1399 713 1420 736 a
1451 698 1671 736 foediffimis
1704 697 1816 737 factis

413 768 540 822 potest
560 768 750 805 avocare?
783 767 941 818 Judicia
969 780 1047 804 non
1070 766 1230 804 metuis.
1270 766 1309 802 Si
1341 775 1502 818 propter
1529 765 1814 810 innocentiam,

413 834 556 872 laudo:
588 835 613 871 fi
636 842 797 886 propter
815 832 914 877 vim,
938 846 1017 870 non
1039 832 1247 884 intelligis,
1271 833 1321 877 ei,
1345 833 1414 884 qui
1435 831 1507 870 isto
1528 831 1648 869 modo
1663 831 1818 884 judicia

414 915 494 939 non
517 901 668 944 timeat,
701 899 798 951 quid
822 898 1045 937 timendum
1067 899 1112 936 sit
1132 899 1144 936 ?
1581 903 1584 905 ’

471 966 593 1019 Qod
625 967 650 1004 fi
685 980 765 1003 non
798 967 942 1003 metuis
971 966 1074 1003 viros
1107 964 1244 1010 fortes,
1276 964 1529 1018 egregiosque
1557 965 1676 1010 cives,
1709 964 1816 1017 quod

414 1048 434 1072 a
455 1047 617 1086 corpore
641 1042 709 1070 tuo
735 1031 1001 1085 prohibentur
1027 1032 1173 1077 armis3
1208 1033 1267 1069 tui
1296 1042 1347 1077 te,
1380 1031 1482 1070 mihi
1505 1032 1630 1077 crede,
1663 1031 1814 1069 diutius

415 1114 493 1138 non
516 1099 658 1137 ferent.
703 1100 804 1150 Qae
831 1098 885 1136 est
905 1107 1037 1136 autem
1058 1098 1151 1142 vita,
1184 1097 1264 1135 dies
1287 1107 1325 1135 et
1346 1099 1479 1135 noctes
1502 1098 1641 1135 timere
1661 1110 1682 1134 a
1702 1097 1779 1134 suis
1799 1098 1812 1134 ?

413 1166 484 1204 nifi
506 1179 596 1203 vero
624 1173 691 1202 aut
717 1163 934 1216 majoribus
962 1162 1081 1201 habes
1115 1162 1318 1200 beneficiis
1351 1163 1562 1216 obligatos,
1595 1176 1714 1215 quam
1746 1162 1816 1200 ille

413 1232 603 1285 quosdam
624 1230 765 1269 habuit
785 1244 833 1268 ex
854 1230 917 1275 iis,
950 1243 970 1267 a
991 1229 1137 1282 quibus
1160 1229 1212 1267 est
1234 1229 1487 1274 interfe&us;
1520 1238 1586 1267 aut
1608 1238 1652 1267 tu
1673 1243 1710 1268 es
1733 1229 1817 1267 ulla

412 1313 453 1337 re
473 1313 567 1337 cum
588 1312 633 1337 eo
655 1297 957 1351 comparandus.
991 1297 1087 1334 Fuit
1108 1297 1149 1333 in
1172 1296 1243 1334 illo
1264 1296 1488 1348 ingenium,
1521 1296 1634 1341 ratio,
1657 1309 1814 1334 memo-

413 1367 493 1412 ria,
527 1366 673 1411 literae,
706 1378 822 1409 cura,
861 1364 1078 1416 cogitatio,
1112 1362 1346 1414 diligentia:
1391 1376 1449 1400 res
1485 1362 1592 1401 bello
1626 1362 1813 1415 gefferat,

411 1433 592 1485 quamvis
614 1431 842 1484 reipublicae
863 1429 1123 1474 calamitosas,
1155 1438 1327 1467 attamen
1348 1442 1508 1481 magnas
1528 1444 1536 1467 ε
1571 1428 1720 1467 multos
1742 1442 1814 1467 an-

411 1512 482 1537 nos
505 1490 665 1551 regnare
692 1496 921 1541 meditatus,
953 1509 1098 1548 magno
1125 1495 1272 1540 labore,
1305 1495 1444 1533 multis
1468 1495 1672 1547 periculis,
1705 1494 1814 1548 quod

411 1567 617 1618 cogitarat,
639 1564 846 1602 effecerat:
879 1563 1129 1607 muneribus,
1152 1563 1440 1607 monumentis,
1463 1562 1690 1614 congiariis,
1713 1575 1812 1614 epu-

410 1632 475 1677 lis,
507 1630 812 1670 multitudinem
837 1629 1065 1683 imperitam
1086 1629 1277 1667 lenierat:
1311 1628 1397 1666 suos
1418 1628 1606 1681 praemiis,
1638 1627 1813 1666 adversa-

411 1698 488 1736 rios
510 1698 731 1736 clementiae
752 1696 893 1750 specie,
917 1696 1157 1734 devinxerat.
1192 1694 1302 1746 Qid
1333 1695 1490 1732 multa?
1523 1693 1706 1732 attulerat
1726 1695 1814 1747 jam

410 1763 543 1801 liberae
564 1763 731 1807 civitati,
764 1763 908 1816 partim
928 1770 1054 1807 metu,
1085 1761 1230 1814 partim
1252 1761 1455 1814 patientia,
1485 1759 1814 1798 consuetudinem

411 1828 616 1867 serviendi.

468 1895 621 1933 XLVI.
657 1895 762 1931 Cum
784 1893 855 1931 illo
877 1905 949 1945 ego
972 1891 1261 1947 tedominandi
1283 1892 1500 1944 cupiditate
1521 1890 1699 1929 conferre
1719 1891 1812 1943 pos-

413 1961 527 2006 sum;
560 1960 709 1998 caeteris
731 1973 822 1997 vero
843 1959 958 1997 rebus
980 1958 1092 1995 nullo
1115 1957 1234 1995 modo
1255 1957 1540 2009 comparandus
1562 1970 1616 1995 es.
1663 1956 1735 1994 Sed
1763 1970 1812 1996 ex

410 2027 595 2081 plurimis
617 2026 746 2071 malis,
779 2040 865 2078 quae
886 2025 934 2062 ab
956 2025 1026 2062 illo
1049 2024 1276 2077 reipublicae
1298 2023 1387 2061 sunt
1409 2023 1547 2068 inusta,
1579 2022 1656 2060 hoc
1680 2032 1811 2061 tamen

412 2094 507 2132 boni
530 2093 596 2138 est,
616 2092 736 2145 *quod
758 2092 899 2130 didicit
914 2093 999 2144 jam
1020 2091 1192 2143 populus
1215 2091 1420 2128 Romanus
1443 2099 1637 2142 quantum
1665 2089 1811 2141 cuique

410 2161 599 2205 crederet,
623 2159 768 2212 quibus
802 2159 838 2196 se
870 2158 1154 2202 committeret,
1187 2171 1207 2195 a
1238 2158 1384 2210 quibus
1410 2166 1575 2194 caveret.
1609 2157 1708 2194 Haec
1730 2169 1810 2194 non

411 2227 593 2280 cogitas?
628 2239 698 2263 nec
720 2225 912 2277 intelligis
943 2225 1030 2262 satis
1059 2223 1130 2262 effe
1157 2224 1250 2261 viris
1272 2223 1443 2261 fortibus
1467 2222 1656 2267 didicisse,
1689 2236 1810 2274 quam

411 2294 456 2333 fit
477 2307 516 2332 re
537 2291 770 2346 pulchrum,
801 2291 995 2329 beneficio
1016 2300 1187 2343 gratum,
1217 2289 1321 2328 fama
1341 2289 1572 2342 gloriosum,
1598 2299 1810 2340 tyrannum

409 2360 621 2400 occidere?
654 2360 736 2405 An,
767 2373 861 2397 cum
894 2358 1010 2396 illum
1043 2356 1225 2395 homines
1261 2371 1339 2395 non
1373 2356 1551 2402 tulerint,
1585 2364 1622 2394 te
1647 2354 1806 2393 ferent?

411 2426 607 2466 Certatim
628 2424 804 2478 posthac,
836 2423 938 2463 mihi
960 2424 1087 2469 crede,
1120 2423 1166 2462 ad
1194 2423 1270 2462 hoe
1292 2436 1391 2475 opus
1413 2431 1606 2467 curretur,
1639 2435 1710 2460 nec
1737 2434 1806 2459 oc-

410 2493 573 2532 castonis
595 2492 754 2532 tarditas
775 2491 1058 2545 expectabitur.
