2076 2860
415 231 493 268 412
770 215 847 254 IN
908 214 976 252 M.
1038 214 1466 253 ANTONIUM

418 318 618 363 Galliam,
657 329 775 370 quam
814 316 884 354 fibi
919 316 1036 354 armis
1068 316 1287 370 animisque
1317 317 1497 355 infestam
1531 316 1816 370 inimicamque

418 384 619 436 cognovit.
653 383 777 420 Hunc
799 383 851 420 A.
871 382 1014 428 Hirtii,
1039 383 1087 421 C.
1109 383 1282 428 Caesaris,
1301 384 1495 421 exercitus
1518 383 1684 421 insecuti
1706 383 1815 421 sunt:

420 451 503 502 post
534 448 663 487 Pansae
691 448 863 486 delectus
896 449 1050 494 urbem,
1083 458 1287 501 totamque
1318 450 1489 494 Italiam,
1521 450 1658 488 erexit.
1703 450 1817 487 Unus

418 517 601 554 omnium
624 515 677 553 est
697 514 833 553 hostis.
868 516 1107 568 Qanquam
1129 515 1249 554 habet
1270 516 1401 554 secum
1425 517 1472 554 L.
1497 514 1673 561 fratrem,
1700 515 1818 554 caris-

420 582 563 619 fimum
584 581 735 634 populo
758 582 941 619 Romano
963 582 1119 627 civem3
1152 583 1266 634 cujus
1295 581 1528 620 defiderium
1555 581 1691 619 civitas
1720 581 1820 619 ferre

419 648 569 686 diutius
593 661 671 685 non
693 647 832 700 potest.
875 647 986 699 Qid
1007 648 1076 685 illa
1097 649 1235 686 tetrius
1257 647 1390 686 bellua
1408 649 1420 687 ?
1453 647 1551 700 quid
1572 648 1785 686 immanius
1805 649 1818 685 ?

419 715 489 768 qui
510 714 562 752 ob
583 728 668 752 eam
690 715 842 752 causam
865 724 977 752 natus
1000 715 1170 761 videtur,
1203 729 1250 753 ne
1271 715 1455 753 omnium
1476 715 1708 753 mortalium
1735 723 1820 753 tur-

421 780 598 833 piffimus
620 780 710 819 efl‘et
732 781 796 819 M.
821 781 1038 819 Antonius.
1077 780 1145 819 Est
1167 795 1244 819 una
1263 781 1507 827 Trebellius,
1539 781 1610 833 qui
1624 781 1707 833 jam
1729 794 1824 819 cum

421 847 568 885 tabulis
591 848 702 885 novis
725 847 825 885 redit
846 848 886 885 in
908 848 1074 899 gratiam
1094 863 1102 885 ε
1137 849 1191 886 Τ.
1216 847 1401 893 Plancus,
1433 846 1562 886 caeteri
1582 860 1721 900 pares;
1754 846 1824 899 qui

423 913 463 952 id
485 923 679 966 pugnant,
712 913 752 951 id
774 923 911 966 agunt,
945 923 987 952 ut
1010 922 1146 952 contra
1167 914 1457 966 rempublicam
1479 913 1649 952 restituti
1669 912 1741 951 effe
1761 914 1822 952 vi-

424 979 589 1018 deantur
607 995 615 1018 :
650 980 864 1018 sollicitant
886 979 1068 1018 homines
1090 981 1296 1033 imperitos
1319 981 1423 1018 Saxae
1444 989 1482 1018 et
1505 979 1730 1032 CaphoneS,
1752 979 1822 1032 ipfi

425 1046 558 1084 rustici
579 1055 696 1098 atque
717 1046 894 1098 agrestes,
922 1046 991 1098 qui
1013 1045 1114 1084 hanc
1137 1046 1427 1099 rempublicam
1449 1059 1520 1083 nec
1543 1045 1724 1083 viderunt
1746 1058 1821 1082 un-

425 1126 560 1164 quam,
594 1126 665 1150 nec
693 1112 824 1150 videre
856 1112 1112 1150 constitutam
1145 1112 1310 1150 volunt:
1343 1112 1413 1163 qui
1445 1125 1524 1148 non
1554 1110 1728 1155 Caesaris,
1760 1110 1825 1148 sed

428 1179 610 1223 Antonii,
642 1180 723 1216 acta
747 1178 990 1216 defendunt:
1025 1192 1123 1230 quos
1157 1179 1295 1216 avertit
1327 1179 1409 1229 agri
1443 1177 1637 1229 Campani
1669 1177 1826 1215 infinita

426 1244 628 1296 pofl'effi03
662 1245 774 1296 cujus
796 1258 860 1282 eos
884 1258 961 1281 non
984 1244 1129 1296 pudere
1150 1244 1336 1288 demiror,
1369 1256 1463 1281 cum
1484 1243 1658 1288 videant,
1690 1242 1725 1280 se
1745 1243 1825 1281 mi-

428 1325 513 1349 mos
536 1320 573 1348 et
595 1311 735 1348 mimas
758 1310 899 1348 habere
921 1311 1087 1357 vicinos.

486 1378 560 1415 XI.
594 1377 658 1415 Ad
680 1376 747 1414 has
769 1376 890 1429 pestes
913 1376 1206 1428 opprimendas,
1230 1390 1300 1414 cur
1321 1376 1481 1415 moleste
1501 1375 1687 1422 feramus,
1720 1375 1828 1429 quod

430 1443 492 1481 M.
518 1443 631 1481 Bruti
659 1443 811 1481 acceflit
839 1444 1064 1480 exercitus?
1099 1442 1370 1488 Immoderati,
1403 1443 1533 1488 credo,
1565 1442 1757 1487 hominis,
1789 1452 1828 1481 et

431 1508 666 1546 turbulenti.
698 1508 814 1553 Vide,
839 1522 886 1546 ne
909 1509 1083 1546 nimium
1104 1523 1202 1560 pene
1223 1509 1423 1561 patientis.
1458 1509 1539 1546 Ets1
1561 1509 1602 1546 in
1624 1508 1732 1546 illius
1754 1508 1828 1547 viri

429 1575 601 1612 consiliis
623 1584 740 1626 atque
762 1574 888 1620 factis,
921 1574 1023 1612 nihil
1047 1588 1118 1612 nec
1140 1576 1329 1620 nimium,
1361 1589 1432 1612 nec
1460 1589 1612 1627 parum,
1644 1574 1724 1613 fuit
1750 1588 1827 1612 un-

430 1655 564 1693 quam.
600 1641 745 1678 Omnis
768 1641 949 1679 voluntas
972 1641 1035 1679 M.
1054 1641 1181 1686 Bruti,
1206 1642 1337 1679 Patres
1359 1642 1588 1694 conscripti,
1607 1641 1736 1679 omnis
1758 1655 1828 1679 co-

430 1707 584 1760 gitatio,
604 1716 685 1744 tota
706 1720 832 1751 mens,
850 1707 1123 1745 auctoritatem
1146 1707 1313 1751 senatus,
1336 1707 1560 1745 libertatem
1580 1707 1720 1760 populi
1741 1707 1828 1745 Ro—

432 1773 554 1816 mani,
573 1773 769 1810 intuetur:
794 1771 877 1810 haec
898 1772 1017 1811 habet
1038 1773 1248 1825 proposita,
1271 1773 1355 1811 haec
1377 1774 1477 1811 tueri
1499 1773 1598 1812 vult.
1623 1774 1827 1818 Tentavit,

432 1838 528 1891 quid
551 1838 739 1890 patientia
753 1829 947 1890 *proficere
967 1838 1114 1890 poffet:
1139 1838 1241 1876 nihil
1263 1853 1356 1877 cum
1378 1839 1610 1891 proficeret3
1634 1840 1673 1877 vi
1694 1848 1830 1877 contra

434 1906 514 1942 vim
536 1903 818 1956 experiendum
840 1905 1008 1956 putavit.
1029 1906 1120 1951 ¹Cui
1141 1905 1319 1957 quidem,
1354 1906 1483 1943 Patres
1506 1905 1734 1958 conscripti,
1760 1919 1828 1943 vos

432 1972 537 2008 idem
561 1970 732 2007 tribucre
753 1969 829 2007 hoc
852 1979 1028 2022 tempore
1049 1970 1215 2015 debetis,
1238 1970 1345 2023 quod
1366 1985 1399 2009 a.
1424 1971 1463 2009 d.
1489 1985 1596 2009 X111.
1621 1971 1712 2010 Kal.
1735 1972 1826 2023 Jan.

435 2038 489 2075 D.
514 2038 636 2074 Bruto
657 2044 694 2073 et
717 2038 765 2074 C.
792 2035 946 2081 Caesari,
978 2050 1042 2074 me
1063 2038 1231 2082 auctore,
1256 2037 1471 2075 tribuistis:
1504 2051 1676 2090 quorum
1697 2038 1829 2090 priva-

433 2114 519 2142 tum
538 2103 583 2140 de
601 2102 802 2154 republica
818 2103 1027 2141 confilium
1044 2112 1083 2141 et
1098 2102 1247 2141 factum
1266 2104 1495 2142 auctoritate
1513 2103 1632 2142 vestra
1646 2104 1700 2142 est
1715 2118 1828 2142 com-

434 2170 661 2223 probatum,
684 2177 801 2220 atque
821 2168 1038 2207 laudatum.
1063 2169 1185 2221 Qod
1206 2169 1311 2208 idem
1332 2171 1373 2208 in
1395 2170 1459 2209 M.
1478 2171 1602 2209 Bruto
1618 2169 1744 2209 facere
1760 2170 1830 2209 de-

436 2237 552 2280 betis,
584 2249 605 2272 a
633 2248 713 2287 quo
741 2234 981 2286 insperatum
1011 2245 1049 2272 et
1080 2237 1331 2288 repentinum
1360 2236 1588 2289 reipublicae
1608 2237 1831 2290 praefidium

435 2302 654 2354 legionum,
686 2301 900 2353 equitatus,
932 2301 1171 2339 auxiliorum
1197 2315 1348 2354 magna:
1369 2312 1407 2340 et
1429 2301 1551 2341 firmae
1573 2304 1695 2355 copiae
1716 2316 1829 2341 com-

436 2377 574 2422 par-atre
607 2367 723 2405 sunt:
762 2366 1112 2419 adjungendusque
1144 2367 1197 2405 est
1238 2369 1303 2420 Q
1324 2369 1574 2414 Hortensius,
1616 2369 1701 2422 qui,
1737 2383 1832 2408 cum

435 2434 713 2473 Macedoniam
734 2434 945 2480 obtineret,
978 2433 1197 2486 adjutorem
1225 2434 1260 2472 se
1292 2435 1415 2474 Bruto
1445 2435 1491 2475 acl
1522 2435 1832 2489 comparandum

433 2501 652 2540 exercitum
688 2500 916 2539 fidissimum
949 2509 986 2539 et
1019 2500 1371 2541 constantissimum
1406 2501 1590 2554 praebuit.
1638 2501 1744 2541 Nam
1780 2501 1827 2539 de
