2076 2860
448 214 522 268 348
799 211 874 249 IN
935 211 999 249 M.
1062 211 1486 250 ANTONIUM

444 316 591 360 senatu,
615 313 721 366 quod
743 312 884 351 refistat
904 313 1098 350 Antonio.
1124 314 1256 366 Qem
1278 312 1303 350 fi
1326 313 1529 351 consulem
1550 313 1619 351 illa
1638 313 1843 367 provincia

443 390 614 434 putaret,
646 394 773 431 neque
794 393 886 417 eum
908 380 1125 431 reciperet;
1158 393 1303 431 magno
1325 379 1466 418 scelere
1493 380 1529 418 se
1556 380 1809 432 adstringeret
1828 396 1837 418 z

444 461 581 486 omnes
603 447 711 484 enim
732 447 772 483 in
794 446 966 483 consulis
982 447 1071 497 jure
1092 455 1130 483 et
1151 446 1319 498 imperio
1341 446 1484 484 debent
1511 447 1583 485 effe
1609 448 1837 499 provinciae.

444 514 577 565 Negat
598 511 674 549 hoc
696 513 751 550 D.
776 512 921 549 Brutus
943 512 1170 563 imperator,
1203 512 1339 549 consul
1362 511 1597 564 designatus,
1627 522 1739 551 natus
1761 513 1838 550 rei-

442 578 614 631 publicae
635 578 754 622 civis,
778 586 893 629 negat
916 577 1062 621 Gallia,
1086 586 1202 628 negat
1223 579 1364 614 ennena
1384 577 1511 622 Italia,
1535 587 1650 629 negat
1670 577 1839 622 senatus,

443 644 594 696 negatis
616 657 699 681 vos,
747 643 849 694 Qis
871 643 995 694 igitur
1016 643 1133 680 illum
1154 642 1358 680 consulem
1379 643 1448 681 nis1
1470 643 1639 680 latrones
1661 652 1803 696 putant
1822 645 1834 681 ?

443 723 670 762 quanquam
692 723 740 746 ne
761 710 789 746 ii
811 709 974 761 quidem
995 708 1080 761 ipfi,
1099 708 1206 761 quod
1226 708 1462 761 loquuntur,
1485 708 1526 746 id
1546 708 1744 754 sentiunt,
1769 722 1840 746 nee

442 776 633 828 ajudicio
654 776 837 813 omnium
868 775 1113 820 mortalium,
1147 775 1326 827 quamvis
1356 775 1472 827 impii
1502 774 1720 828 nefariique
1750 775 1839 820 fint,

443 843 541 880 ficut
561 842 665 887 sunt,
689 841 886 879 diffentire
906 841 1076 893 poffunt.
1111 841 1183 879 Sed
1206 841 1287 893 spes
1310 840 1486 894 rapiendi
1506 850 1624 894 atque
1643 840 1840 894 praedandi

442 909 615 946 obcaecat
636 909 787 945 animos
808 920 968 945 eorum:
993 921 1090 959 quos
1113 921 1191 945 non
1214 908 1410 945 bonorum
1432 907 1606 952 donatio,
1624 921 1705 945 non
1725 921 1839 959 agro-

443 988 533 1012 rum
554 974 769 1026 assignatio,
794 986 872 1011 non
896 973 963 1011 illa
982 973 1138 1011 infinita
1158 972 1277 1018 hasta,
1301 973 1472 1012 satiavit:
1501 974 1570 1026 qui
1591 973 1662 1011 fibi
1684 972 1838 1019 urbem,

442 1040 514 1092 qui
542 1039 645 1077 bona
665 1049 704 1077 et
733 1038 910 1077 fortunas
939 1039 1104 1084 civium,
1135 1039 1182 1076 ad
1208 1039 1378 1091 praedam
1408 1039 1719 1091 proposuerunt:
1752 1039 1839 1091 qui,

442 1107 541 1145 dum
562 1107 608 1144 fit
627 1106 735 1159 quod
757 1106 922 1158 rapiant,
941 1106 1048 1158 quod
1064 1105 1255 1151 auferant,
1275 1105 1376 1143 nihil
1393 1106 1463 1144 fibi
1485 1105 1716 1143 defuturum
1733 1106 1838 1143 arbi-

441 1182 622 1211 trantur:
656 1172 803 1224 quibus
836 1172 900 1209 M.
926 1172 1125 1209 Antonius
1151 1172 1207 1223 (O
1231 1172 1302 1209 Dii
1330 1171 1589 1216 immortales,
1620 1171 1781 1209 avertite
1801 1180 1840 1209 et

443 1238 704 1282 detestamini,
736 1237 879 1290 quaeso,
911 1236 988 1275 hoc
1010 1251 1127 1275 omen
1143 1237 1172 1288 l)
1196 1238 1336 1275 urbem
1358 1238 1393 1275 se
1414 1237 1632 1275 divisurum
1653 1238 1724 1275 effe
1746 1250 1838 1290 pro-

442 1305 562 1343 mifit.
588 1306 647 1342 Ita
662 1318 766 1348 vero,
785 1304 978 1354 Qirites,
997 1313 1040 1341 ut
1056 1304 1288 1355 precamini,
1306 1303 1471 1348 eveniat,
1490 1302 1686 1356 hujusque
1701 1317 1839 1341 amen-

442 1372 506 1410 tiae
527 1384 644 1424 poena
659 1371 699 1408 in
717 1370 845 1422 ipsum
863 1369 1137 1421 familiamque
1153 1369 1236 1421 ejus
1254 1370 1420 1407 recidat!
1447 1369 1566 1420 Qod
1588 1370 1641 1407 ita
1656 1369 1840 1407 futurum

441 1437 514 1475 effe
531 1436 710 1474 confido:
729 1437 812 1487 jam
829 1436 936 1473 enim
954 1449 1033 1472 non
1050 1435 1178 1473 solum
1198 1434 1395 1480 homines,
1415 1435 1477 1473 sed
1494 1436 1613 1473 etiam
1631 1436 1736 1473 Deos
1758 1437 1837 1473 im-

442 1504 641 1547 mortales,
673 1502 720 1539 ad
750 1502 1039 1554 rempublicam
1069 1501 1370 1540 conservandam
1400 1502 1568 1540 arbitror
1598 1502 1838 1541 consensisse.

442 1571 528 1607 Sive
549 1569 656 1607 enim
677 1568 868 1621 prodigiis
890 1578 1007 1620 atque
1035 1568 1228 1620 portentis
1260 1568 1330 1605 Dii
1361 1568 1604 1606 immortales
1635 1567 1749 1606 nobis
1771 1567 1838 1605 fu-

440 1645 526 1673 tura
546 1634 766 1687 praedicunt
784 1653 794 1678 3
828 1634 882 1671 ita
903 1633 991 1671 sunt
1012 1642 1140 1686 aperte
1162 1633 1406 1678 denuntiata,
1433 1643 1477 1671 ut
1498 1643 1535 1671 et
1557 1634 1618 1671 illi
1638 1647 1769 1686 penna,
1801 1644 1840 1672 et

440 1701 598 1739 libertas
630 1700 760 1744 nobis,
793 1700 1112 1753 appropinquet:
1146 1700 1220 1737 five
1251 1709 1382 1737 tantus
1414 1699 1621 1738 consensus
1653 1700 1837 1738 omnium

442 1767 518 1804 fine
540 1766 714 1818 impulsu
736 1767 915 1803 Deorum
937 1765 1008 1803 effe
1030 1779 1108 1803 non
1127 1766 1281 1817 potuit3
1306 1766 1402 1817 quid
1419 1765 1486 1810 est,
1505 1766 1611 1818 quod
1629 1765 1675 1803 de
1691 1766 1836 1804 volun-

442 1842 519 1869 tate
540 1832 752 1869 caelestium
775 1831 953 1867 dubitare
974 1830 1191 1882 poffimus?
1224 1831 1446 1883 Reliquum
1467 1831 1534 1876 est,
1568 1832 1761 1883 Qirites‚
1795 1841 1838 1870 ut

442 1911 509 1936 vos
531 1898 570 1934 in
594 1897 662 1933 ista
682 1896 887 1940 sententia,
919 1909 1037 1950 quain
1060 1910 1136 1947 prae
1158 1896 1269 1933 vobis
1291 1895 1417 1941 fertis,
1449 1897 1713 1948 perseveretis.

499 1963 550 2001 V.
575 1962 733 2000 Faciam
756 1962 891 2013 igitur,
911 1971 955 1998 ut
976 1961 1228 2012 imperatores
1250 1961 1435 1999 instructa
1450 1963 1530 1999 acie
1551 1962 1690 2007 solent,
1708 1976 1835 2015 quan-

443 2042 561 2081 quam
583 2027 837 2080 paratiffimos
859 2027 1007 2065 milites
1039 2027 1085 2064 ad
1116 2027 1373 2079 praeliandum
1404 2027 1574 2072 videant,
1606 2037 1651 2066 ut
1681 2042 1744 2066 eos
1777 2038 1835 2066 ta-

443 2108 532 2132 men
555 2093 836 2137 adhortentur3
871 2093 920 2130 fic
942 2105 1014 2144 ego
1035 2106 1102 2130 vos
1125 2093 1300 2131 ardentes
1321 2102 1360 2131 et
1380 2095 1525 2131 erectos
1546 2093 1592 2131 ad
1614 2094 1838 2134 libertatem

444 2159 747 2213 recuperandam
778 2157 1028 2197 cohortabor.
1062 2160 1158 2197 Non
1189 2159 1256 2204 est,
1288 2173 1367 2197 non
1399 2159 1451 2197 est
1481 2159 1608 2204 vobis,
1641 2161 1835 2212 QIrites‚

443 2240 536 2264 cum
557 2239 602 2263 eo
623 2224 731 2262 hoste
752 2234 963 2269 certamen,
983 2228 1160 2277 quocum
1178 2225 1309 2277 aliqua
1328 2226 1434 2278 pacis
1456 2225 1633 2263 conditio
1654 2224 1725 2263 effe
1745 2226 1836 2279 pos-

444 2293 503 2331 fit.
534 2292 677 2344 Neque
698 2291 806 2328 enim
828 2290 894 2327 ille
916 2290 1142 2328 servitutem
1163 2291 1341 2336 vestram,
1365 2301 1408 2329 ut
1428 2300 1553 2337 antea,
1576 2292 1638 2329 sed
1654 2293 1738 2344 jam
1758 2293 1835 2330 ira-

443 2369 506 2396 tus
529 2358 772 2409 sanguinem,
796 2356 1063 2408 concupiscit:
1089 2356 1222 2394 nullus
1239 2358 1273 2394 ei
1295 2357 1410 2395 ludus
1428 2357 1582 2395 videtur
1597 2358 1668 2396 effe
1683 2359 1834 2410 jucun-
1861 2357 1866 2364 ⁴

443 2425 542 2469 dior,
575 2436 692 2476 quam
723 2435 852 2467 cruor,
884 2435 1003 2473 quam
1033 2421 1170 2467 caedes,
1203 2435 1321 2474 quam
1352 2432 1440 2461 ante
1467 2423 1603 2461 oculos
1625 2423 1835 2461 trucidatio

441 2491 606 2529 civium.
651 2489 746 2528 Non
767 2489 820 2527 est
847 2488 974 2533 vobis,
1008 2489 1199 2540 Qirites,
1232 2502 1290 2527 res
1320 2502 1413 2528 cum
1443 2489 1626 2528 scelerato
1655 2488 1838 2536 homine,
