2076 2860
446 161 582 200 PRO
633 161 683 200 C.
735 159 1044 199 RABIRIO
1095 159 1461 202 POSTUMO.
1580 177 1658 219 239

252 264 360 318 quasi
381 264 559 318 sumptos
581 263 662 302 dies
684 264 731 302 ad
752 261 1073 302 labefactandum
1092 262 1203 304 illius
1225 262 1486 316 dignitatem:
1519 280 1570 305 ex
1588 281 1666 320 qua

251 333 314 372 illi
335 331 439 371 nihi}
460 331 621 371 detrahi·
634 330 774 384 potest,
807 329 917 385 quod
943 344 1024 370 non
1047 340 1114 371 aut
1134 330 1292 371 fortiter
1312 331 1427 378 ferat,
1458 343 1525 372 aut
1547 333 1664 374 facile

252 398 442 440 restituat.
462 397 773 438 ‘Amieiffimum
794 397 1004 437 hominem
1024 398 1052 437 fi
1074 397 1275 438 honestate
1295 399 1506 452 spoliatum
1528 401 1664 440 audie„

251 466 304 506 rit
318 485 331 513 5
364 479 437 506 nec
459 465 538 506 fine
558 479 705 519 magno
726 465 862 504 dolore
882 464 983 505 feret
998 495 1009 512 ,
1041 479 1115 505 nec
1139 466 1180 505 id
1200 466 1373 506 amiserit
1387 497 1400 513 ,
1431 468 1539 520 quod
1560 469 1665 522 poss'e

251 533 382 587 speret·
396 533 635 588 recuperari.
679 534 778 572 Satis
799 532 928 572 multa
948 531 1182 573 hominibus
1204 547 1286 573 non
1306 534 1454 586 iniquis
1480 534 1564 574 haec
1591 536 1665 575 effe

251 600 399 640 debent
415 620 427 648 ς
455 601 580 641 nimis
608 601 731 641 etiam
755 600 884 640 multa
912 600 1040 646 vobis,
1072 614 1175 654 quos
1200 601 1439 654 aequiffimos
1463 602 1536 641 effe
1564 617 1663 642 con-

252 666 431 708 fidimus.
724 664 728 665 ⁷
1271 670 1274 672 ’
1519 670 1521 672 ’

309 735 448 773 XVII.
483 734 573 780 Sed,
596 742 640 773 ut
661 734 845 773 omnium
867 734 928 773 vel
950 732 1178 786 suspicioni,
1200 734 1261 773 vel
1283 734 1585 780 malevolentiae,
1602 737 1663 775 vel

250 801 494 846 crudelitati,
514 800 602 839 satis
625 801 712 846 fiat3
733 801 909 839 occultat
930 800 1141 853 pecuniam
1158 800 1385 847 Postumus,
1404 801 1527 840 latent
1550 803 1663 855 regiae

251 867 414 907 divitiae.
453 868 604 920 Ecquis
625 868 678 906 est
699 882 747 906 ex
769 876 879 905 tanto
899 867 1066 920 populo,
1099 867 1169 920 qui
1191 867 1294 906 bona
1316 869 1364 907 C.
1389 869 1543 907 Rabirii
1565 870 1661 908 Pos-

250 934 355 972 tumi
388 948 556 972 nummo
589 934 760 972 sestertio
793 933 864 971 fibi
895 933 1024 971 addici
1056 933 1182 971 velit?
1217 934 1316 980 Sed,
1348 934 1535 973 miserum
1569 936 1658 974 me!

249 1010 402 1053 quanto
420 1000 504 1039 haec
526 1000 610 1038 dixi
630 1014 725 1038 cum
747 999 881 1038 dolore
899 1001 910 1037 ?
941 999 1049 1045 hem,
1074 1000 1273 1047 Postume,
1297 1011 1393 1039 tune
1413 1015 1452 1040 es
1476 1002 1589 1040 Curii
1610 1003 1660 1041 fi-

247 1066 341 1112 IIus,
367 1067 416 1105 C.
434 1066 588 1105 Rabirii
604 1066 759 1119 judicio
780 1075 819 1104 et
839 1066 1044 1104 voluntate
1064 1065 1187 1112 filius,
1206 1076 1344 1105 natura
1365 1067 1503 1106 sororis
1526 1068 1659 1107 filius?

250 1142 346 1172 tune
362 1133 430 1172 ille
450 1134 490 1171 in
508 1147 645 1172 omnes
668 1142 756 1172 tuos
774 1133 946 1171 liberalis
964 1134 977 1171 ?
1000 1134 1113 1186 cujus
1132 1133 1281 1172 multos
1305 1134 1459 1173 bonitas
1477 1135 1659 1189 locuple-

249 1200 372 1238 tavit?
400 1199 470 1253 qui
492 1199 593 1238 nihil
616 1199 840 1253 profudisti,
863 1198 965 1238 nihil
988 1199 1113 1238 ullam
1134 1200 1175 1238 in
1197 1200 1409 1239 libidinem
1429 1202 1658 1240 contulisti?

252 1275 334 1312 tua,
368 1266 568 1311 Postume,
601 1280 769 1304 nummo
790 1266 961 1304 sestertio
982 1280 1003 1304 a
1023 1281 1087 1305 ine
1107 1266 1348 1306 addicuntur
1367 1270 1379 1306 ?

308 1334 345 1371 Ο
375 1347 511 1371 meum
540 1333 729 1371 miserum
755 1333 1024 1386 acerbumque
1050 1334 1322 1387 praeconium!
1356 1336 1413 1373 At
1440 1334 1518 1374 hoc
1539 1336 1658 1374 etiam

250 1408 362 1452 optat
394 1398 523 1444 miser,
557 1409 600 1437 ut
632 1398 922 1438 condemnetur
954 1413 974 1437 a
1005 1399 1146 1445 vobis,
1180 1400 1234 1437 ita
1266 1400 1370 1438 bona
1400 1412 1580 1447 veneant,
1614 1412 1657 1440 ut

235 1465 422 1504 'solidum
455 1466 570 1504 suum
603 1466 748 1519 cuique
784 1466 967 1504 solvatur.
1021 1465 1139 1504 Nihil
1170 1467 1255 1518 jam
1290 1467 1397 1505 aliud
1434 1468 1502 1506 nisi
1538 1469 1657 1507 fidem

250 1541 361 1570 curat
380 1547 389 1571 ε
423 1546 495 1570 nec
516 1546 583 1571 vos
605 1531 715 1578 huic,
746 1532 772 1570 fi
792 1534 877 1585 jam
899 1532 1078 1570 oblivisci
1101 1532 1230 1571 vestrae
1252 1534 1564 1573 mansuetudinis
1585 1549 1657 1574 vo-

249 1598 419 1643 lueritis,
451 1598 671 1651 quidquam
704 1608 888 1651 praeterea
917 1597 1077 1651 potestis
1113 1598 1276 1652 eripere.
1311 1599 1447 1652 Qod,
1479 1601 1657 1652 Judice8‚

252 1678 299 1703 ne
320 1664 490 1709 faciatis,
522 1678 590 1703 oro
611 1665 863 1718 obtestorque
883 1678 966 1710 vos,
999 1674 1116 1717 atque
1144 1678 1189 1702 eo
1217 1665 1357 1718 magis,
1391 1666 1416 1704 fi
1445 1667 1658 1706 adventitia

250 1731 418 1784 pecunia
437 1731 587 1785 petitur
607 1732 654 1770 ab
675 1745 736 1777 eo,
768 1731 834 1770 cui
855 1731 921 1770 sua
940 1745 1020 1769 non
1042 1730 1243 1770 redditur:
1277 1746 1368 1770 nam
1389 1732 1431 1770 in
1451 1747 1559 1779 eum,
1591 1736 1657 1773 cui

252 1797 518 1836 misericordia
538 1798 726 1851 opitulari
747 1798 902 1844 debeat,
935 1797 1083 1835 invidia
1102 1799 1260 1851 quaefita
1280 1799 1346 1837 est.

307 1864 495 1917 Sedjam,
528 1865 733 1918 quoniam,
767 1874 811 1902 ut
833 1864 957 1917 spero,
990 1864 1125 1910 fidem,
1158 1879 1278 1917 quam
1298 1866 1428 1918 potui,
1459 1866 1533 1904 tibi
1555 1880 1655 1919 prae-

249 1930 330 1969 stiti
347 1961 357 1977 ‚
394 1931 578 1970 Postume
592 1962 603 1978 ,
637 1932 796 1970 reddam
831 1932 949 1970 etiam
985 1931 1175 1983 lacrymas
1194 1962 1205 1977 ,
1238 1946 1333 1984 quas
1370 1932 1494 1971 debeo
1512 1949 1520 1972 :
1561 1947 1656 1986 quas

250 1998 413 2050 quidem
445 2012 518 2051 ego
551 2008 634 2036 tuas
667 1999 708 2036 in
741 2011 831 2036 meo
866 1999 955 2036 casu
990 1998 1179 2052 plurimas
1215 1999 1310 2037 vidi.
1349 2000 1534 2038 Versatur
1567 2011 1657 2039 ante

250 2064 387 2102 oculos
409 2064 584 2102 luctuosa
605 2078 683 2102 nox
703 2063 801 2102 meis
822 2063 1010 2101 omnibus
1025 2094 1036 2110 ‚
1069 2078 1162 2103 cum
1185 2073 1228 2103 tu
1251 2074 1382 2104 totum
1404 2074 1442 2103 te
1462 2080 1556 2104 cum
1578 2066 1655 2104 tuis

251 2130 375 2181 copiis
407 2129 455 2167 ad
488 2143 550 2167 me
583 2129 771 2168 detulisti.
805 2130 873 2167 Tu
901 2130 1134 2176 comitibus,
1169 2140 1211 2168 tu
1239 2131 1431 2183 praesidio,
1465 2142 1507 2170 tu
1535 2133 1655 2170 etiam

251 2204 362 2233 tanto
382 2195 553 2247 pondere
573 2196 655 2233 auri
671 2225 681 2241 ,
714 2205 909 2248 quantum
931 2206 1088 2250 tempus
1110 2197 1211 2235 illud
1231 2197 1452 2251 postulabat
1468 2228 1479 2243 ‚
1511 2199 1653 2236 disces-

253 2260 338 2299 sum
359 2261 476 2299 illum
499 2261 712 2299 sustentasti
731 2277 740 2301 :
774 2271 818 2300 tu
840 2276 1045 2316 nunquam
1065 2264 1179 2310 meis,
1212 2278 1275 2302 me
1296 2264 1468 2310 absente,
1502 2264 1652 2310 liberis,

252 2340 458 2379 nunquam
474 2327 635 2379 conjugi
652 2341 762 2373 meae,
781 2327 952 2368 defuisti.
977 2329 1137 2368 Poffum
1153 2331 1323 2368 excitare
1340 2331 1488 2368 multos
1511 2331 1652 2368 reduc-

253 2403 312 2432 tos
336 2393 446 2432 testes
468 2394 713 2432 liberalitatis
736 2404 811 2434 tuae
830 2411 838 2434 :
872 2396 980 2448 quod
1002 2397 1099 2450 saepe
1118 2397 1251 2435 audivi
1272 2398 1373 2450 patri
1396 2408 1464 2435 tuo
1480 2428 1490 2442 ,
1523 2397 1591 2450 qui
1613 2397 1652 2434 id

253 2458 415 2505 feciffet,
448 2473 592 2512 magno
625 2459 855 2512 adjumento
886 2462 928 2500 in
955 2463 1111 2516 judicio
1144 2463 1284 2516 capitis
1313 2462 1439 2500 fuifl'c.
1474 2462 1546 2500 Sed
1569 2463 1652 2513 jam
