2076 2860
218 272 237 300 Ρ

221 628 275 648 ¹02

225 1940 280 1970 ²03

487 161 779 204 VARIAE
865 159 1427 200 LECTIONES.

309 263 318 290 l

300 351 330 371 21
357 350 391 368 ne
407 340 435 368 H
450 342 510 377 χά.

302 391 336 418 23
360 381 485 409 tradufia
503 379 530 407 H
546 392 568 416 χ
581 379 685 406 dedum

220 283 273 332 xer
303 281 337 340 κ.)
358 300 522 329 confeffione
537 299 561 328 C
577 299 606 327 H
623 298 640 326 S
654 296 683 326 T
697 310 720 334 χ
732 297 897 336 cotgftffionem

301 421 337 449 26
358 430 411 458 ego
428 420 506 447 testes
524 418 550 452 ψ
564 429 605 455 ego
619 419 683 445 vidi
696 418 762 453 testi,-

300 470 334 496 27
358 459 550 487 delectationis
565 457 590 492 ψ
604 457 745 485 deleliionis

301 509 338 537 30
358 500 385 526 in
401 499 429 526 T
443 500 470 526 d.

297 554 338 561 —
357 539 461 566 locatos
478 537 507 564 H
521 538 538 564 S
552 551 572 572 χ
586 535 711 564 collocatos

301 588 338 616 34
359 588 440 615 quam
458 577 481 605 C
497 577 526 604 T
541 577 567 612 ψ
586 586 655 614 quem

322 628 331 645 ι
358 626 405 645 aut
420 631 440 653 χ
454 626 536 645 autem

320 668 334 686 2
358 657 383 684 se
398 658 425 685 Η
444 657 460 684 S
475 670 496 692 χ
510 658 535 684 d.

317 707 337 733 4
358 697 412 724 fori
426 697 528 734 Cforis

319 747 334 775 ς
357 736 475 764 triclinii
494 737 518 764 C
533 734 646 763 triclivii

319 786 335 814 7
357 784 385 804 et
397 777 425 804 H
439 789 462 813 χ
476 777 533 803 alsa

320 815 729 850 8fimeCTspmede.

305 865 341 884 10
364 855 480 894 vigeant
493 869 513 891 χ
527 863 638 892 augeant

297 911 338 917 —-·
358 896 499 924 venustate
516 896 545 923 H
563 896 579 922 S
596 908 618 931 χ
632 895 730 931 venuste

304 945 334 964 11
361 935 515 963 deserviant
530 935 559 962 H
576 935 592 961 S
606 948 627 970 χ
639 934 768 968 ]ἒνφιάηῖ

304 985 313 1003 ι
324 985 337 1012 3
360 975 399 1003 At
414 975 475 1002 sunt
490 976 513 1003 C
529 975 618 1011 Affimt

304 1025 340 1051 ¹4
359 1015 470 1052 aliquid
484 1014 643 1042 invenimus
669 1013 697 1040 T
715 1011 799 1050 aliqui
812 1012 927 1039 invenie-

399 1064 455 1082 mus

301 1094 337 1122 16
358 1093 489 1122 videatur
503 1094 526 1122 C
543 1095 648 1121 dicatur

300 1144 332 1162 21
358 1143 416 1162 rem
441 1142 501 1162 tute
530 1134 555 1162 C
570 1134 599 1161 T
627 1141 655 1161 ru
679 1142 729 1160 rem
749 1137 773 1158 te
792 1130 818 1164 ψ
838 1138 866 1158 tu
880 1140 930 1157 rem

402 1184 461 1212 quae
483 1182 511 1201 tu

298 1228 339 1236 —
360 1213 395 1241 ad
410 1224 456 1242 eos
473 1223 528 1241 non
544 1212 578 1240 ab
593 1212 655 1240 aliis
670 1212 700 1240 H
716 1210 732 1238 S
747 1211 781 1238 ab
801 1209 865 1238 aliis
884 1220 931 1237 mn

411 1256 450 1282 ad
463 1265 501 1282 eos

305 1305 342 1324 22
365 1294 427 1322 aliis
442 1306 462 1329 χ
475 1292 530 1320 illis

298 1350 339 1356 -——
359 1334 471 1362 allatam
488 1332 517 1360 H
532 1331 635 1359 illatam

298 1389 339 1397 -
360 1373 420 1411 ipsa
436 1372 526 1409 Hipso

299 1429 339 1436 —
360 1419 534 1449 compertam
547 1424 568 1446 χ
582 1417 752 1447 comparatam

302 1463 339 1490 24
361 1452 445 1480 Nihil

301 1504 335 1531 25
359 1499 388 1520 et
401 1492 425 1520 C
441 1492 457 1519 S
473 1492 497 1525 ψ
509 1499 533 1518 et
543 1489 706 1527 per-vulgata

301 1533 339 1562 26
359 1532 429 1570 quid
443 1532 470 1560 H
483 1531 550 1568 quod

555 1460 597 1478 res
611 1449 648 1477 est
661 1449 690 1477 T
704 1449 729 1476 d.

720 1497 744 1517 et

302 1583 337 1610 27
360 1572 405 1599 vel
418 1570 523 1609 potius,
547 1569 617 1608 quid
633 1568 719 1597 nolim
736 1568 764 1596 T
779 1569 806 1596 d.

300 1627 342 1635 —-
362 1619 436 1639 certe
452 1611 479 1638 T
495 1612 522 1640 d.
536 1623 559 1647 χ
572 1618 636 1638 certe
649 1610 745 1646 quidem

300 1654 338 1682 28
362 1652 464 1679 fastum
481 1650 505 1678 C
518 1651 546 1678 T
561 1649 588 1684 ψ
602 1649 630 1678 d.

301 1703 338 1730 ²9
361 1701 415 1719 non
431 1689 590 1718 verecundo
606 1690 630 1717 C
641 1702 664 1726 χ
678 1687 812 1717 verecunda

302 1741 339 1770 30
361 1731 407 1759 Sin
424 1738 516 1758 autern
539 1729 575 1757 est
591 1729 684 1757 fictum
714 1728 741 1757 H
758 1728 775 1756 S
793 1727 862 1764 75,sp
883 1726 935 1755 Sed

400 1771 478 1807 hocst
487 1781 535 1797 non
545 1772 691 1807 qstfafium

299 1827 340 1835 —
361 1820 417 1838 non
434 1810 508 1845 Sscd

300 1867 342 1874 —
363 1850 514 1878 modestum
530 1862 551 1884 χ
564 1847 623 1875 mole
645 1859 686 1876 um

305 1900 337 1928 3¹
363 1889 508 1927 inficetum
523 1890 546 1916 C
563 1889 589 1915 Η
608 1887 625 1914 S
639 1890 779 1924 infacetum

324 1930 407 1968 3De

515 1926 631 1963 capietis
654 1929 697 1962 (p.
711 1925 778 1953 106.
793 1926 848 1962 ¹9)
865 1926 889 1954 C
903 1926 932 1953 T

405 1969 431 1997 a.
452 1967 510 2002 (sed
522 1969 549 1993 in
563 1966 591 1993 T
596 1965 729 2002 scribitur
750 1964 826 1999 effe.)

322 2020 339 2047 7
362 2008 437 2036 enim
452 2020 482 2042 χ,
495 2007 520 2041 ψ
535 2007 561 2033 d.

307 2058 344 2078 10
365 2049 401 2076 C.
418 2047 512 2075 Eserni
527 2046 556 2074 H
573 2046 589 2073 S
605 2046 670 2083 χρῷ
685 2045 785 2082 Cersem'

306 2099 316 2117 1
327 2098 336 2116 1
363 2088 390 2116 O
404 2101 427 2124 χ
442 2086 613 2123 Oflultitiam

307 2138 317 2157 1
326 2138 344 2165 4
366 2127 498 2156 vetustate
511 2139 535 2163 χ
547 2127 695 2163 vetustatem

307 2177 318 2199 1
327 2170 346 2206 ς’
363 2167 505 2205 perierunt
518 2167 543 2200 ψ
555 2167 707 2193 interierunt

307 2209 342 2236 18
367 2206 484 2235 Afrania
501 2206 528 2233 H
546 2205 562 2232 S
577 2218 597 2241 χ
611 2206 726 2242 Asraria
738 2204 762 2238 ψ
780 2204 902 2242 Astraria

675 2242 702 2279 ψ
714 2246 852 2282 referretur

303 2262 344 2273 --
364 2243 539 2276 refricat-einr
554 2245 581 2274 Η
596 2246 612 2273 8
627 2257 660 2282 χ,

981 275 1038 333 ¹:³3

986 621 1043 648 ¹04

985 1180 1040 1209 103

989 1886 1043 1915 106

1066 296 1098 323 18
1121 294 1216 324 Eserni
1231 295 1261 324 H
1276 295 1294 323 S
1308 308 1339 331 χ,
1354 295 1379 330 ψ
1393 295 1429 323 Ce
1440 298 1494 323 erni

1065 344 1100 373 19
1122 335 1186 373 lege
1200 335 1226 370 ψ
1240 335 1310 373 longe

1064 385 1098 404 22
1117 375 1257 412 judicium
1273 376 1304 403 H
1319 376 1335 403 S
1350 388 1380 411 χ,
1391 375 1417 409 ψ
1430 375 1480 404 loco
1489 375 1652 413 injudicium

1062 417 1097 443 28
1120 415 1283 443 industriam
1296 428 1316 450 χ
1330 417 1391 443 indu
1414 419 1457 443 ria

1064 464 1100 492 32
1121 454 1280 493 proconsuli
1293 454 1501 482 contubernalis
1517 452 1693 491 Hprcconsule

1163 494 1335 522 contubernalz
1360 495 1387 528 ψ
1405 494 1545 532 proconfiali
1561 493 1691 522 contuber-

1164 534 1220 561 nali

1066 580 1100 609 33
1126 573 1270 608 provincia
1286 574 1314 602 H
1331 574 1348 601 S
1364 587 1396 611 χ,
1408 575 1433 608 ψ
1444 575 1511 602 domo

1086 622 1100 639 2
1124 612 1249 641 Disceffit
1263 626 1286 650 χ
1300 613 1422 654 Discepfit

1084 661 1103 688 4
1125 652 1199 680 cives
1214 667 1236 690 χ
1248 654 1275 681 d.

1086 693 1101 718 8
1125 691 1195 720 abiit
1210 693 1240 720 H
1255 693 1272 720 S
1287 706 1319 730 χ,
1333 694 1359 727 ψ
1372 693 1465 722 habuit

1083 740 1100 769 9
1121 732 1247 769 praeclari
1262 733 1291 760 in
1303 733 1506 770 rempublicam
1517 731 1547 759 H
1558 732 1574 760 S
1586 732 1693 769 ‚Lprae-

1167 772 1242 800 clara
1253 776 1280 800 in
1295 781 1346 810 rep.
1360 786 1381 808 χ
1392 773 1524 810 praeclara
1538 775 1571 811 ss
1584 775 1612 799 in
1625 779 1678 808 rep.

1068 820 1102 838 ιο
1124 811 1255 840 maleficii
1270 813 1294 846 ψ
1306 812 1428 850 malefic-ri

1067 860 1076 878 1
1087 860 1102 878 z
1123 852 1229 880 valeret
1246 854 1272 879 H
1288 852 1368 880 aleret
1383 851 1409 886 ψ
1423 851 1504 880 aliene

1067 899 1103 918 20
1126 891 1244 928 ejiciunt
1259 891 1288 920 H
1306 893 1323 920 S
1339 906 1360 928 χ
1373 895 1509 930 ejiciuntur

1067 940 1104 966 24
1125 940 1156 959 ut
1173 945 1193 967 χ
1208 940 1254 959 aut

1064 986 1106 1040 :⁶
1125 969 1681 1046 malagmamsaxificam

1068 1061 1103 1088 ²7
1126 1060 1170 1078 me
1186 1052 1215 1078 H
1230 1065 1253 1088 χ
1267 1053 1293 1079 d.

1063 1106 1103 1112 ·—·
1123 1091 1283 1119 mehercule
1297 1092 1313 1119 S
1326 1105 1347 1126 χ
1361 1103 1398 1119 me
1413 1090 1511 1118 hercule

1067 1140 1101 1168 33
1123 1130 1229 1158 debent
1245 1132 1274 1159 H
1289 1144 1312 1168 χ
1324 1131 1431 1159 debeant

1088 1180 1102 1207 3
1126 1169 1261 1206 fiquidem
1277 1171 1301 1204 ψ
1316 1172 1342 1199 d.

1084 1219 1103 1246 4
1124 1210 1261 1237 effervisse
1276 1211 1306 1238 H
1323 1211 1340 1238 S
1355 1223 1385 1245 χ,
1402 1208 1428 1242 ψ
1442 1209 1581 1247 ςῇἓνῶιιζβὲ

1084 1250 1102 1277 6
1125 1249 1254 1276 ferocitas
1272 1252 1289 1277 S
1305 1263 1338 1286 χ,
1352 1250 1534 1285 &ferocitatis

1062 1304 1103 1310 —-
1124 1289 1280 1326 pertinacia
1294 1290 1324 1317 H
1340 1290 1356 1317 S
1372 1290 1396 1323 ψ
1410 1289 1433 1316 d.

1087 1330 1102 1356 8
1126 1328 1298 1356 deferverint
1312 1329 1341 1356 H
1358 1330 1374 1356 S
1390 1342 1420 1364 χ,
1435 1329 1459 1362 ψ
1470 1328 1497 1356 de
1509 1330 1558 1356 erit

1063 1382 1104 1389 —-
1121 1368 1179 1404 jam
1196 1368 1244 1395 ista
1259 1368 1318 1396 dies
1335 1368 1363 1396 H
1377 1369 1394 1394 S
1408 1382 1439 1405 χ,
1453 1368 1480 1402 ψ
1495 1370 1598 1407 resjam
1610 1369 1662 1397 dies

1068 1416 1101 1444 17
1125 1408 1153 1434 in
1165 1407 1306 1444 judicium
1322 1409 1351 1436 H
1369 1409 1385 1435 S
1402 1422 1432 1444 χ,
1448 1409 1473 1442 ψ
1487 1409 1512 1436 d.

1063 1462 1097 1469 —
1123 1447 1152 1474 in
1169 1447 1314 1484 republica
1329 1449 1359 1476 H
1373 1451 1400 1476 in
1415 1451 1478 1485 reip.

1063 1503 1104 1509 —
1124 1487 1194 1514 civis
1210 1488 1241 1515 H
1257 1491 1325 1516 curis
1343 1490 1358 1516 S
1374 1491 1444 1516 civis
1458 1490 1501 1526 ff

1068 1529 1102 1556 18
1126 1526 1232 1564 patitur
1248 1527 1277 1555 H
1294 1529 1310 1555 S
1325 1541 1356 1564 χ,
1370 1528 1395 1561 ψ
1410 1530 1456 1556 dat

1068 1577 1104 1605 ¹9
1126 1576 1251 1604 unquam
1266 1568 1297 1596 H
1314 1570 1330 1597 S
1345 1582 1376 1605 χ,
1393 1567 1419 1603 ψ
1434 1569 1533 1606 quidem

1066 1617 1103 1636 20
1123 1607 1167 1634 vel
1182 1620 1214 1642 χ,
1229 1608 1255 1641 ψ
1269 1609 1296 1636 d.

1067 1656 1098 1675 21
1125 1655 1174 1674 vos
1191 1660 1209 1682 χ
1223 1649 1252 1676 d.

1065 1697 1100 1725 23
1123 1695 1173 1714 vos
1189 1687 1219 1715 H
1236 1687 1252 1715 S
1268 1701 1289 1724 χ
1302 1689 1330 1716 d.

1065 1728 1101 1755 26
1123 1726 1178 1754 fine
1191 1726 1254 1755 sede
1268 1741 1292 1765 χ
1305 1729 1332 1756 d.

1066 1776 1102 1804 29
1122 1773 1208 1803 atque
1223 1766 1252 1794 H
1269 1769 1284 1795 S
1299 1775 1346 1796 aut

1063 1820 1104 1828 ·—
1126 1805 1202 1833 urbis
1219 1807 1247 1834 H
1265 1808 1282 1834 S
1296 1820 1330 1845 χ,
1344 1807 1369 1841 ψ
1383 1807 1451 1835 orbis

1065 1855 1099 1884 3¹
1125 1845 1260 1874 muliebri
1275 1847 1305 1874 H
1318 1848 1335 1874 S
1348 1860 1382 1885 χ,
1397 1848 1422 1881 ψ
1436 1846 1548 1875 mulieris

1089 1896 1098 1913 1
1124 1885 1315 1915 constituitote
1328 1900 1352 1924 χ
1364 1889 1520 1924 constitutore

1087 1936 1102 1954 2
1125 1924 1215 1952 miseri
1232 1926 1257 1959 «ᾧ
1270 1927 1380 1962 ministri

1088 1975 1102 2002 3
1127 1963 1218 1992 casum
1235 1965 1264 1992 H
1280 1966 1297 1994 S
1312 1979 1345 2003 χ,
1359 1966 1384 2000 ψ
1398 1965 1467 2001 casia

1087 2015 1106 2040 4
1127 2013 1175 2031 vos
1191 2004 1220 2031 H
1236 2017 1276 2032 nos

1087 2047 1104 2072 8
1122 2045 1180 2080 jam
1195 2057 1227 2080 χ,
1244 2045 1268 2078 ψ
1282 2044 1307 2072 d.

1068 2093 1101 2121 ¹3
1121 2084 1179 2121 jam
1197 2097 1229 2120 χ,
1245 2085 1271 2119 ψ
1285 2086 1313 2112 d.

1067 2134 1103 2160 ¹4
1123 2124 1218 2152 aluisse
1235 2125 1262 2152 H
1278 2125 1296 2152 S
1308 2137 1341 2161 χ,
1354 2124 1380 2158 ψ
1393 2123 1474 2162 abjeci
1491 2136 1504 2153 e

1068 2173 1078 2191 1
1089 2173 1101 2201 ς
1124 2164 1270 2200 perculisse
1283 2164 1308 2198 ψ
1317 2163 1443 2202 perrulff

1069 2205 1104 2232 18
1125 2212 1158 2232 ac
1173 2204 1203 2232 H
1221 2205 1237 2233 S
1252 2218 1284 2241 χ,
1297 2205 1322 2239 ψ
1338 2205 1362 2233 d.
