2076 2860
449 211 524 235 Mo
929 193 1375 231 ORATIO

448 228 495 250 ’ὦ

448 299 505 337 lit.
541 300 668 337 Datur
690 298 763 336 tibi
786 295 928 334 tabella
942 294 1102 347 judicii.
1137 296 1227 347 Qa
1247 294 1333 346 lege
1352 295 1364 332 ?
1388 293 1496 346 Julia
1516 292 1562 332 de
1582 294 1762 347 pecuniis
1783 308 1844 333 re-

439 366 646 418 petundis.
681 367 773 415 Qo
795 363 840 400 de
862 363 958 401 reo?
991 361 1038 400 de
1064 362 1199 416 equite
1219 362 1418 400 Romano.
1451 361 1507 399 At
1536 359 1605 399 iste
1634 361 1730 400 ordo
1759 361 1846 415 lege

445 446 487 469 ea
509 445 586 469 ΠΟΠ
610 440 776 468 tenetur.

503 497 593 541 Illo,
626 496 772 548 inquit,
805 495 946 547 capite,
980 494 1087 547 quod
1108 503 1188 533 erat
1208 494 1248 532 in
1272 494 1520 539 Postumum,
1553 492 1661 546 quod
1690 493 1732 531 in
1761 494 1845 532 Ga‹

447 563 601 600 binium
618 562 742 614 judex
764 561 881 605 effes,
913 561 1016 599 nihil
1047 561 1223 598 Gabinio
1245 560 1407 605 datum,
1439 574 1533 598 cum
1562 561 1604 598 in
1634 573 1727 598 eum
1756 560 1844 599 lites

445 628 738 667 aestimarentur.
764 630 819 665 At
842 643 947 666 nunc
968 627 1098 665 audio.
1124 628 1230 665 Reus
1253 627 1376 679 igitur
1393 626 1601 665 Postumus
1617 626 1670 665 est
1687 640 1730 664 ea
1745 626 1846 680 lege,

445 709 522 747 qua
544 709 621 733 non
643 695 762 733 inodo
785 695 878 747 ipse,
912 694 973 732 sed
997 703 1102 732 totus
1123 695 1244 732 etiam
1265 693 1374 739 ord0‚
1408 693 1557 732 solutus
1579 707 1621 731 ac
1643 693 1744 731 liber
1763 693 1831 732 est.

503 762 574 799 VI.
609 762 691 799 Hic
709 775 781 814 ego
799 776 904 799 nunc
923 775 1000 798 non
1018 774 1085 798 vos
1103 761 1210 813 prius
1229 759 1466 812 implorabo,
1486 760 1638 811 equites
1655 760 1844 803 Romani,

445 842 616 880 quorum
633 829 647 880 j
657 841 698 865 us
715 828 869 879 judicio
892 837 1077 871 tentatur,
1101 840 1222 879 quam
1243 840 1309 863 vos
1333 825 1538 871 senatores,
1567 839 1740 878 quorum
1760 826 1844 879 agi-

446 906 509 932 tur
530 894 624 932 fides
647 896 686 932 in
709 895 816 932 hunc
838 895 1024 933 ordinum
1044 909 1052 932 ε
1086 908 1172 946 quae
1194 892 1357 946 quidem
1379 907 1472 931 curn
1494 893 1590 946 saepe
1610 902 1699 930 ante
1714 922 1726 938 ,
1758 902 1847 932 tum

446 962 485 999 in
520 961 591 1000 hac
624 962 704 1014 ipsa
735 962 846 1000 causa
878 976 1016 1014 nuper,
1049 961 1102 999 est
1134 961 1306 1012 cognita.
1341 961 1448 998 Nam
1479 974 1588 1005 cum,
1620 960 1776 1012 optimo
1807 967 1847 998 et

444 1028 752 1080 praestantiffimo
783 1029 956 1073 consule,
991 1030 1069 1066 Cn.
1106 1027 1312 1080 Pompeio,
1345 1026 1391 1064 de
1421 1025 1493 1064 hac
1524 1026 1606 1079 ipsa
1635 1026 1847 1079 qufestione

446 1094 660 1141 referente,
691 1095 901 1134 existerent
933 1095 1157 1139 nonnullae,
1191 1093 1253 1131 sed
1283 1107 1484 1146 perpaucae
1515 1102 1668 1138 tamen,
1701 1092 1847 1131 acerbae

446 1161 660 1206 sententiae‚
693 1176 779 1214 quae
807 1162 1021 1207 censerent,
1055 1170 1099 1199 ut
1127 1160 1293 1205 tribuni,
1326 1168 1370 1198 ut
1401 1158 1589 1212 praefecti,
1622 1168 1667 1198 ut
1697 1158 1845 1203 scribae,

446 1238 489 1265 ut
520 1229 685 1266 comites
716 1242 852 1266 omnes
884 1228 1208 1280 magistratuum,
1240 1227 1327 1279 lege
1357 1226 1430 1264 hac
1461 1235 1715 1271 tenerentur;
1749 1239 1845 1271 vos,

445 1307 528 1339 vos,
561 1294 739 1346 inquam,
772 1295 857 1347 ipfi,
889 1304 927 1332 et
953 1294 1103 1332 senatus
1126 1292 1311 1345 frequens
1334 1292 1501 1329 restitit:
1534 1301 1587 1336 et,
1620 1304 1849 1344 quanquam

446 1369 548 1405 tum,
580 1369 740 1412 propter
760 1360 982 1398 multorum
1003 1360 1158 1403 delicta,
1181 1359 1300 1396 etiam
1320 1357 1367 1395 ad
1388 1357 1666 1395 innocentium
1686 1357 1847 1410 pericu-

445 1426 530 1465 lum
553 1436 709 1480 tempus
732 1427 832 1465 illud
852 1427 1064 1472 exarserat3
1084 1437 1229 1471 tamen,
1252 1439 1346 1463 cum
1367 1425 1506 1463 odium
1527 1438 1607 1462 non
1629 1424 1846 1477 restingue-

444 1494 552 1539 retis,
584 1493 678 1532 huic
701 1493 830 1532 ordini
851 1495 987 1546 ignem
1007 1507 1157 1531 novum
1178 1491 1320 1544 subjici
1342 1505 1421 1529 non
1443 1490 1593 1529 fivistis.
1898 1479 1900 1481 Ι

501 1560 594 1598 Hoc
615 1560 748 1598 animo
768 1561 891 1612 igitur
912 1560 1079 1599 senatus.
1108 1558 1221 1612 Qid
1239 1560 1252 1596 ?
1275 1571 1342 1597 vos
1364 1558 1516 1611 equites
1539 1556 1726 1602 Romani,
1749 1555 1849 1609 quid

445 1625 603 1664 tandem
625 1626 712 1664 estis
733 1627 888 1666 aerari?
922 1626 1092 1666 Glaucia
1119 1625 1280 1671 solebat,
1312 1623 1436 1663 homo
1464 1624 1661 1677 impurus,
1693 1622 1758 1661 sed
1786 1631 1851 1662 ta-

445 1706 536 1731 men
569 1702 722 1738 acutu8‚
754 1693 951 1746 populum
984 1707 1158 1738 monere,
1190 1701 1250 1737 ut,
1282 1705 1376 1730 cum
1407 1691 1470 1729 lex
1500 1690 1632 1743 aliqua
1661 1689 1849 1728 recitare-

445 1768 523 1804 tur,
545 1761 723 1813 primum
744 1761 897 1799 versum
916 1761 1147 1799 attenderet.
1182 1760 1221 1797 Si
1241 1759 1333 1798 effet
1352 1758 1546 1802 Dz'Hator,
1570 1757 1712 1810 Cmfiel,
1734 1757 1850 1796 Prae-

444 1835 517 1870 tor,
541 1825 727 1878 ⁴Magister
755 1826 911 1879 equitum
926 1845 938 1871 3
972 1839 1021 1863 ne
1050 1825 1258 1870 laboraret,
1291 1824 1405 1862 sciret
1439 1823 1542 1862 nihil
1577 1824 1625 1861 ad
1654 1824 1692 1862 se
1721 1823 1848 1876 perti-

446 1905 550 1930 nere.
584 1892 650 1929 Sin
672 1901 819 1937 autem,
845 1904 1117 1944 QJICUNQJE
1132 1890 1209 1944 post
1227 1891 1321 1929 hanc
1339 1890 1473 1943 legem;
1505 1890 1669 1934 videret,
1701 1902 1750 1927 ne
1771 1902 1849 1943 qua

446 1971 545 1996 nova
575 1957 785 2010 quaestione
814 1958 1053 2010 alligaretur.
1086 1958 1210 1996 Nunc
1239 1970 1335 2002 vos,
1367 1956 1519 2009 equites
1552 1955 1751 2001 Romani,
1782 1955 1845 1993 vi-

447 2023 547 2062 dete.
582 2024 714 2069 Scitis,
737 2037 800 2062 me
820 2034 954 2063 ortum
974 2038 996 2062 e
1015 2023 1127 2063 vobis
1146 2042 1157 2068 ;
1189 2023 1323 2062 omnia
1344 2022 1494 2076 semper
1514 2021 1660 2060 sensisse
1681 2034 1754 2074 pro
1772 2033 1845 2059 vo-

449 2090 507 2127 bis
524 2105 532 2127 :
557 2089 658 2127 nihil
681 2089 825 2129 horum
846 2091 924 2129 fine
945 2104 1087 2143 magna
1102 2103 1208 2135 cura,
1226 2098 1264 2127 et
1281 2088 1434 2127 summa
1453 2089 1627 2134 caritate,
1644 2087 1759 2126 vestri
1778 2100 1846 2126 or-

447 2156 550 2193 dinis
573 2155 729 2208 loquor.
762 2157 877 2195 Alius
899 2156 994 2195 alios
1015 2155 1214 2202 homines,
1236 2164 1275 2194 et
1296 2154 1478 2201 ordines,
1511 2169 1584 2208 ego
1604 2168 1672 2193 vos
1694 2153 1855 2207 semper*

447 2223 680 2274 complexus
702 2223 802 2262 sum.
836 2223 1003 2268 Moneo,
1025 2232 1063 2262 et
1084 2222 1253 2276 praedico
1270 2241 1282 2268 ;
1314 2222 1468 2275 integra
1487 2235 1526 2260 re
1547 2221 1751 2274 causaque,
1774 2220 1844 2258 de-

448 2289 616 2328 nuntio:
649 2302 786 2327 omnes
816 2287 999 2328 homines
1030 2288 1214 2342 Deosque
1235 2287 1378 2334 testor;
1412 2288 1508 2328 dum
1529 2287 1715 2342 potesti3‚
1747 2287 1857 2326 dum·

447 2354 555 2400 licet,
588 2356 804 2407 providete,
836 2369 885 2394 ne
911 2355 1113 2394 duriorem
1132 2354 1244 2394 vobis
1265 2354 1537 2394 conditionem
1557 2353 1746 2399 statuatis,
1777 2367 1844 2391 or-

448 2420 610 2474 dinique
631 2422 769 2469 vestro,
787 2435 906 2475 quam
922 2421 1023 2461 ferre
1039 2422 1169 2476 poffit.
1193 2422 1328 2475 Serpet
1347 2420 1425 2461 hoc
1445 2422 1611 2468 malum,
1635 2418 1738 2461 mihi
1757 2432 1843 2458 cre-

447 2487 543 2534 dite,
574 2488 748 2542 longius,
779 2502 900 2544 quam
919 2489 1083 2543 putatis.
