<?xml version="1.0" encoding="UTF-8"?>
<!DOCTYPE html PUBLIC "-//W3C//DTD XHTML 1.0 Transitional//EN"
    "http://www.w3.org/TR/xhtml1/DTD/xhtml1-transitional.dtd">
<html xmlns="http://www.w3.org/1999/xhtml" xml:lang="en" lang="en">
 <head>
  <title>
</title>
<meta http-equiv="Content-Type" content="text/html;charset=utf-8" />
  <meta name='ocr-system' content='tesseract 3.04.00' />
  <meta name='ocr-capabilities' content='ocr_page ocr_carea ocr_par ocr_line ocrx_word'/>
</head>
<body>
  <div class='ocr_page' id='page_1' title='image "./operacumindicibu06ciceuoft_0484.png"; bbox 0 0 2076 2860; ppageno 0'>
   <div class='ocr_carea' id='block_1_1' title="bbox 995 152 1224 210">
    <p class='ocr_par' dir='ltr' id='par_1_1' title="bbox 995 152 1224 210">
     <span class='ocr_line' id='line_1_1' title="bbox 995 152 1224 210; baseline -0.017 0"><span class='ocrx_word' id='word_1_1' title='bbox 995 152 1224 210; x_wconf 81' lang='lat'>[474]</span> 
     </span>
    </p>
   </div>
   <div class='ocr_carea' id='block_1_2' title="bbox 467 537 1778 618">
    <p class='ocr_par' dir='ltr' id='par_1_2' title="bbox 467 537 1778 618">
     <span class='ocr_line' id='line_1_2' title="bbox 467 537 1778 618; baseline 0 -2"><span class='ocrx_word' id='word_1_2' title='bbox 467 537 1778 618; x_wconf 87' lang='lat' dir='ltr'><strong>ORATIONUM</strong></span> 
     </span>
    </p>
   </div>
   <div class='ocr_carea' id='block_1_3' title="bbox 553 808 1692 872">
    <p class='ocr_par' dir='ltr' id='par_1_3' title="bbox 553 808 1692 872">
     <span class='ocr_line' id='line_1_3' title="bbox 553 808 1692 872; baseline -0.002 0"><span class='ocrx_word' id='word_1_3' title='bbox 553 808 1692 872; x_wconf 88' lang='lat' dir='ltr'><strong>FRAGMENTA.</strong></span> 
     </span>
    </p>
   </div>
   <div class='ocr_carea' id='block_1_4' title="bbox 430 1062 1826 1084">
    <p class='ocr_par' dir='ltr' id='par_1_4' title="bbox 430 1062 1826 1084">
     <span class='ocr_line' id='line_1_4' title="bbox 430 1062 1826 1084; baseline 0 0"><span class='ocrx_word' id='word_1_4' title='bbox 430 1062 1826 1084; x_wconf 95' lang='lat' dir='ltr'> </span> 
     </span>
    </p>
   </div>
   <div class='ocr_carea' id='block_1_5' title="bbox 857 1246 1394 1286">
    <p class='ocr_par' dir='ltr' id='par_1_5' title="bbox 857 1246 1394 1286">
     <span class='ocr_line' id='line_1_5' title="bbox 857 1246 1394 1286; baseline -0.002 0"><span class='ocrx_word' id='word_1_5' title='bbox 857 1248 977 1286; x_wconf 81' lang='lat' dir='ltr'>PRo</span> <span class='ocrx_word' id='word_1_6' title='bbox 1027 1246 1092 1285; x_wconf 90' lang='lat' dir='ltr'>M.</span> <span class='ocrx_word' id='word_1_7' title='bbox 1136 1247 1394 1285; x_wconf 80' lang='lat' dir='ltr'><strong>TULLIO.</strong></span> 
     </span>
    </p>
   </div>
   <div class='ocr_carea' id='block_1_6' title="bbox 426 1389 1826 2488">
    <p class='ocr_par' dir='ltr' id='par_1_6' title="bbox 429 1389 1824 1511">
     <span class='ocr_line' id='line_1_6' title="bbox 486 1389 1824 1446; baseline -0.001 -14"><span class='ocrx_word' id='word_1_8' title='bbox 486 1389 811 1443; x_wconf 63' lang='lat' dir='ltr'>PmsmANus]</span> <span class='ocrx_word' id='word_1_9' title='bbox 835 1390 928 1429; x_wconf 88' lang='lat' dir='ltr'>Hoc</span> <span class='ocrx_word' id='word_1_10' title='bbox 943 1389 1145 1443; x_wconf 87' lang='lat' dir='ltr'>judicium</span> <span class='ocrx_word' id='word_1_11' title='bbox 1166 1391 1216 1429; x_wconf 90' lang='lat' dir='ltr'>fic</span> <span class='ocrx_word' id='word_1_12' title='bbox 1238 1393 1477 1446; x_wconf 55' lang='lat' dir='ltr'>expediatur,</span> <span class='ocrx_word' id='word_1_13' title='bbox 1494 1399 1540 1430; x_wconf 94' lang='lat' dir='ltr'>ut</span> <span class='ocrx_word' id='word_1_14' title='bbox 1559 1403 1639 1430; x_wconf 91' lang='lat' dir='ltr'>non</span> <span class='ocrx_word' id='word_1_15' title='bbox 1660 1403 1748 1430; x_wconf 89' lang='lat' dir='ltr'>unae</span> <span class='ocrx_word' id='word_1_16' title='bbox 1767 1391 1824 1430; x_wconf 87' lang='lat' dir='ltr'>rei</span> 
     </span>
     <span class='ocr_line' id='line_1_7' title="bbox 429 1456 1291 1511; baseline -0.003 -13"><span class='ocrx_word' id='word_1_17' title='bbox 429 1460 558 1504; x_wconf 83' lang='lat' dir='ltr'>statui,</span> <span class='ocrx_word' id='word_1_18' title='bbox 590 1458 654 1497; x_wconf 89' lang='lat' dir='ltr'>sed</span> <span class='ocrx_word' id='word_1_19' title='bbox 675 1456 1084 1503; x_wconf 77' lang='lat' dir='ltr'>omnibusconstitui,</span> <span class='ocrx_word' id='word_1_20' title='bbox 1116 1466 1291 1511; x_wconf 88' lang='lat' dir='ltr'>putetur.</span> 
     </span>
    </p>

    <p class='ocr_par' dir='ltr' id='par_1_7' title="bbox 430 1523 1823 1644">
     <span class='ocr_line' id='line_1_8' title="bbox 490 1523 1823 1578; baseline -0.001 -14"><span class='ocrx_word' id='word_1_21' title='bbox 490 1526 670 1577; x_wconf 82' lang='lat' dir='ltr'>QINT.</span> <span class='ocrx_word' id='word_1_22' title='bbox 691 1524 782 1564; x_wconf 85' lang='lat' dir='ltr'><em>libro</em></span> <span class='ocrx_word' id='word_1_23' title='bbox 800 1537 861 1563; x_wconf 80' lang='grc' dir='ltr'>ιν.</span> <span class='ocrx_word' id='word_1_24' title='bbox 883 1523 1001 1578; x_wconf 80' lang='lat' dir='ltr'>capite</span> <span class='ocrx_word' id='word_1_25' title='bbox 1016 1523 1077 1577; x_wconf 91' lang='lat'>2.]</span> <span class='ocrx_word' id='word_1_26' title='bbox 1101 1524 1290 1563; x_wconf 89' lang='lat' dir='ltr'>Fundum</span> <span class='ocrx_word' id='word_1_27' title='bbox 1310 1523 1430 1564; x_wconf 88' lang='lat' dir='ltr'>habet</span> <span class='ocrx_word' id='word_1_28' title='bbox 1450 1524 1492 1563; x_wconf 90' lang='lat' dir='ltr'>in</span> <span class='ocrx_word' id='word_1_29' title='bbox 1512 1537 1605 1578; x_wconf 83' lang='lat' dir='ltr'>agro</span> <span class='ocrx_word' id='word_1_30' title='bbox 1621 1524 1823 1577; x_wconf 87' lang='lat' dir='ltr'>Tigurino</span> 
     </span>
     <span class='ocr_line' id='line_1_9' title="bbox 430 1591 925 1644; baseline 0 -14"><span class='ocrx_word' id='word_1_31' title='bbox 430 1593 493 1630; x_wconf 89' lang='lat' dir='ltr'>M.</span> <span class='ocrx_word' id='word_1_32' title='bbox 518 1591 680 1631; x_wconf 84' lang='lat' dir='ltr'>Tullius</span> <span class='ocrx_word' id='word_1_33' title='bbox 702 1600 925 1644; x_wconf 84' lang='lat' dir='ltr'>paternum.</span> 
     </span>
    </p>

    <p class='ocr_par' dir='ltr' id='par_1_8' title="bbox 426 1655 1826 1958">
     <span class='ocr_line' id='line_1_10' title="bbox 485 1655 1825 1711; baseline 0 -16"><span class='ocrx_word' id='word_1_34' title='bbox 485 1659 743 1697; x_wconf 81' lang='lat' dir='ltr'><strong>VICTORIN.</strong></span> <span class='ocrx_word' id='word_1_35' title='bbox 770 1657 833 1696; x_wconf 78' lang='lat' dir='ltr'>lib.</span> <span class='ocrx_word' id='word_1_36' title='bbox 862 1672 896 1697; x_wconf 90' lang='lat'>1.</span> <span class='ocrx_word' id='word_1_37' title='bbox 921 1657 984 1697; x_wconf 88' lang='lat' dir='ltr'>De</span> <span class='ocrx_word' id='word_1_38' title='bbox 1002 1657 1173 1711; x_wconf 65' lang='lat' dir='ltr'><em>Invent]</em></span> <span class='ocrx_word' id='word_1_39' title='bbox 1197 1657 1317 1703; x_wconf 89' lang='lat' dir='ltr'>Dico,</span> <span class='ocrx_word' id='word_1_40' title='bbox 1338 1657 1421 1696; x_wconf 88' lang='lat' dir='ltr'>vim</span> <span class='ocrx_word' id='word_1_41' title='bbox 1442 1655 1584 1695; x_wconf 64' lang='lat' dir='ltr'>fastam</span> <span class='ocrx_word' id='word_1_42' title='bbox 1605 1670 1626 1694; x_wconf 92' lang='lat' dir='ltr'>a</span> <span class='ocrx_word' id='word_1_43' title='bbox 1647 1656 1692 1696; x_wconf 89' lang='lat' dir='ltr'>P.</span> <span class='ocrx_word' id='word_1_44' title='bbox 1709 1656 1825 1696; x_wconf 90' lang='lat' dir='ltr'>Fabii</span> 
     </span>
     <span class='ocr_line' id='line_1_11' title="bbox 429 1722 1826 1775; baseline 0 -14"><span class='ocrx_word' id='word_1_45' title='bbox 429 1723 603 1762; x_wconf 84' lang='lat' dir='ltr'>familia:</span> <span class='ocrx_word' id='word_1_46' title='bbox 627 1723 830 1762; x_wconf 84' lang='lat' dir='ltr'>adversarii</span> <span class='ocrx_word' id='word_1_47' title='bbox 852 1737 931 1761; x_wconf 88' lang='lat' dir='ltr'>non</span> <span class='ocrx_word' id='word_1_48' title='bbox 952 1731 1111 1775; x_wconf 78' lang='lat' dir='ltr'>negant.</span> <span class='ocrx_word' id='word_1_49' title='bbox 1135 1724 1342 1761; x_wconf 89' lang='lat' dir='ltr'>Damnum</span> <span class='ocrx_word' id='word_1_50' title='bbox 1359 1723 1495 1761; x_wconf 88' lang='lat' dir='ltr'>datum</span> <span class='ocrx_word' id='word_1_51' title='bbox 1511 1722 1583 1761; x_wconf 83' lang='lat' dir='ltr'>effe</span> <span class='ocrx_word' id='word_1_52' title='bbox 1603 1722 1667 1761; x_wconf 88' lang='lat' dir='ltr'>M.</span> <span class='ocrx_word' id='word_1_53' title='bbox 1682 1722 1826 1761; x_wconf 86' lang='lat' dir='ltr'>Tullio</span> 
     </span>
     <span class='ocr_line' id='line_1_12' title="bbox 426 1788 1823 1835; baseline 0.001 -8"><span class='ocrx_word' id='word_1_54' title='bbox 426 1788 640 1827; x_wconf 84' lang='lat' dir='ltr'><strong>concedis:</strong></span> <span class='ocrx_word' id='word_1_55' title='bbox 672 1789 751 1827; x_wconf 88' lang='lat' dir='ltr'>vici</span> <span class='ocrx_word' id='word_1_56' title='bbox 785 1802 903 1826; x_wconf 84' lang='lat' dir='ltr'>unam</span> <span class='ocrx_word' id='word_1_57' title='bbox 932 1803 1029 1827; x_wconf 87' lang='lat' dir='ltr'>rem.</span> <span class='ocrx_word' id='word_1_58' title='bbox 1068 1788 1136 1834; x_wconf 85' lang='lat' dir='ltr'>Vi,</span> <span class='ocrx_word' id='word_1_59' title='bbox 1167 1788 1401 1828; x_wconf 90' lang='lat' dir='ltr'>hominibus</span> <span class='ocrx_word' id='word_1_60' title='bbox 1431 1788 1618 1835; x_wconf 76' lang='lat' dir='ltr'>armati53</span> <span class='ocrx_word' id='word_1_61' title='bbox 1650 1802 1731 1828; x_wconf 89' lang='lat' dir='ltr'>non</span> <span class='ocrx_word' id='word_1_62' title='bbox 1752 1802 1823 1828; x_wconf 89' lang='lat' dir='ltr'>ne-</span> 
     </span>
     <span class='ocr_line' id='line_1_13' title="bbox 428 1854 1821 1908; baseline 0 -15"><span class='ocrx_word' id='word_1_63' title='bbox 428 1869 495 1908; x_wconf 81' lang='lat' dir='ltr'>gas</span> <span class='ocrx_word' id='word_1_64' title='bbox 515 1855 635 1893; x_wconf 53' lang='lat' dir='ltr'>:vici</span> <span class='ocrx_word' id='word_1_65' title='bbox 664 1855 840 1893; x_wconf 84' lang='lat' dir='ltr'>alteram.</span> <span class='ocrx_word' id='word_1_66' title='bbox 882 1855 992 1893; x_wconf 84' lang='lat' dir='ltr'>Dolo</span> <span class='ocrx_word' id='word_1_67' title='bbox 1020 1855 1154 1901; x_wconf 72' lang='lat' dir='ltr'>malo3</span> <span class='ocrx_word' id='word_1_68' title='bbox 1186 1855 1337 1894; x_wconf 67' lang='lat' dir='ltr'>faftum</span> <span class='ocrx_word' id='word_1_69' title='bbox 1369 1868 1514 1907; x_wconf 82' lang='lat' dir='ltr'>negas:</span> <span class='ocrx_word' id='word_1_70' title='bbox 1547 1855 1594 1893; x_wconf 90' lang='lat' dir='ltr'>de</span> <span class='ocrx_word' id='word_1_71' title='bbox 1615 1854 1693 1893; x_wconf 90' lang='lat' dir='ltr'>hoc</span> <span class='ocrx_word' id='word_1_72' title='bbox 1708 1855 1821 1907; x_wconf 89' lang='lat' dir='ltr'>judi-</span> 
     </span>
     <span class='ocr_line' id='line_1_14' title="bbox 431 1919 629 1958; baseline -0.005 0"><span class='ocrx_word' id='word_1_73' title='bbox 431 1921 541 1958; x_wconf 88' lang='lat' dir='ltr'>cium</span> <span class='ocrx_word' id='word_1_74' title='bbox 561 1919 629 1958; x_wconf 84' lang='lat' dir='ltr'>est.</span> 
     </span>
    </p>

    <p class='ocr_par' dir='ltr' id='par_1_9' title="bbox 429 1984 1825 2238">
     <span class='ocr_line' id='line_1_15' title="bbox 487 1984 1821 2038; baseline 0.001 -15"><span class='ocrx_word' id='word_1_75' title='bbox 487 1986 741 2023; x_wconf 75' lang='lat' dir='ltr'>MARCIAN.</span> <span class='ocrx_word' id='word_1_76' title='bbox 760 1986 873 2023; x_wconf 78' lang='lat' dir='ltr'><strong>CAP.</strong></span> <span class='ocrx_word' id='word_1_77' title='bbox 890 1984 980 2024; x_wconf 82' lang='lat' dir='ltr'><em>libro</em></span> <span class='ocrx_word' id='word_1_78' title='bbox 993 1984 1055 2037; x_wconf 95' lang='lat' dir='ltr'>v.]</span> <span class='ocrx_word' id='word_1_79' title='bbox 1074 1986 1279 2024; x_wconf 87' lang='lat' dir='ltr'>Damnum</span> <span class='ocrx_word' id='word_1_80' title='bbox 1296 1985 1446 2038; x_wconf 81' lang='lat' dir='ltr'>passum</span> <span class='ocrx_word' id='word_1_81' title='bbox 1460 1984 1532 2023; x_wconf 83' lang='lat' dir='ltr'>effe</span> <span class='ocrx_word' id='word_1_82' title='bbox 1549 1984 1821 2031; x_wconf 88' lang='lat' dir='ltr'>M.Tullium,</span> 
     </span>
     <span class='ocr_line' id='line_1_16' title="bbox 429 2050 1825 2090; baseline 0.001 -2"><span class='ocrx_word' id='word_1_83' title='bbox 429 2051 616 2089; x_wconf 74' lang='lat' dir='ltr'>convenit</span> <span class='ocrx_word' id='word_1_84' title='bbox 649 2050 750 2088; x_wconf 87' lang='lat' dir='ltr'>mihi</span> <span class='ocrx_word' id='word_1_85' title='bbox 781 2065 875 2090; x_wconf 88' lang='lat' dir='ltr'>cum</span> <span class='ocrx_word' id='word_1_86' title='bbox 906 2051 1146 2090; x_wconf 85' lang='lat' dir='ltr'>adversario:</span> <span class='ocrx_word' id='word_1_87' title='bbox 1179 2050 1411 2090; x_wconf 84' lang='lat' dir='ltr'>hominibus</span> <span class='ocrx_word' id='word_1_88' title='bbox 1446 2050 1604 2089; x_wconf 79' lang='lat' dir='ltr'>armatis</span> <span class='ocrx_word' id='word_1_89' title='bbox 1635 2064 1717 2089; x_wconf 84' lang='lat' dir='ltr'>rem</span> <span class='ocrx_word' id='word_1_90' title='bbox 1751 2051 1825 2090; x_wconf 82' lang='lat' dir='ltr'>effe</span> 
     </span>
     <span class='ocr_line' id='line_1_17' title="bbox 432 2116 1823 2170; baseline 0.001 -16"><span class='ocrx_word' id='word_1_91' title='bbox 432 2118 593 2170; x_wconf 83' lang='lat' dir='ltr'>gestam,</span> <span class='ocrx_word' id='word_1_92' title='bbox 624 2130 704 2154; x_wconf 88' lang='lat' dir='ltr'>non</span> <span class='ocrx_word' id='word_1_93' title='bbox 725 2117 976 2156; x_wconf 81' lang='lat' dir='ltr'>inficiantur:</span> <span class='ocrx_word' id='word_1_94' title='bbox 1010 2131 1030 2155; x_wconf 89' lang='lat' dir='ltr'>a</span> <span class='ocrx_word' id='word_1_95' title='bbox 1061 2117 1214 2156; x_wconf 89' lang='lat' dir='ltr'>familia</span> <span class='ocrx_word' id='word_1_96' title='bbox 1245 2118 1291 2157; x_wconf 88' lang='lat' dir='ltr'>P.</span> <span class='ocrx_word' id='word_1_97' title='bbox 1315 2117 1430 2156; x_wconf 86' lang='lat' dir='ltr'>Fabii</span> <span class='ocrx_word' id='word_1_98' title='bbox 1461 2116 1720 2163; x_wconf 75' lang='lat' dir='ltr'>commissam,</span> <span class='ocrx_word' id='word_1_99' title='bbox 1752 2131 1823 2156; x_wconf 90' lang='lat' dir='ltr'>ne-</span> 
     </span>
     <span class='ocr_line' id='line_1_18' title="bbox 431 2184 1582 2238; baseline 0.001 -16"><span class='ocrx_word' id='word_1_100' title='bbox 431 2198 521 2237; x_wconf 79' lang='lat' dir='ltr'>gare</span> <span class='ocrx_word' id='word_1_101' title='bbox 542 2198 622 2222; x_wconf 90' lang='lat' dir='ltr'>non</span> <span class='ocrx_word' id='word_1_102' title='bbox 642 2184 799 2223; x_wconf 83' lang='lat' dir='ltr'>audent.</span> <span class='ocrx_word' id='word_1_103' title='bbox 833 2186 922 2236; x_wconf 86' lang='lat' dir='ltr'>Jam</span> <span class='ocrx_word' id='word_1_104' title='bbox 943 2185 1035 2223; x_wconf 90' lang='lat' dir='ltr'>dolo</span> <span class='ocrx_word' id='word_1_105' title='bbox 1056 2185 1161 2223; x_wconf 85' lang='lat' dir='ltr'>malo</span> <span class='ocrx_word' id='word_1_106' title='bbox 1182 2184 1331 2224; x_wconf 59' lang='lat' dir='ltr'>saecum</span> <span class='ocrx_word' id='word_1_107' title='bbox 1351 2185 1582 2238; x_wconf 87' lang='lat' dir='ltr'>ambigitur.</span> 
     </span>
    </p>

    <p class='ocr_par' dir='ltr' id='par_1_10' title="bbox 430 2250 1826 2488">
     <span class='ocr_line' id='line_1_19' title="bbox 489 2250 1825 2304; baseline -0.001 -15"><span class='ocrx_word' id='word_1_108' title='bbox 489 2253 667 2303; x_wconf 82' lang='lat' dir='ltr'>Q1NT.</span> <span class='ocrx_word' id='word_1_109' title='bbox 696 2250 757 2289; x_wconf 81' lang='lat' dir='ltr'>lib.</span> <span class='ocrx_word' id='word_1_110' title='bbox 782 2265 821 2288; x_wconf 91' lang='lat' dir='ltr'>v.</span> <span class='ocrx_word' id='word_1_111' title='bbox 851 2259 930 2304; x_wconf 79' lang='lat' dir='ltr'>cap.</span> <span class='ocrx_word' id='word_1_112' title='bbox 960 2250 1042 2303; x_wconf 85' lang='lat'>13·]</span> <span class='ocrx_word' id='word_1_113' title='bbox 1075 2252 1178 2303; x_wconf 83' lang='lat' dir='ltr'>Qis</span> <span class='ocrx_word' id='word_1_114' title='bbox 1199 2250 1276 2289; x_wconf 87' lang='lat' dir='ltr'>hoc</span> <span class='ocrx_word' id='word_1_115' title='bbox 1298 2251 1430 2289; x_wconf 85' lang='lat' dir='ltr'>statuit</span> <span class='ocrx_word' id='word_1_116' title='bbox 1451 2264 1641 2304; x_wconf 85' lang='lat' dir='ltr'>unquam,</span> <span class='ocrx_word' id='word_1_117' title='bbox 1672 2258 1739 2289; x_wconf 89' lang='lat' dir='ltr'>aut</span> <span class='ocrx_word' id='word_1_118' title='bbox 1759 2250 1825 2288; x_wconf 90' lang='lat' dir='ltr'>cui</span> 
     </span>
     <span class='ocr_line' id='line_1_20' title="bbox 431 2316 1826 2370; baseline -0.001 -15"><span class='ocrx_word' id='word_1_119' title='bbox 431 2316 598 2355; x_wconf 80' lang='lat' dir='ltr'>concedi</span> <span class='ocrx_word' id='word_1_120' title='bbox 633 2317 709 2354; x_wconf 79' lang='lat' dir='ltr'>sine</span> <span class='ocrx_word' id='word_1_121' title='bbox 743 2316 898 2355; x_wconf 87' lang='lat' dir='ltr'>summo</span> <span class='ocrx_word' id='word_1_122' title='bbox 932 2317 1115 2354; x_wconf 89' lang='lat' dir='ltr'>omnium</span> <span class='ocrx_word' id='word_1_123' title='bbox 1150 2317 1327 2370; x_wconf 84' lang='lat' dir='ltr'>periculo</span> <span class='ocrx_word' id='word_1_124' title='bbox 1362 2317 1510 2370; x_wconf 83' lang='lat' dir='ltr'>potest,</span> <span class='ocrx_word' id='word_1_125' title='bbox 1543 2326 1587 2355; x_wconf 90' lang='lat' dir='ltr'>ut</span> <span class='ocrx_word' id='word_1_126' title='bbox 1616 2331 1707 2355; x_wconf 86' lang='lat' dir='ltr'>eum</span> <span class='ocrx_word' id='word_1_127' title='bbox 1736 2317 1826 2369; x_wconf 88' lang='lat' dir='ltr'>jure</span> 
     </span>
     <span class='ocr_line' id='line_1_21' title="bbox 435 2382 1825 2437; baseline -0.001 -16"><span class='ocrx_word' id='word_1_128' title='bbox 435 2383 606 2436; x_wconf 76' lang='lat' dir='ltr'>potuerit</span> <span class='ocrx_word' id='word_1_129' title='bbox 634 2383 826 2429; x_wconf 79' lang='lat' dir='ltr'>occidere,</span> <span class='ocrx_word' id='word_1_130' title='bbox 858 2397 878 2422; x_wconf 86' lang='lat' dir='ltr'>a</span> <span class='ocrx_word' id='word_1_131' title='bbox 905 2397 985 2437; x_wconf 89' lang='lat' dir='ltr'>quo</span> <span class='ocrx_word' id='word_1_132' title='bbox 1016 2383 1193 2422; x_wconf 75' lang='lat' dir='ltr'>metuisse</span> <span class='ocrx_word' id='word_1_133' title='bbox 1226 2383 1262 2422; x_wconf 85' lang='lat' dir='ltr'>se</span> <span class='ocrx_word' id='word_1_134' title='bbox 1294 2383 1413 2430; x_wconf 85' lang='lat' dir='ltr'>dicat,</span> <span class='ocrx_word' id='word_1_135' title='bbox 1445 2397 1493 2422; x_wconf 89' lang='lat' dir='ltr'>ne</span> <span class='ocrx_word' id='word_1_136' title='bbox 1525 2383 1604 2436; x_wconf 89' lang='lat' dir='ltr'>ipse</span> <span class='ocrx_word' id='word_1_137' title='bbox 1635 2382 1825 2436; x_wconf 86' lang='lat' dir='ltr'>posterius</span> 
     </span>
     <span class='ocr_line' id='line_1_22' title="bbox 430 2448 706 2488; baseline 0.004 -5"><span class='ocrx_word' id='word_1_138' title='bbox 430 2448 674 2488; x_wconf 66' lang='lat' dir='ltr'>nccideretur</span> <span class='ocrx_word' id='word_1_139' title='bbox 693 2450 706 2484; x_wconf 66' lang='grc' dir='ltr'>,Ρ</span> 
     </span>
    </p>
   </div>
  </div>
 </body>
</html>
