2076 2860
644 125 1223 167 PHILIPPICA
1302 123 1415 162 XIV.
1650 125 1730 176 469

335 242 487 284 potero,
519 230 756 282 complectar
777 229 857 282 ipsa
876 228 1079 266 sententia.
1125 227 1193 265 Est
1222 236 1353 265 autem
1385 227 1476 265 fidei
1498 227 1731 281 pietatisque

337 297 487 342 nostrae,
519 296 711 334 declarare
733 295 950 332 fortiffimis
979 294 1192 339 militibus,
1225 307 1343 346 quam
1371 307 1564 332 memores
1596 295 1730 340 fimus,

334 376 536 416 quamque
556 362 671 413 grati.
716 360 987 412 Qamobrem
1022 360 1203 413 promiffa
1236 361 1374 406 nostra,
1407 371 1524 414 atque
1557 375 1613 407 ea,
1646 375 1731 414 quze

337 428 577 481 legionibus,
611 427 716 465 bello
741 426 936 472 confeffiffl,
969 426 1187 464 tributuros
1219 440 1290 464 nos
1323 426 1621 480 spopondimus,
1653 428 1729 467 ho-

337 495 474 532 dierno
499 493 858 532 senatus-consulto
888 492 1106 531 renovanda
1135 492 1299 531 censeo:
1333 506 1489 545 aequum
1523 494 1576 531 est
1605 495 1728 540 enim,

337 561 532 605 militum,
565 560 706 597 talium
728 559 955 612 praesertim,
987 557 1178 596 honorem
1201 559 1406 611 conjungi.

393 628 528 679 Atque
557 626 724 671 utinam,
758 626 888 663 Patres
922 624 1149 678 conscripti,
1181 625 1334 663 civibus
1367 626 1553 664 omnibus
1587 627 1732 665 solvere

338 693 452 731 nobis
474 693 633 744 praemia
653 691 810 729 liceret!
835 705 1061 744 quanquam
1082 703 1152 728 nos
1174 704 1229 735 ea,
1254 704 1339 748 quae
1360 692 1626 743 promifimus,
1649 693 1730 730 stu-

336 758 441 796 diose
462 758 663 796 cumulata
682 757 903 796 reddemus.
938 757 1011 794 Sed
1031 756 1071 794 id
1092 756 1254 809 quidem
1277 756 1403 802 restat,
1436 768 1479 794 ut
1500 757 1623 810 spero,
1647 760 1731 797 vic-

335 825 504 869 toribus,
526 825 672 876 quibus
694 824 845 862 senatus
867 823 962 861 fides
980 823 1200 876 praestatur:
1224 836 1342 875 quam
1361 823 1522 875 quidem
1540 838 1631 862 cum
1650 826 1730 864 dif-

337 891 521 929 ficillimo
549 891 776 944 reipublicae
806 900 983 943 tempore
1014 889 1135 928 secuti
1166 889 1269 935 sunt,
1301 903 1365 927 eos
1387 904 1592 943 nunquam
1613 905 1731 945 opor-

337 958 438 997 tebit
459 958 611 996 confilii
634 957 690 995 sui
711 958 915 1010 poenitere.
962 957 1034 994 Sed
1066 956 1182 995 facile
1211 956 1264 994 est
1295 956 1392 994 bene
1422 970 1532 1009 agere
1553 972 1645 997 cum
1669 960 1730 1004 iis,

336 1039 357 1063 a
377 1024 523 1076 quibus
545 1024 664 1061 etiam
695 1024 916 1061 tacentibus
948 1023 1114 1075 flagitari
1144 1023 1338 1061 videmur.
1383 1023 1491 1061 Illud
1518 1025 1731 1064 admirabi-

334 1091 426 1137 lius,
444 1099 483 1129 et
503 1092 645 1143 majus,
663 1090 913 1142 maximeque
934 1091 1141 1142 proprium
1161 1089 1312 1127 senatus
1335 1089 1517 1142 sapientis
1538 1092 1605 1137 est,
1624 1104 1732 1144 grata

336 1171 475 1196 eorum
495 1157 686 1195 virtutem
707 1156 898 1194 memoria
918 1155 1115 1208 prosequi,
1147 1155 1217 1207 qui
1245 1169 1315 1208 pro
1336 1156 1459 1208 patria
1487 1157 1608 1195 vitam
1639 1173 1732 1210 pro-

338 1223 542 1261 fuderunt.
576 1223 762 1273 Qorum
793 1221 840 1258 de
871 1221 1021 1259 honore
1053 1222 1207 1259 utinam
1240 1220 1342 1259 mihi
1362 1222 1475 1274 plura
1495 1224 1535 1260 in
1558 1234 1733 1263 mentem

340 1288 545 1328 venirent!
579 1287 658 1325 duo
689 1295 793 1325 certe
825 1300 905 1324 non
935 1287 1156 1340 praeteribo,
1188 1300 1274 1339 quae
1296 1288 1468 1326 maxime
1489 1301 1730 1329 occurrunt:

337 1368 512 1408 quorum
544 1354 712 1392 alterum
745 1353 915 1406 pertinet
949 1352 995 1390 ad
1026 1353 1202 1391 virorum
1234 1351 1533 1393 fortifiimorum
1565 1356 1733 1408 gloriam

341 1422 645 1475 sempiternam,
691 1421 858 1460 alterum
896 1420 944 1458 ad
982 1419 1212 1459 leniendum
1252 1433 1462 1460 moerorem
1502 1431 1540 1460 et
1580 1423 1734 1462 lucrum

340 1489 631 1541 proximorum.

396 1555 493 1592 XII.
528 1554 662 1592 Placet
683 1554 805 1605 igitur
826 1553 942 1598 mihi,
974 1552 1106 1591 Patres
1128 1553 1355 1605 conscripti,
1385 1554 1555 1606 'legionis
1577 1556 1733 1594 Martia¹

343 1620 558 1665 militibus,
590 1629 629 1658 et
655 1620 725 1665 eis,
758 1621 827 1672 qui
861 1634 936 1657 una
964 1630 1184 1673 pugnantes
1215 1620 1459 1665 occiderunt,
1492 1636 1732 1660 monumen-

342 1696 429 1725 tum
451 1687 534 1725 fieri
555 1699 674 1738 quam
695 1686 992 1739 ampliffimum.
1017 1687 1167 1738 Magna
1181 1695 1297 1738 atque
1318 1687 1566 1725 incredibilia
1582 1689 1669 1726 sunt
1692 1691 1732 1727 in

342 1753 631 1807 rempublicam
651 1752 770 1805 hujus
793 1754 933 1791 merita
951 1753 1135 1805 legionis.
1180 1753 1278 1790 Haec
1305 1753 1341 1791 se
1367 1754 1497 1805 prima
1527 1755 1734 1793 latrocinio

343 1820 501 1872 abrupit
535 1820 731 1857 Antonii:
774 1818 859 1857 haec
894 1820 1022 1856 tenuit
1057 1819 1231 1857 Albam:
1274 1819 1357 1857 haec
1392 1819 1428 1857 se
1462 1820 1509 1857 ad
1545 1822 1734 1860 Caesarem

344 1886 543 1924 contulit:
576 1885 678 1923 hanc
714 1885 866 1923 imitata
898 1894 1034 1937 quarta
1068 1885 1172 1937 legio
1208 1899 1340 1937 parem
1374 1886 1532 1924 virtutis
1567 1887 1734 1939 gloriam

343 1951 551 1990 consecuta
569 1951 636 1990 est.
681 1952 832 2002 Qarta
862 1951 1001 1989 viCtrix
1034 1950 1220 1988 desiderat
1248 1951 1478 1990 neminem:
1512 1966 1559 1990 ex
1589 1953 1737 1992 Martia

343 2018 528 2056 nonnulli
548 2019 588 2055 in
610 2017 691 2070 ipsa
710 2017 871 2055 viffitoria
891 2016 1164 2055 conciderunt.
1199 2018 1235 2054 O
1258 2017 1456 2056 fortunata
1476 2032 1580 2058 mors
1601 2020 1608 2057 !
1632 2035 1733 2073 quae,

345 2095 489 2123 naturae
510 2085 655 2128 debita,
686 2097 758 2136 pro
778 2084 901 2136 patria
921 2083 973 2121 est
994 2083 1239 2136 potiffimum
1260 2084 1423 2124 reddita.

400 2152 483 2189 Vos
504 2164 594 2189 vero
616 2151 747 2203 patriae
769 2159 878 2188 natos
895 2150 1054 2202 judico3
1079 2164 1249 2202 quorum
1266 2153 1384 2190 etiam
1407 2166 1551 2191 nomen
1568 2167 1588 2191 a
1604 2153 1735 2192 Marte

345 2218 425 2256 est:
460 2227 502 2254 ut
523 2216 628 2254 idem
650 2217 759 2255 Deus
781 2217 920 2255 urbem
940 2216 1042 2255 hanc
1072 2218 1272 2269 gentibuS,
1305 2233 1372 2258 vos
1401 2219 1498 2258 huic
1528 2220 1631 2265 urbi,
1663 2234 1733 2272 gc-

348 2284 468 2322 nuiffe
491 2283 678 2321 videatur.
713 2284 759 2321 In
780 2282 887 2335 fuga,
920 2283 1025 2322 foeda
1045 2297 1150 2323 mors
1171 2285 1249 2331 est3
1283 2286 1322 2323 in
1345 2286 1518 2331 victoria,
1551 2287 1731 2339 gloriosa.

348 2351 509 2389 Etenim
532 2350 640 2387 Mars
664 2349 742 2402 ipse
763 2363 809 2388 ex
831 2351 911 2388 acie
938 2349 1193 2389 fortissimum
1221 2366 1419 2404 quemque
1447 2353 1641 2404 pignerari
1670 2353 1731 2390 so-

345 2417 415 2456 let.
461 2416 525 2455 Illi
555 2416 676 2468 igitur
704 2416 833 2468 impii,
866 2430 964 2469 quos
986 2417 1193 2463 cecidistis,
1226 2419 1345 2457 etiam
1365 2418 1411 2456 ad
1432 2418 1577 2457 inferos
1598 2431 1732 2470 poenas
