2076 2860
682 171 824 212 PRo
882 170 932 210 P.
995 167 1292 208 SEXTIO.
1641 182 1696 222 47

284 271 382 312 boni
402 270 477 310 viri
497 269 660 314 vellent,
693 268 765 307 nifi
786 265 983 321 repulsam
1005 266 1114 304 tulit.
1149 265 1307 304 Videtis
1329 265 1467 319 igitur,
1500 266 1699 319 populum

285 339 417 393 ipsum
432 367 444 384 ,
476 347 522 376 ut
542 337 597 376 ita
617 336 748 375 dicam
764 364 775 381 ,
802 336 889 388 jam
910 346 991 372 non
1011 333 1086 372 effe
1106 333 1341 386 popularem
1355 363 1368 379 ,
1400 333 1471 386 qui
1501 333 1556 371 ita
1576 332 1698 371 vehe-

286 414 441 445 menter
461 418 543 450 eos,
574 403 646 456 qui
666 402 876 456 populares
897 399 1110 446 habentur,
1144 399 1325 453 respuat3
1361 414 1426 438 eos
1448 409 1597 445 autem,
1631 400 1701 452 qui

286 472 324 511 ei
341 471 479 524 generi
499 469 765 515 adversantur,
796 467 949 507 honore
970 466 1217 520 digniffimos
1233 466 1405 520 judicet.

345 538 458 577 LIV.
492 536 712 575 Veniamus
735 534 783 574 ad
803 534 943 573 ludos:
969 533 1066 572 facit
1087 533 1211 579 enim,
1230 533 1409 585 Judices,
1428 524 1551 571 vester
1570 532 1638 570 iste
1661 533 1702 570 in

289 618 354 643 me
375 605 604 644 animorum
625 603 918 655 oculorumque
939 602 1158 654 conjectus,
1192 610 1237 639 ut
1257 599 1361 638 mihi
1377 602 1463 653 jam
1485 601 1604 638 licere
1625 614 1703 652 pu-

290 681 373 710 tem
394 671 607 710 remiffiore
629 671 689 709 uti
710 683 853 723 genere
882 667 1057 706 dicendi.
1091 667 1367 705 Comitiorum
1396 677 1435 705 et
1461 667 1706 705 concionum

292 738 598 791 significationes
622 737 825 776 interdum
847 750 943 774 verae
965 736 1071 780 sunt,
1103 748 1395 787 nonnunquam
1421 734 1567 772 vitiata:
1588 743 1706 786 atque

293 816 490 859 corruptae
509 821 517 844 ε
552 805 760 843 theatrales
781 802 1089 856 gladiatorinue
1110 801 1304 840 consessus
1327 801 1519 839 dicuntur
1539 802 1707 839 omnino

295 872 416 911 solere
434 903 445 918 ,
483 873 642 911 levitate
677 870 968 909 nonnullorum
986 899 996 915 ,
1039 878 1196 922 emptos
1233 869 1390 922 plausus
1427 879 1466 907 et
1506 869 1628 907 exiles
1669 879 1708 906 et

295 952 399 977 raros
421 938 592 977 excitare
611 953 619 976 :
653 946 827 975 attamen
847 935 966 974 facile
987 935 1055 981 est,
1088 949 1184 974 cum
1210 935 1250 973 id
1272 935 1332 980 fit,
1366 935 1708 988 quemadmodum

296 1014 335 1044 et
355 1019 377 1044 a
396 1005 543 1057 quibus
565 1004 648 1050 fiat,
671 1013 709 1042 et
731 1003 829 1057 quid
850 1003 1005 1056 integra
1025 1002 1248 1041 multitudo
1269 1001 1403 1047 faciat,
1427 1002 1571 1041 videre.
1598 1003 1710 1054 Qid

295 1085 369 1124 ego
389 1085 497 1110 nunc
519 1071 664 1117 dicam,
698 1071 846 1123 quibus
868 1071 978 1115 viris,
1011 1078 1078 1107 aut
1100 1070 1167 1107 cui
1188 1070 1323 1122 generi
1345 1070 1512 1114 civium,
1536 1070 1711 1107 maxime

295 1137 582 1191 applaudatur?
606 1138 811 1176 neminem
832 1137 1005 1176 vestrum
1026 1136 1146 1175 fallit.
1182 1137 1240 1174 Sit
1260 1135 1338 1174 hoc
1360 1136 1447 1174 sane
1469 1137 1578 1181 leve5
1604 1136 1711 1188 quod

298 1219 380 1248 non
401 1205 456 1243 ita
474 1205 543 1250 est,
562 1205 753 1258 quoniam
770 1205 927 1258 optimo
943 1204 1090 1257 cuique
1112 1203 1364 1256 impertitur:
1390 1203 1468 1248 sed,
1488 1203 1513 1240 fi
1536 1202 1589 1240 est
1611 1203 1709 1247 leve,

299 1271 460 1311 homini
478 1273 588 1325 gravi
608 1272 693 1310 leve
714 1271 796 1317 est;
829 1272 865 1310 ei
887 1285 978 1309 vero
994 1301 1005 1316 ‚
1038 1270 1108 1323 qui
1130 1269 1276 1323 pendet
1302 1285 1322 1308 a
1343 1270 1459 1308 rebus
1482 1269 1684 1308 levifiimis
1702 1300 1711 1315 ‚

303 1339 375 1391 qui
395 1353 569 1384 rumore,
592 1348 646 1385 et,
665 1347 710 1377 ut
731 1339 802 1392 ipfi
824 1339 1062 1391 loquuntur,
1082 1336 1213 1375 favore
1235 1337 1376 1390 populi
1400 1346 1557 1375 tenetur
1578 1348 1616 1374 et
1638 1337 1714 1374 du-

303 1405 422 1452 citur,
455 1406 639 1459 plausum
671 1405 1034 1451 immortalitatem,
1068 1404 1230 1442 fibilum
1263 1413 1452 1449 mortem,
1486 1403 1610 1441 videri
1644 1418 1714 1442 ne-

303 1472 400 1512 ceffe
420 1472 488 1512 est.

359 1541 423 1579 Ex
456 1549 494 1579 te
527 1541 666 1594 igitur,
701 1541 857 1585 Scaure,
890 1538 1138 1591 potiffimum
1170 1551 1318 1591 quaero,
1351 1538 1421 1590 qui
1453 1538 1568 1575 ludos
1595 1551 1716 1589 appa-

305 1606 511 1644 ratiffimos
534 1605 1024 1657 magnificentiffimosque
1045 1603 1199 1648 fecisti,
1232 1604 1369 1655 ecquis
1399 1603 1564 1641 istorum
1585 1617 1718 1656 popu-

306 1671 452 1709 larium
473 1681 563 1709 tuos
584 1670 700 1708 ludos
722 1670 942 1722 aspexerit3
967 1669 1103 1722 ecquis
1126 1669 1163 1707 se
1184 1668 1353 1714 theatin,
1377 1669 1609 1722 populoque
1631 1670 1719 1707 Ro-

308 1752 441 1784 mano,
464 1737 724 1777 commiserit.
749 1737 835 1789 Ipse
857 1737 924 1774 ille
946 1737 1120 1774 maxime
1141 1735 1291 1781 ludius,
1316 1750 1396 1774 non
1418 1736 1546 1774 solum
1569 1737 1719 1789 specta-

310 1815 387 1850 tor,
420 1805 484 1842 sed
505 1806 624 1849 actor,
657 1813 695 1841 et
716 1817 922 1848 acroama3
956 1803 1027 1856 qui
1049 1804 1187 1841 omnia
1208 1802 1348 1841 sororis
1371 1803 1559 1845 embolia„
1577 1805 1689 1842 novit
1707 1823 1719 1850 3

309 1872 379 1925 qui
400 1871 442 1909 in
463 1880 617 1910 coetum
637 1870 856 1908 mulierum
877 1884 950 1923 pro
970 1870 1130 1923 psaltria
1144 1870 1379 1916 adducitur;
1398 1884 1472 1909 nec
1494 1879 1583 1908 tuos
1606 1870 1721 1909 ludos

311 1938 461 1991 aspexit
482 1937 523 1976 in
546 1937 618 1976 illo
639 1936 792 1975 ardenti
815 1937 1022 1975 tribunatu
1044 1937 1126 1982 suo,
1162 1950 1234 1975 nec
1265 1937 1368 1975 ullos
1400 1938 1512 1982 alios,
1547 1937 1617 1975 nisi
1639 1951 1720 1983 eos,

311 2019 333 2044 a
362 2005 510 2058 quibus
542 2005 611 2043 vix
643 2005 756 2043 vivus
789 2003 948 2057 effugit.
983 2005 1136 2050 Semel,
1168 2004 1358 2057 inquam,
1392 2004 1428 2042 se
1461 2004 1566 2042 ludis
1599 2003 1724 2043 homo

312 2071 514 2126 popularis
548 2071 751 2110 commisit
783 2071 966 2115 omnino,
999 2085 1093 2110 cum
1126 2071 1167 2109 in
1201 2071 1354 2124 templo
1388 2071 1562 2109 Virtutis
1595 2070 1723 2110 honos

313 2138 474 2178 habitus
495 2138 587 2177 effet
607 2138 774 2183 virtuti,
809 2138 977 2190 Caiique
1009 2138 1157 2183 Marii,
1190 2137 1473 2176 conservatoris
1498 2136 1620 2190 hujus
1644 2139 1723 2176 im-

314 2206 428 2258 perii,
461 2214 773 2243 monumentum
808 2204 1008 2257 municipi
1043 2205 1142 2257 ejus,
1175 2213 1213 2242 et
1249 2204 1478 2258 reipublicae
1511 2203 1723 2249 defensori,

317 2270 447 2309 sedem
467 2270 514 2309 ad
536 2270 702 2309 salutem
724 2270 961 2324 praebuiffet.

375 2338 466 2376 LV.
500 2339 594 2390 Qo
616 2337 780 2391 quidem
802 2348 1003 2391 tempore,
1037 2337 1134 2390 quid
1156 2337 1330 2390 populus
1354 2338 1560 2376 Romanus
1585 2337 1725 2375 sentire

321 2404 356 2442 se
377 2403 602 2449 ostenderit,
635 2414 805 2458 utroque
825 2405 867 2443 in
889 2419 1031 2458 genere
1051 2405 1294 2443 declaratum
1319 2404 1372 2442 est
1392 2419 1399 2443 :
1435 2405 1580 2457 primo,
1614 2418 1722 2448 cum,

321 2471 457 2511 audito
478 2471 631 2511 senatus
653 2472 837 2511 consulto
852 2502 864 2519 ,
897 2486 962 2512 ore
992 2472 1063 2525 ipsi
1085 2482 1204 2525 atque
1225 2472 1376 2512 absenti
1399 2472 1545 2511 senatui
1569 2471 1726 2523 plausus
