2076 2860
433 181 511 233 316
785 179 863 217 IN
923 177 988 215 M.
1050 177 1497 216 ANTONIUM-

433 282 615 334 aperuit3
650 280 689 317 in
712 279 864 316 collum
885 278 1037 316 invafit.
1072 279 1108 315 O
1131 277 1339 315 hominem
1369 291 1539 330 nequam
1560 277 1567 315 !
1601 277 1698 329 quid
1728 278 1836 316 enim

433 347 541 385 aliud
572 347 732 384 dicam?
765 345 890 397 magis
912 345 1068 397 proprie
1090 343 1191 382 nihil
1214 344 1368 396 poffum
1390 344 1532 382 dicere.
1567 345 1689 395 Ergo,
1722 353 1765 381 ut
1797 353 1834 381 te

435 414 665 451 catamitum
682 442 692 456 ,
726 425 797 449 nec
819 412 980 463 opinato
1001 424 1094 448 cum
1116 410 1336 448 ostendisses
1353 440 1363 455 ,
1396 420 1534 463 praeter
1561 410 1668 463 spem
1690 410 1835 457 mulier

438 479 675 531 adspiceret;
700 477 850 515 idcirco
873 477 1010 515 urbem
1036 486 1179 514 terrore
1200 478 1408 521 nocturno,
1437 477 1592 514 Italiam
1613 476 1836 513 multorum

435 546 590 582 dierum
611 554 736 590 metu,
755 543 1012 597 perturbasti?
1037 544 1089 581 Et
1111 542 1221 580 domi
1241 542 1405 595 quidem
1422 542 1576 580 causam
1596 543 1739 580 amoris
1761 540 1833 579 ha-

436 612 549 656 buit;
583 610 679 648 foris
711 612 829 648 etiam
860 610 1093 662 turpiorem,
1126 623 1173 646 ne
1196 610 1244 647 L.
1270 609 1438 646 Plancus
1460 608 1605 661 praedes
1628 617 1716 645 tuos
1738 621 1834 645 ven-

435 677 557 715 deret.
592 677 810 715 Produdtus
833 686 966 714 autem
994 675 1035 712 in
1065 676 1300 713 concionem
1333 688 1354 711 a
1385 675 1547 712 tribuno
1567 674 1710 727 plebis,
1742 687 1836 712 cum

436 742 704 796 respondiffeS‚
739 753 775 781 te
797 743 852 781 rei
881 752 955 780 tuae
976 741 1086 779 causa
1115 741 1271 786 venisse,
1303 740 1500 793 populum
1521 742 1640 779 etiam
1661 739 1837 779 dicacem

436 810 477 847 in
501 820 538 848 te
560 809 774 848 reddidisti.

493 876 675 914 XXXII.
707 875 779 914 Sed
811 875 929 913 nimis
959 874 1087 912 multa
1114 873 1160 912 de
1185 873 1330 926 nugis:
1363 872 1411 911 ad
1440 874 1588 926 majora
1616 873 1837 911 veniamus.

439 941 579 979 Caesari
618 955 665 979 ex
707 941 900 993 Hispania
934 940 1114 978 redeunti
1148 940 1306 978 obviam
1341 939 1563 991 longiffime
1597 937 1808 992 proceffisti
1825 953 1837 976 :

438 1008 617 1046 celeriter
638 1007 713 1053 isti,
747 1007 893 1053 redisti,
926 1017 969 1045 ut
990 1006 1243 1059 cognosceret
1265 1016 1316 1051 te,
1349 1006 1377 1044 fi
1397 1006 1530 1043 minus
1552 1004 1713 1050 fortem,
1737 1013 1837 1042 atta-

438 1088 532 1112 men
553 1074 769 1113 strenuum.
809 1075 950 1113 Faenus
973 1087 1011 1112 es
1033 1075 1068 1111 ei
1090 1073 1218 1111 rursus
1241 1072 1370 1111 nescio
1392 1072 1594 1124 quomodo
1614 1070 1836 1109 familiaris.

438 1140 625 1178 Habebat
644 1138 722 1180 hoc
744 1140 909 1177 omnino
931 1138 1079 1177 Caesar:
1104 1152 1225 1191 quem
1245 1137 1360 1190 plane
1381 1136 1581 1189 perditum
1602 1151 1672 1174 aere
1693 1136 1836 1180 alieno,

439 1216 716 1258 egentemque,
739 1206 765 1243 fi
787 1205 957 1243 eundern
980 1218 1149 1256 nequam
1170 1204 1378 1243 hominem
1399 1203 1666 1256 audacemque
1686 1216 1838 1255 cogno-

439 1282 559 1318 verat,
577 1271 685 1310 hunc
702 1273 744 1310 in
765 1271 1075 1311 familiaritatem
1097 1270 1351 1308 libentiffime
1368 1269 1596 1321 recipiebat.
1620 1269 1698 1306 His
1716 1268 1840 1320 igitur

439 1339 556 1377 rebus
589 1339 769 1391 praeclare
802 1336 1118 1381 commendatus,
1145 1335 1270 1389 juffus
1301 1349 1339 1373 es
1370 1335 1587 1373 renuntiari
1617 1334 1769 1380 consul,
1801 1342 1841 1372 et

440 1405 605 1458 quidem
627 1418 720 1443 cum
742 1404 839 1456 ipso.
864 1402 984 1443 Nihil
1006 1416 1148 1455 queror
1169 1402 1216 1440 de
1237 1401 1462 1446 Dolabella,
1485 1401 1555 1452 qui
1577 1409 1665 1438 tum
1685 1399 1739 1438 est
1759 1400 1839 1438 im-

440 1470 591 1524 pulsus,
615 1470 814 1515 inductus,
837 1469 981 1507 elusus.
1010 1470 1101 1521 Qa
1121 1469 1162 1506 in
1184 1482 1237 1513 re,
1261 1477 1405 1520 quanta
1425 1466 1546 1504 fuerit
1568 1476 1733 1519 uterque
1754 1465 1838 1504 ves-

440 1547 549 1576 trum
578 1536 741 1590 perfidia
769 1537 810 1574 in
842 1535 1111 1580 Dolabellam,
1144 1536 1233 1587 quis
1264 1534 1450 1586 ignorat?
1484 1533 1557 1571 Ille
1590 1532 1763 1577 induxit,
1796 1541 1841 1570 ut

441 1612 610 1656 peteret:
634 1603 867 1655 promissum
883 1611 921 1640 et
942 1611 1147 1654 receptum
1168 1601 1403 1645 intervertit,
1422 1599 1469 1637 ad
1490 1599 1604 1651 seque
1621 1598 1838 1637 transtulit:

442 1678 485 1706 tu
507 1670 589 1721 ejus
612 1668 784 1721 perfidiae
806 1667 1052 1706 voluntatem
1070 1676 1178 1704 tuam
1195 1665 1439 1718 adscripsisti.
1455 1665 1634 1702 Veniunt
1656 1663 1842 1702 Kalendae

442 1736 634 1785 Januariae
654 1750 665 1773 ι
696 1735 879 1786 cogimur
910 1734 950 1772 in
981 1733 1186 1772 senatum:
1220 1733 1396 1770 invectus
1419 1730 1472 1769 est
1493 1730 1687 1783 copiosius
1710 1730 1841 1768 multo

442 1801 484 1838 in
515 1800 631 1838 istum
661 1809 699 1837 et
733 1801 901 1851 paratius
932 1799 1156 1844 Dolabella,
1188 1811 1308 1851 quam
1338 1811 1444 1836 nunc
1475 1811 1563 1850 ego.
1597 1797 1680 1835 Hic
1707 1804 1839 1834 autem

444 1867 565 1903 iratus
587 1880 673 1917 quae
696 1865 813 1909 dixit,
846 1864 916 1902 Dii
939 1864 1033 1901 boni
1054 1864 1062 1901 l

501 1932 697 1975 Primum,
721 1944 816 1968 cum
837 1929 961 1968 Caesar
982 1928 1216 1973 ostendiffet,
1239 1928 1290 1974 se,
1309 1929 1417 1981 prius
1435 1942 1554 1981 quam
1570 1927 1839 1981 proficiscere-

446 2007 523 2042 tur,
556 1996 809 2035 Dolabellam
830 1995 1033 2033 consulem
1054 1994 1125 2032 effe
1140 1994 1336 2046 juffurum
1354 2009 1362 2032 ε
1386 2008 1506 2046 quem
1527 2003 1671 2046 negant
1692 2007 1838 2046 regem,

445 2063 515 2117 qui
547 2073 586 2101 et
617 2062 761 2101 faceret
794 2063 943 2114 semper
975 2061 1167 2114 ejusmodi
1198 2061 1364 2113 aliquid,
1397 2070 1434 2098 et
1456 2061 1629 2099 diceret:
1663 2060 1726 2098 sed
1747 2074 1841 2099 cum

446 2128 571 2167 Caesar
591 2129 646 2166 ita
666 2128 847 2174 dixiffet3
882 2137 968 2166 tum
990 2127 1055 2166 hic
1078 2128 1205 2165 bonus
1227 2141 1351 2180 augur
1371 2141 1416 2165 eo
1447 2127 1483 2164 se
1505 2126 1718 2165 sacerdotio
1739 2141 1841 2179 prae-

445 2195 575 2233 ditum
597 2194 668 2232 effe
690 2194 805 2239 dixit,
838 2204 881 2232 ut
912 2195 1074 2231 comitia
1103 2193 1284 2246 auspiciis
1315 2193 1376 2231 vel
1404 2193 1596 2246 impedire
1623 2193 1684 2231 vel
1705 2193 1842 2231 vitiare

446 2260 582 2314 poss'et,
616 2261 734 2313 idque
756 2260 791 2298 se
812 2259 1008 2298 facturum
1029 2260 1101 2297 effe
1122 2260 1356 2298 asseveravit.
1403 2261 1447 2298 In
1470 2273 1550 2312 quo
1577 2259 1755 2312 primum
1776 2260 1841 2297 in·-

446 2326 677 2365 credibilem
699 2326 967 2379 stupiditatem
989 2325 1164 2363 hominis
1182 2326 1421 2377 cognoscite.
1442 2325 1553 2377 Qid
1569 2325 1701 2363 enim?
1724 2324 1841 2370 istud,

446 2392 553 2446 quod
576 2402 611 2430 te
633 2393 835 2431 sacerdotii
851 2394 939 2445 jure
960 2391 1085 2430 facere
1106 2392 1209 2445 poffe
1230 2392 1376 2437 dixisti,
1396 2393 1421 2430 fi
1438 2405 1562 2444 augur
1583 2405 1661 2430 non
1679 2390 1784 2435 effes,
1803 2398 1842 2428 et

446 2459 581 2499 consul
603 2459 709 2506 ess‘eS,
741 2460 873 2499 minus
896 2458 1021 2498 facere
1042 2458 1232 2512 potuisses
1252 2459 1264 2497 ?
1298 2458 1415 2505 Vide,
1448 2472 1496 2497 ne
1517 2458 1636 2497 etiam
1657 2456 1837 2496 facilius:
