2076 2860
406 202 480 256 338
742 200 836 239 ‚IN
894 200 960 238 M.
1022 199 1449 239 ANToNruM

407 325 412 329 -
462 304 570 343 qud
592 317 736 357 quaero,
756 316 825 341 cur
843 312 924 340 tam
945 301 1075 340 subito
1097 301 1321 341 mansuetus
1342 302 1384 340 in
1404 302 1539 341 senatu
1558 301 1696 348 fuerit,
1713 317 1806 342 cum

406 371 447 409 in
469 371 605 409 edietis
630 381 709 408 tam
729 368 860 407 fuisset
880 368 1001 407 ferus.
1048 368 1158 421 Qid
1179 378 1312 407 autern
1332 369 1554 414 attinuerit,
1587 370 1638 408 L.
1663 370 1805 415 Caffio,

407 438 568 475 tribuno
600 436 728 490 plebis
761 435 972 474 fortifiimo
1004 444 1043 474 et
1074 435 1382 474 constantiffimo
1409 436 1503 481 civi,
1534 446 1706 474 mortem
1735 437 1804 475 de-

405 504 602 547 nuntiare,
633 503 660 540 fi
681 504 721 540 in
745 502 921 540 senatum
942 502 1131 547 veniffet3
1165 503 1219 540 D.
1245 500 1522 547 Carfulenum,
1555 502 1653 540 bene
1675 502 1722 540 de
1743 516 1805 540 re—

404 570 566 622 publica
587 569 836 615 sentientem,
855 583 875 606 e
891 568 1024 606 senatu
1044 569 1084 606 vi
1103 578 1142 606 et
1158 568 1278 606 minis
1300 568 1440 606 mortis
1461 568 1680 621 expellere;
1703 569 1802 607 Tib.

405 636 641 679 Canutium,
674 649 694 673 a
714 649 794 688 quo
815 645 896 673 erat
925 633 1203 672 honestissimis
1236 634 1562 672 contentionibus
1590 643 1630 672 et
1650 633 1747 686 saepe
1767 643 1807 672 et

398 704 489 755 jure
509 712 686 747 vexatus,
719 716 797 740 non
821 702 973 754 templo
993 701 1138 747 solum,
1169 714 1308 740 verum
1327 701 1447 739 etiam
1467 701 1576 739 aditu
1597 699 1807 753 prohibere

407 770 630 822 Capitolii?
665 770 743 807 Cui
774 768 1135 807 senatus-consulto
1164 781 1213 806 ne
1234 767 1536 813 intercederent,
1567 767 1804 806 verebatur?

405 836 470 873 De
491 835 792 888 suppHcafione,
824 835 955 879 credo,
988 835 1052 872 M.
1077 834 1236 887 Lepidi,
1267 833 1467 872 clariffimi
1488 833 1576 872 viri.
1609 834 1745 886 Atque
1765 832 1807 870 id

404 910 486 939 erat
518 902 757 954 periculum,
790 901 837 939 de
866 902 979 953 cujus
1011 899 1163 938 honore
1192 899 1500 938 extraordinario
1531 899 1711 953 quotidie
1730 899 1805 937 ali-

405 967 505 1020 quid
525 968 813 1020 cogitabamus,
846 981 895 1005 ne
915 968 998 1020 ejus
1020 967 1182 1005 usitatus
1202 965 1330 1005 honos
1352 966 1626 1020 impediretur.
1661 967 1737 1010 Ac,
1760 978 1810 1004 ne

406 1034 486 1073 fine
507 1034 620 1072 causa
637 1034 835 1072 videretur
854 1033 1029 1079 edixiffe,
1059 1042 1106 1071 ut
1126 1033 1279 1071 senatus
1300 1032 1455 1078 adeffet,
1477 1046 1572 1071 cum
1592 1032 1640 1070 de
1659 1031 1806 1085 repub-

406 1100 485 1138 lica
515 1100 706 1139 relaturus
739 1100 885 1145 fuisset,
917 1100 1036 1138 allato
1063 1100 1207 1138 nuntio
1233 1099 1281 1137 de
1308 1100 1466 1152 legione
1492 1108 1643 1152 quarta,
1675 1107 1809 1136 mente

403 1167 611 1213 concidit3
644 1176 683 1205 et
707 1166 845 1219 fugere
870 1166 1072 1211 festinans,
1105 1167 1143 1204 S.
1175 1167 1224 1204 C.
1254 1166 1301 1204 de
1328 1165 1614 1219 supplicatione
1637 1179 1707 1218 per
1727 1164 1807 1202 dis-

407 1233 619 1272 ceffionem
639 1232 751 1279 fecit,
782 1247 877 1270 cum
897 1232 938 1270 id
958 1232 1108 1270 faetum
1128 1232 1220 1270 esset
1240 1241 1352 1270 antea
1370 1245 1593 1284 nunquam.

463 1300 517 1339 X.
552 1301 652 1351 Qae
672 1313 763 1338 vero
783 1298 977 1352 profeefio
998 1298 1154 1351 postea?
1177 1297 1286 1350 quod
1306 1298 1380 1335 iter
1401 1297 1577 1349 paludati
1594 1298 1607 1334 ?
1638 1309 1726 1349 quae
1745 1294 1809 1334 vi-

405 1367 506 1405 tatio
526 1366 749 1410 oculorum,
782 1365 899 1410 lucis,
932 1364 1057 1409 urbis,
1089 1363 1197 1401 fori?
1226 1377 1350 1417 quam
1370 1362 1508 1401 misera
1528 1362 1655 1415 fuga?
1688 1376 1810 1415 quam

406 1431 542 1471 foeda?
565 1446 686 1485 quam
707 1432 833 1484 turpis
853 1432 866 1469 ?
891 1431 1077 1469 Praeclara
1099 1439 1231 1468 tamen
1253 1429 1613 1468 senatus-consulta
1632 1428 1705 1466 illo
1724 1428 1810 1482 ipso

406 1499 486 1544 die,
517 1498 762 1551 vespertina:
795 1497 1089 1550 provinciarum
1122 1496 1303 1549 religiosa
1337 1496 1518 1534 sortitio:
1552 1495 1685 1533 divina
1713 1498 1810 1532 'vero

405 1564 699 1617 opportunitas,
732 1572 790 1609 ut,
823 1577 909 1616 quae
929 1563 1074 1615 cuique
1093 1572 1185 1615 apta
1203 1562 1309 1607 effet,
1341 1576 1384 1600 ea
1413 1562 1557 1614 cuique
1587 1560 1807 1599 obveniret.

408 1631 597 1670 Praeclare
616 1631 741 1683 igitur
761 1629 908 1676 facitis,
934 1630 1112 1668 Tribuni
1133 1629 1276 1682 plebis,
1309 1630 1379 1682 qui
1400 1629 1448 1667 de
1467 1627 1643 1681 praefidio
1664 1626 1808 1665 consu-

405 1698 494 1736 lum
514 1696 745 1750 senatusque
765 1695 964 1742 referatis;
987 1696 1211 1748 meritoque
1230 1695 1355 1734 vestro
1375 1695 1567 1733 maximas
1583 1693 1696 1732 vobis
1717 1706 1810 1745 gra-

406 1764 482 1802 tias
503 1776 640 1801 omnes
662 1772 700 1801 et
721 1777 832 1815 agere
853 1772 891 1801 et
912 1761 1055 1800 habere
1076 1762 1281 1800 debemus.
1315 1762 1399 1813 Q‘i
1419 1761 1528 1799 enim
1549 1773 1677 1798 carere
1696 1768 1808 1799 metu

405 1838 447 1866 et
468 1829 646 1881 periculo
666 1828 868 1880 poffumus
888 1829 931 1865 in
952 1837 1060 1865 tanta
1078 1826 1293 1865 hominum
1313 1827 1531 1879 cupiditate
1556 1836 1594 1864 et
1615 1824 1807 1864 audacia?

409 1894 485 1934 Ille
506 1902 653 1938 autem,
675 1892 798 1930 homo
814 1892 996 1937 afflictus,
1015 1902 1054 1929 et
1074 1892 1266 1944 perditus,
1285 1906 1372 1944 quae
1389 1892 1436 1929 de
1452 1892 1488 1929 se
1505 1890 1807 1944 expectatjudi-

407 1960 469 1998 cia
496 1959 687 2012 graviora,
720 1972 841 2011 quarn
869 1945 1090 1996 amicorum
1118 1958 1311 1996 suorum?
1342 1956 1684 1996 Familiariffimus
1706 1957 1807 2008 ejus,

406 2025 512 2066 mihi
542 2025 666 2064 homo
697 2027 950 2078 conjunetus,
982 2026 1031 2064 L.
1057 2025 1269 2070 Lentulus,
1301 2033 1340 2063 et
1374 2025 1419 2063 P.
1443 2023 1566 2068 Naso,
1597 2023 1708 2061 omni
1741 2036 1807 2060 ca-

406 2106 495 2131 rens
517 2092 749 2145 cupiditate,
780 2092 933 2130 nullam
954 2092 989 2130 se
1009 2091 1152 2130 habere
1172 2091 1432 2144 provinciam,
1465 2090 1617 2128 nullam
1639 2088 1809 2127 Antonii

408 2159 657 2198 sortitionem
685 2157 814 2204 fuiffe,
839 2159 1132 2211 judicaverunt.
1166 2158 1288 2210 Qod
1319 2158 1426 2196 idem
1453 2156 1552 2195 fecit
1571 2158 1622 2194 L.
1648 2155 1808 2208 Philip-

407 2239 498 2279 pus,
520 2226 580 2263 vir
601 2234 722 2278 patre,
745 2239 830 2271 avo,
853 2226 1067 2278 majoribus
1090 2225 1182 2270 suis,
1206 2225 1469 2277 digniffimus.
1494 2225 1541 2262 In
1562 2222 1698 2261 eadem
1718 2222 1808 2259 sen-

407 2293 532 2330 tentia
552 2290 630 2329 fuit
651 2291 773 2329 homo
794 2291 946 2329 summa
967 2292 1192 2344 integritate
1213 2300 1330 2343 atque
1351 2290 1579 2329 innocentia
1599 2289 1677 2327 Μ’.
1697 2289 1808 2327 Tur-

410 2359 555 2397 ranius.
603 2358 714 2396 Idem
747 2357 843 2396 fecit
876 2359 942 2410 Sp.
980 2358 1153 2410 Oppius.
1198 2358 1275 2409 Ipfi
1306 2358 1440 2403 etiam,
1472 2357 1557 2409 qui,
1588 2354 1807 2394 amicitiam

409 2424 474 2466 M.
497 2425 668 2464 Antonii
690 2425 818 2471 veriti,
851 2424 940 2478 plus
972 2425 1009 2463 ei
1042 2424 1282 2470 tribuerunt,
1314 2437 1434 2477 quam
1462 2422 1616 2463 fortaffe
1645 2421 1807 2465 vellent,
