2076 2860
440 190 514 242 362
789 190 865 228 IN
925 190 990 227 M.
1052 189 1478 227 ANTONIUM

438 291 634 329 delectum
667 289 823 334 haberi,
856 289 1017 328 sublatis
1049 290 1320 328 vacationibus
1353 290 1393 328 in
1427 290 1523 328 urbe
1559 299 1597 331 et
1629 290 1669 328 in
1704 290 1831 337 Italia,

438 366 575 409 praeter
597 356 786 400 Galliam,
820 365 913 394 tota.
959 357 1059 408 Qae
1081 356 1106 393 fi
1127 366 1243 393 erunt
1264 355 1376 401 facta,
1408 357 1545 409 opinio
1566 356 1646 410 ipsa
1666 366 1703 395 et
1729 356 1834 395 fama

437 423 567 461 vestrae
588 421 799 459 severitatis
821 422 962 459 obruet
984 422 1156 460 scelerati
1178 422 1405 474 gladiatoris
1426 424 1661 462 amentiam:
1696 424 1835 462 sentiet

439 489 509 526 fibi
532 488 683 525 bellum
705 502 799 526 cum
821 489 1024 541 republica
1043 488 1115 526 effe
1136 489 1359 541 susceptum
1379 504 1387 527 z
1420 491 1643 541 experietur
1667 490 1832 528 consen-

438 555 572 592 tientis
594 554 746 592 senatus
770 568 906 592 nervos
928 565 1045 607 atque
1066 556 1180 593 vires.
1219 556 1326 593 Nam
1348 569 1455 592 nunc
1477 555 1639 607 quidem
1661 557 1833 608 partium

437 620 737 658 contentionem
758 620 829 657 effe
851 620 1018 658 dictitat.
1053 621 1232 672 Qarum
1255 621 1428 673 partium
1447 621 1460 658 ?
1483 621 1593 658 alteri
1616 621 1708 658 vieti
1729 622 1832 666 sunt,

438 687 550 725 alteri
571 687 660 724 sunt
681 701 701 724 e
722 687 862 725 mediis
885 688 934 725 C.
951 687 1109 725 Caesaris
1131 687 1329 739 partibus:
1354 687 1424 725 nisi
1441 686 1543 725 forte
1565 687 1723 726 Caesaris
1744 701 1835 741 par-

439 763 496 791 tes
517 768 537 791 a
559 753 679 791 Pansa
698 763 736 791 et
758 753 896 791 Hirtio
918 753 1162 799 consulibus,
1189 763 1227 791 et
1248 768 1268 792 a
1289 754 1373 792 filio
1396 755 1444 792 C.
1469 753 1643 799 Caesaris,
1675 768 1833 807 oppug-

440 820 522 858 nari
544 828 743 872 putamus.
768 820 861 858 Hoc
883 834 973 858 vero
995 820 1146 858 bellum
1164 833 1242 858 non
1259 820 1313 858 est
1335 834 1382 858 ex
1399 819 1626 858 diffenfione
1646 821 1834 874 partium,

440 886 505 924 sed
525 900 572 924 ex
595 885 740 924 nefaria
760 886 824 939 spe
844 886 1195 938 perditissimorum
1216 887 1382 932 civium,
1413 887 1656 926 excitatum:
1691 887 1836 940 quibus

440 953 545 990 bona
567 951 815 1005 fortunaeque
845 953 981 992 nostrae
1011 962 1152 991 notatae
1174 952 1277 998 sunt,
1310 955 1448 1006 etjam
1468 953 1514 991 ad
1536 953 1726 1006 cujusque
1746 954 1836 1007 opi-

441 1019 602 1057 nionem
624 1018 853 1058 distributae.

497 1086 597 1139 Legi
629 1085 832 1138 epistolam
862 1087 1047 1132 Antonii,
1080 1101 1198 1139 quam
1231 1086 1278 1124 ad
1311 1086 1508 1140 quendam
1541 1086 1835 1140 septemvirum,

440 1153 650 1205 capitalem
680 1151 901 1197 hominem,
934 1153 1129 1205 collegam
1160 1154 1287 1198 suum,
1320 1153 1489 1192 miserat.
1533 1152 1634 1205 Qid
1656 1152 1836 1206 concupg‘f-

434 1233 514 1263 fas,
545 1228 588 1257 tu
606 1217 741 1257 videris
755 1236 767 1263 3
800 1218 893 1271 quod
906 1219 1163 1271 concztpbverzssr,
1193 1230 1290 1258 certe
1307 1220 1462 1258 habebis.
1496 1221 1620 1265 Hem,
1649 1219 1696 1257 ad
1717 1233 1837 1271 quem

441 1285 590 1337 legatos
613 1286 846 1330 mittamus,
880 1286 945 1322 cui
976 1286 1129 1323 bellum
1160 1299 1360 1323 moremur
1382 1285 1554 1331 inferre3
1587 1286 1657 1338 qui
1678 1299 1726 1323 ne
1746 1285 1839 1324 sorti

442 1351 605 1403 quidem
635 1351 812 1390 fortunas
844 1351 989 1389 nostras
1020 1352 1240 1396 destinavit,
1273 1352 1336 1390 sed
1366 1352 1526 1390 libidini
1557 1351 1747 1405 cujusque
1768 1365 1838 1390 nos

443 1419 498 1456 ita
517 1417 683 1463 addixit,
715 1427 759 1455 ut
781 1431 828 1455 ne
850 1417 921 1455 fibi
942 1417 1103 1470 quidem
1131 1418 1351 1471 quidquam
1381 1418 1597 1471 integrum,
1629 1417 1736 1470 quod
1759 1431 1839 1455 non

439 1485 562 1523 alicui
588 1484 819 1538 promissum
844 1486 929 1537 jam
959 1485 1018 1528 sit.
1051 1486 1269 1538 reliquerit.
1315 1487 1420 1523 Cum
1451 1485 1544 1531 hoc,
1578 1486 1707 1523 Patres
1738 1498 1836 1523 con-

442 1552 591 1604 scripti,
624 1551 744 1597 bello,
777 1551 883 1589 bello
910 1551 1087 1604 inquam,
1120 1552 1400 1590 decertandum
1432 1551 1499 1597 est,
1531 1551 1651 1604 idque
1683 1550 1838 1590 confes-

444 1620 518 1656 tim
537 1633 546 1656 :
580 1618 801 1670 legatorum
824 1618 981 1656 tarditas
1003 1619 1243 1671 repudianda
1265 1618 1334 1656 est.

499 1686 768 1737 Qapropter,
801 1698 849 1722 ne
870 1685 997 1722 multa
1018 1686 1132 1723 nobis
1154 1685 1331 1736 quotidie
1353 1684 1595 1728 decernenda
1615 1685 1714 1730 fint‚·
1743 1697 1841 1722 con-

445 1750 595 1788 sulibus
632 1759 756 1788 totam
792 1751 1082 1803 rempublicam
1116 1750 1472 1789 commendandam
1508 1750 1644 1789 censeo
1660 1779 1670 1795 ‚
1701 1749 1842 1802 hisque

444 1815 773 1872 permittendum,
806 1825 849 1852 ut
871 1816 1161 1867 rempublicam
1182 1815 1410 1861 defendant,
1442 1816 1766 1868 provideantque,
1794 1828 1842 1852 ne

443 1882 542 1931 quid
564 1881 784 1933 respublica
804 1880 1033 1919 detrimenti
1053 1882 1220 1933 accipiat
1240 1896 1248 1919 :
1283 1882 1514 1933 censeoque,
1547 1891 1590 1919 ut
1615 1882 1678 1926 iis,
1710 1881 1777 1933 qui
1801 1881 1841 1918 in

442 1947 620 1985 exercitu
653 1947 821 1984 Antonii
855 1946 958 1991 sunt,
991 1949 1039 1984 ne
1071 1947 1117 1984 sit
1148 1961 1192 1985 ea
1223 1961 1281 1984 res
1314 1946 1457 1992 fraudi,
1489 1948 1515 1984 si
1537 1956 1625 1985 ante
1647 1946 1841 1985 Kalendas

447 2014 566 2051 Febr.
589 2014 636 2050 ab
658 2026 703 2050 eo
724 2012 975 2050 discesserint.
1014 2013 1113 2051 Haec
1135 2013 1160 2051 fi
1182 2013 1425 2058 censueritis,
1458 2013 1591 2051 Patres
1612 2013 1840 2065 conscripti,

446 2080 556 2116 brevi
596 2088 772 2131 tempore
811 2078 1035 2116 libertatem
1075 2079 1214 2132 populi
1255 2079 1454 2123 Romani,
1491 2078 1843 2130 auffi‘toritatemque

447 2144 624 2189 vestram,
658 2144 937 2196 recuperabitis
957 2159 965 2182 ε
1000 2144 1052 2181 fin
1075 2155 1207 2182 autem
1228 2145 1356 2183 lenius
1378 2144 1515 2197 agetis,
1538 2154 1668 2182 tamen
1690 2144 1840 2189 eadem,

447 2211 511 2250 sed
543 2209 696 2248 fortaffe
728 2209 863 2255 serius,
896 2209 1127 2248 decernetis.
1173 2211 1235 2248 De
1268 2211 1472 2264 republica
1501 2210 1608 2263 quod
1640 2209 1840 2255 retulistis,

448 2277 536 2316 satis
559 2276 764 2314 decreviffe
785 2276 933 2327 videor.

503 2343 622 2381 XIII.
655 2342 791 2380 Altera
812 2356 869 2379 res
891 2342 944 2380 cst
965 2342 1012 2380 de
1032 2341 1251 2381 honoribus
1271 2359 1279 2381 ι
1314 2344 1361 2381 de
1388 2343 1533 2397 quibus
1562 2342 1747 2395 deinceps
1778 2342 1841 2380 in-

449 2409 588 2461 telligo
609 2407 681 2445 effe
701 2407 931 2446 dicendum.
956 2407 1043 2452 Sed,
1066 2409 1135 2460 qui
1157 2408 1253 2446 ordo
1274 2409 1315 2446 in
1337 2409 1539 2447 sententiis
1561 2408 1742 2462 rogandiS
1764 2408 1842 2446 ser-

448 2476 528 2514 vari
551 2474 660 2519 solet,
679 2475 847 2513 eundem
870 2475 1012 2514 tenebo
1029 2475 1070 2513 in
1087 2476 1179 2514 viris
1196 2474 1367 2515 fortibus
1389 2475 1643 2516 honorandis.
1668 2476 1704 2514 A
1721 2476 1844 2514 Bruto
