2076 2860
623 121 1197 160 PHILIPPICA
1275 122 1370 161 VII.
1617 123 1687 176 381

301 223 466 277 flagitari
486 225 498 262 ?
530 225 596 261 cui
617 237 709 262 cum
731 223 856 276 pridie
877 223 1102 275 frequentes
1123 223 1247 261 effetis
1269 224 1413 269 affenfi,
1445 224 1628 277 postridie
1650 225 1695 261 ad

302 291 410 343 spem
431 290 517 328 estis
539 291 696 327 inanem
718 291 823 342 pacis
846 289 1036 327 devoluti.
1071 291 1203 341 Qam
1221 299 1333 343 turpe
1350 304 1466 343 porro
1482 291 1549 336 est,
1568 291 1695 343 legio-

303 370 370 395 nes
391 357 438 394 ad
460 356 635 394 senatum
657 356 803 407 legatos
826 356 997 400 mittere,
1016 355 1192 393 senatum
1209 356 1255 394 ad
1276 358 1529 395 Antonium?
1554 359 1694 409 Qan-

302 436 422 474 quam
438 422 506 459 illa
522 422 665 474 legatio
682 435 761 459 non
778 421 855 459 est:
880 421 1126 459 denuntiatio
1143 421 1209 467 est,
1229 431 1407 474 paratum
1429 423 1490 460 illi
1511 424 1694 469 exitium,

302 489 373 526 nisi
396 489 566 541 paruerit
587 487 682 526 huic
712 488 855 526 ordini.
901 488 1012 540 Qid
1042 487 1160 526 refert
1179 489 1191 526 ?
1225 498 1355 527 tamen
1376 490 1512 541 opinio
1533 490 1585 527 est
1606 504 1695 542 gra-

302 555 413 593 vior:
447 555 578 592 missos
611 556 718 592 enim
752 555 898 607 legatos
932 567 1068 592 omnes
1101 554 1264 600 vident3
1298 555 1444 594 decreti
1477 555 1589 594 vestri
1618 571 1697 594 non

301 633 438 659 omnes
459 621 576 658 verba
596 630 804 658 noverunt.

358 687 410 724 V.
445 687 669 724 Retinenda
687 686 740 724 est
770 687 892 738 igitur
913 686 1023 723 vobis
1045 686 1273 731 constantia,
1305 688 1487 739 gravitas,
1520 688 1696 740 perseve—

303 753 441 790 rantia.
486 751 713 803 Repetenda
734 751 786 788 est
807 761 917 789 vetus
940 751 1008 788 illa
1028 751 1205 789 severitas
1226 767 1234 789 ε
1268 752 1460 804 siquidem
1490 755 1698 791 auctoritas

304 818 456 855 senatus
479 817 611 862 decus,
644 817 899 861 honestatem,
932 816 1103 862 laudem,
1136 817 1451 870 dignitatemque
1482 818 1695 858 defiderat:

304 884 450 935 quibus
473 884 587 921 rebus
609 882 676 921 hic
697 883 792 921 ordo
813 883 938 920 caruit
966 883 1139 920 nimium
1164 883 1246 921 diu.
1293 884 1364 921 Sed
1397 894 1475 922 erat
1504 894 1599 923 tunc
1627 899 1697 923 ex-

305 949 452 987 cusatio
484 949 684 1001 oppreffiS,
716 949 854 987 misera
884 948 954 987 illa
983 948 1161 1001 quidem,
1194 949 1257 987 sed
1283 959 1411 988 tamen
1429 951 1558 1003 justa:
1591 965 1699 990 nunc

304 1016 415 1053 nulla
445 1015 512 1053 est.
561 1015 736 1053 Liberati
772 1025 859 1052 tum
894 1015 1002 1067 regio
1037 1016 1243 1054 dominatu
1277 1016 1509 1055 videbamur
1528 1033 1536 1056 ;
1569 1018 1700 1057 multo

304 1080 434 1134 postea
453 1081 608 1133 gravius
631 1081 868 1133 urgebamur
888 1081 1006 1118 armis
1027 1080 1264 1119 domesticis.
1299 1083 1357 1120 Ea
1379 1083 1458 1135 ipsa
1474 1083 1701 1136 depulimus

304 1159 376 1184 nos
399 1145 589 1198 quidem5
618 1145 681 1183 sed
701 1145 971 1198 extorquenda
990 1145 1093 1183 sunt.
1128 1146 1249 1198 Qod
1270 1146 1296 1184 fi
1318 1160 1396 1184 non
1418 1148 1618 1200 possumus
1640 1148 1700 1186 fa-

305 1226 392 1250 cere
415 1212 577 1264 (dicam,
597 1211 704 1264 quod
725 1212 893 1264 dignum
914 1211 967 1249 est
988 1222 1025 1249 et
1047 1212 1234 1258 senatore,
1253 1222 1290 1250 et
1311 1213 1494 1252 Romano
1516 1214 1697 1267 homine)

305 1292 539 1316 moriamur.

363 1346 523 1396 Qanta
543 1344 651 1382 enim
671 1345 745 1382 erit
767 1343 833 1382 illa
854 1343 1080 1396 reipublicae
1104 1343 1325 1397 turpitudo,
1358 1356 1553 1398 quantum
1581 1349 1701 1387 dede-

307 1424 392 1456 cus,
424 1420 569 1463 quanta
596 1410 715 1454 labes,
748 1409 876 1448 dicere
908 1412 947 1447 in
969 1409 1046 1447 hoc
1068 1409 1204 1447 ordine
1226 1410 1458 1450 sententiam
1479 1413 1543 1451 M.
1568 1415 1700 1453 Anto-

306 1477 420 1515 nium
441 1476 635 1514 consulari
655 1476 776 1514 loco?
808 1477 921 1528 cujus
950 1485 992 1513 ut
1020 1476 1203 1514 omittam
1231 1478 1535 1516 innumerabilia
1562 1479 1703 1518 scelera

307 1542 448 1580 urbani
468 1541 707 1586 consulatus,
740 1542 779 1578 in
803 1555 881 1593 quo
902 1541 1111 1593 pecuniam
1132 1541 1336 1593 publicam
1358 1544 1572 1581 maximam
1593 1545 1700 1582 diffi-

307 1608 429 1660 pavit,
461 1607 594 1645 exules
616 1607 693 1644 fine
713 1607 798 1658 lege
820 1606 1001 1651 restituit,
1034 1607 1237 1658 vectigalia
1259 1608 1448 1653 vendidit,
1480 1611 1701 1661 provincias

307 1674 354 1712 de
386 1673 526 1726 populi
559 1673 731 1710 Romani
765 1673 931 1724 imperio
967 1672 1140 1717 sustulit,
1174 1687 1292 1725 regna
1325 1674 1476 1712 addixit
1510 1677 1699 1727 pecunia,

308 1739 412 1791 leges
434 1739 585 1776 civitati
607 1752 675 1790 per
696 1739 776 1775 vim
797 1737 1000 1790 imposuit,
1023 1739 1140 1775 armis
1162 1748 1228 1776 aut
1249 1739 1415 1784 obsedit,
1434 1749 1499 1777 aut
1521 1741 1699 1786 exclusit,

308 1804 485 1842 senatum
505 1819 515 1842 z
548 1814 591 1841 ut
612 1802 709 1848 haec,
741 1804 919 1855 inquam,
952 1803 1136 1840 omittam
1156 1818 1163 1841 ε
1197 1817 1245 1841 ne
1266 1803 1343 1842 hoc
1365 1804 1527 1856 quidem
1549 1807 1701 1858 cogita-

309 1871 376 1917 tis,
412 1884 518 1915 eum,
555 1871 625 1923 qui
661 1870 880 1914 Mutinam,
913 1869 1111 1907 coloniam
1146 1870 1286 1922 populi
1321 1871 1494 1908 Romani
1529 1871 1701 1911 firmiffi-

307 1951 441 1983 mam,
473 1937 711 1989 oppugnarit
727 1966 737 1981 ,
775 1936 1052 1988 imperatorem
1091 1936 1230 1988 populi
1266 1937 1465 1982 Romani,
1501 1939 1703 1978 consulem

310 2003 575 2055 designatum,
607 2002 821 2046 obsederit,
854 2001 1114 2053 depopulatus
1147 2016 1258 2054 agros
1293 2003 1359 2047 fit,
1390 2002 1499 2041 hunc
1535 2006 1575 2042 in
1612 2019 1703 2045 eum

310 2068 491 2107 ordinem
522 2069 659 2120 recipi,
691 2081 711 2104 a
737 2081 816 2118 quo
838 2068 952 2104 toties
975 2067 1026 2104 ob
1047 2066 1115 2105 has
1138 2068 1236 2120 ipsas
1258 2068 1386 2106 causas
1408 2067 1528 2108 hostis
1545 2071 1702 2123 judica-

312 2143 375 2172 tus
398 2134 457 2178 fit,
488 2146 609 2185 quam
629 2132 782 2170 foedum
805 2132 1121 2185 flagitiosumque
1143 2133 1187 2171 s1t
1207 2134 1220 2171 ?

371 2198 469 2236 Satis
491 2197 619 2235 multa
643 2197 690 2235 de
719 2197 979 2249 turpitudine.
1025 2199 1169 2237 Dicam
1197 2198 1395 2252 deincepS,
1428 2209 1471 2238 ut
1502 2201 1701 2254 proposui,

313 2265 361 2302 de
382 2263 558 2316 periculo
577 2278 585 2301 :
611 2263 718 2315 quod
739 2264 805 2301 etfi
827 2264 958 2302 minus
979 2264 1032 2302 est
1052 2264 1303 2316 fugiendum,
1327 2278 1446 2318 quam
1468 2267 1673 2320 turpitudo
1691 2286 1702 2313 3

314 2340 445 2369 tamen
467 2329 634 2367 offendit
654 2330 804 2367 animos
828 2331 984 2381 majoris
1005 2332 1126 2383 partis
1146 2331 1360 2369 hominum
1382 2334 1520 2385 magis.

361 2397 434 2436 VI.
459 2396 642 2435 Poteritis
659 2396 782 2450 igitur
797 2397 1039 2450 exploratam
1055 2396 1197 2436 habere
1212 2411 1364 2451 pacem,
1380 2412 1473 2437 cum
1490 2399 1530 2437 in
1547 2399 1704 2439 ciyitate
