2076 2860
1048 168 1282 223 [370]

503 594 623 668 M.
752 590 1815 669 ANTONIUM

828 828 936 866 AD
1014 827 1482 880 QUIRlTES

787 1049 1363 1089 PHILIPPICA
1440 1051 1520 1090 VI.

453 1270 486 1308 Ι.
642 1269 680 1306 U
697 1269 734 1307 D
751 1266 768 1307 I
784 1270 821 1307 T
835 1270 872 1306 A
901 1268 1014 1306 vobis
1035 1267 1107 1306 effe
1127 1268 1310 1313 arbitror,
1343 1267 1537 1319 Qirstes,
1569 1281 1656 1321 quae
1677 1267 1751 1306 sint
1770 1270 1854 1306 aeta

662 1335 704 1373 in
726 1334 873 1379 senatu,
905 1347 992 1386 quae
1010 1332 1134 1372 fuerit
1155 1334 1346 1387 cujusque
1367 1334 1572 1373 sententia.
1617 1334 1697 1372 Res
1727 1334 1851 1380 enim,

449 1417 498 1440 ex
529 1402 699 1441 Kalend.
723 1402 812 1452 Jan.
845 1400 1004 1453 agitata,
1036 1400 1154 1453 paulo
1181 1410 1271 1439 ante
1291 1400 1471 1439 conscita
1489 1400 1570 1439 est:
1603 1401 1735 1439 minus
1758 1401 1851 1454 qui-

450 1468 541 1507 dem
571 1469 640 1506 illa
669 1467 810 1512 severe,
842 1480 962 1519 quam
994 1466 1143 1512 decuit,
1176 1480 1257 1505 non
1289 1475 1420 1505 tamen
1452 1466 1619 1505 omnino
1652 1466 1848 1506 dissolute.

449 1534 569 1572 Mora
597 1533 650 1571 est
679 1533 795 1571 allata
824 1532 946 1578 bello,
978 1546 1059 1571 non
1080 1532 1192 1571 causa
1212 1532 1376 1571 sublata.
1421 1532 1710 1584 Qamobrem,
1742 1533 1851 1585 quod

448 1601 627 1653 quaefivit
653 1614 675 1638 a
705 1613 770 1638 me
802 1600 848 1638 P.
872 1599 1084 1652 Apuleius,
1115 1598 1240 1637 homo
1271 1609 1310 1638 et
1342 1599 1481 1637 multis
1511 1599 1652 1637 officiis
1681 1597 1784 1637 mihi
1811 1609 1851 1638 et

449 1667 602 1706 summa
622 1666 891 1705 familiaritate
911 1667 1164 1719 conjunCtuS,
1186 1675 1226 1704 et
1245 1665 1358 1704 vobis
1379 1665 1633 1704 amieiffimus
1652 1684 1663 1711 3
1696 1666 1752 1703 ita
1771 1665 1850 1704 res-

448 1734 648 1786 pondebo,
682 1742 726 1771 ut
746 1747 802 1777 ea,
835 1733 982 1785 quibus
1005 1746 1085 1771 non
1107 1731 1355 1778 interfuistis,
1387 1732 1491 1771 noffe
1511 1731 1677 1785 poffitis.

506 1799 631 1836 Causa
659 1797 879 1836 fortiffimis
909 1798 1151 1850 optimisque
1176 1797 1410 1836 consulibus
1443 1798 1631 1836 Kalendis
1652 1796 1848 1849 Januariis

449 1864 496 1901 de
512 1863 720 1916 ‘republica
740 1864 919 1916 primum
940 1862 1133 1900 referendi
1154 1862 1234 1901 fuit
1253 1876 1302 1901 ex
1323 1877 1383 1908 eo,
1409 1863 1521 1915 *quod
1543 1877 1652 1901 X111.
1676 1862 1846 1901 Kalend.

447 1931 608 1981 Januar.
641 1929 794 1967 senatus
815 1943 879 1967 me
900 1930 1055 1966 auftore
1075 1929 1265 1968 decrevit.
1311 1930 1373 1967 Eo
1394 1928 1456 1966 die
1477 1929 1669 1982 primum,
1702 1928 1845 1980 Qiri-

448 2006 520 2041 tes,
553 1995 812 2034 fundamenta
826 1997 928 2048 jae‘ta
948 1994 1039 2033 sunt
1059 1994 1289 2048 reipublicae
1308 2010 1316 2033 z
1349 1994 1429 2032 fuit
1449 1995 1558 2033 enim
1579 1995 1701 2047 longo
1721 1995 1846 2033 inter—

447 2062 550 2100 vallo
570 2062 625 2100 ita
644 2061 745 2100 liber
764 2061 933 2106 senatus,
957 2070 1001 2099 ut
1021 2075 1088 2100 vos
1110 2061 1322 2114 aliquando
1341 2061 1458 2099 liberi
1478 2061 1618 2100 effetis.
1642 2062 1736 2113 Qo
1752 2061 1845 2112 qui—

446 2129 536 2167 dem
558 2138 749 2180 tempore,
773 2129 890 2166 etiam
912 2127 939 2165 s1
961 2128 1028 2166 ille
1049 2128 1130 2166 dies
1153 2128 1241 2166 vitae
1263 2127 1384 2166 finem
1405 2127 1507 2166 mihi
1528 2127 1716 2167 allaturus
1737 2126 1843 2173 estet,

446 2195 534 2233 satis
555 2208 745 2247 magnum
766 2207 947 2247 ceperam
966 2193 1158 2239 frustum,
1189 2207 1282 2232 cum
1312 2207 1379 2232 vos
1412 2194 1576 2233 univerfi
1608 2207 1685 2232 una
1707 2202 1841 2233 mente

445 2272 562 2314 atque
594 2275 688 2300 voce
721 2261 866 2299 iterum
893 2274 914 2298 a
940 2274 1003 2298 me
1031 2260 1297 2299 conservatam
1325 2260 1398 2299 effe
1426 2260 1716 2314 rempublicam
1744 2273 1843 2298 con-

442 2328 653 2366 clamastis.
701 2328 793 2365 Hoc
826 2326 950 2365 vestro
977 2327 1133 2378 judicio
1163 2336 1272 2365 tanto
1304 2336 1464 2380 tamque
1485 2327 1670 2380 praeclaro
1692 2326 1843 2365 excita-

443 2404 522 2439 tus,
555 2395 609 2432 ita
631 2393 817 2432 Kalendis
839 2394 1033 2444 Januariis
1067 2394 1155 2432 veni
1189 2393 1230 2431 in
1259 2392 1450 2439 senatum,
1485 2403 1528 2431 ut
1560 2391 1839 2437 meminissem,

442 2475 565 2514 quam
585 2461 787 2514 personam
809 2460 1033 2514 impositam
1054 2474 1074 2499 a
1094 2460 1206 2500 vobis
1230 2459 1470 2499 sustinerem.
1514 2461 1666 2513 Itaque,
1689 2457 1841 2497 bellum
