2076 2860
470 212 548 264 456
823 208 899 247 IN
958 207 1021 245 M.
1085 206 1510 246 ANTONIUM

470 315 509 352 Si
530 313 619 352 ess‘et
635 312 828 365 jugulata,
862 323 1067 362 nunquam
1088 318 1294 362 exurgeret
1312 325 1321 348 ε
1355 310 1462 363 quod
1483 311 1557 348 tibi
1589 310 1743 363 tuisque
1763 324 1862 350 con-

469 381 594 432 tingat
615 380 621 416 !
658 380 802 421 Utrum,
832 378 980 429 inquit,
1011 377 1217 428 elegantius.
1262 377 1390 429 Atqui
1410 376 1487 415 hoc
1510 377 1615 415 bello
1636 377 1683 416 de
1703 378 1861 430 elegan-

468 447 521 483 tia
545 445 744 497 quaeritur.
789 445 843 482 Et
855 442 1029 496 partibus
1049 442 1185 481 utilius.
1231 443 1378 487 Partes,
1410 442 1568 488 furiose,
1601 443 1790 482 dicuntur
1820 445 1863 482 in

465 511 567 556 foro,
591 512 631 548 in
653 511 774 549 curia.
799 509 957 547 Bellum
979 518 1115 546 contra
1134 509 1302 561 patriam
1323 508 1520 547 nefarium
1541 509 1761 563 suscepisti:
1786 524 1860 563 op-

463 591 614 631 pugnas
637 578 843 615 Mutinam
862 592 870 614 :
904 575 1165 614 circumsedes
1187 575 1391 613 consulem
1413 575 1657 628 designatum
1676 592 1684 615 :
1709 577 1863 616 bellum

463 654 601 683 contra
621 653 658 682 te
679 644 757 682 duo
778 643 955 682 consules
984 651 1141 695 gerunt,
1174 655 1347 694 cumque
1378 641 1440 680 his
1474 657 1544 695 pro
1576 653 1739 696 praetore
1772 645 1861 682 Cae-

464 711 520 750 sar
539 726 547 749 :
581 713 722 749 cuneta
741 719 877 748 contra
899 719 935 746 te
957 709 1069 747 Italia
1089 718 1235 747 armata
1255 708 1321 746 est.
1367 709 1459 747 Istas
1492 719 1534 747 tu
1564 718 1690 762 partes
1712 710 1860 762 potius,

461 791 584 830 quam
616 791 636 815 a
667 777 817 831 populo
850 777 1032 814 Romano
1057 774 1335 820 defectionem,
1368 777 1513 813 vocas?
1545 776 1675 814 Potius
1696 774 1865 815 Trebonii

461 853 621 888 mortem,
641 856 745 896 quam
763 842 930 895 Caesaris,
946 842 1202 894 petfi’quamur
1215 842 1235 879 ,Ρ
1257 841 1453 879 Trebonii
1475 841 1562 880 satis
1580 842 1773 894 persecuti
1793 843 1857 881 su-

462 923 567 955 mus,
598 908 706 947 hoste
722 908 901 961 judicato
923 907 1159 946 Dolabella:
1195 907 1353 945 Caesaris
1380 920 1484 945 mors
1507 906 1698 946 facillime
1719 907 1857 946 defen-

462 976 570 1014 ditur
597 975 798 1013 oblivione
830 983 869 1012 et
902 974 1069 1012 filentio.
1115 972 1188 1010 Sed
1209 973 1352 1018 videte,
1384 973 1481 1026 quid
1503 974 1704 1013 moliatur.
1753 975 1860 1013 Cum

462 1051 634 1080 mortem
656 1040 813 1079 Caesaris
836 1039 1101 1078 ulciscendam
1122 1047 1261 1091 putat;
1294 1048 1464 1077 mortem
1493 1040 1681 1092 proponit
1708 1053 1788 1078 non
1810 1041 1857 1078 iis

459 1108 603 1153 solum,
635 1108 703 1160 qui
725 1106 836 1145 illam
857 1120 940 1144 rem
960 1105 1168 1158 gesserunt,
1196 1104 1260 1142 sed
1280 1105 1327 1142 iis
1349 1105 1483 1150 etiam,
1507 1106 1576 1158 qui
1597 1119 1676 1144 non
1698 1105 1857 1144 moleste

457 1176 652 1213 tulerunt.

512 1242 631 1280 XIX.
656 1240 793 1293 Qibus
807 1240 889 1279 utri
901 1238 1054 1292 nqstruln
1070 1238 1260 1277 ceciderint
1271 1238 1370 1277 lucro
1370 1239 1551 1290 futurum
1567 1238 1624 1291 cst.
1643 1238 1854 1292 Qodspec-

458 1309 618 1347 taculum
638 1307 754 1346 adhuc
773 1306 850 1359 ipsa
864 1307 1029 1358 fortuna
1059 1304 1217 1350 vitavit,
1248 1319 1291 1343 ne
1310 1304 1450 1343 videret
1469 1305 1574 1343 unius
1593 1305 1750 1357 corporis
1767 1306 1856 1345 duas

455 1375 563 1419 acies,
595 1374 721 1428 lang‘sta
752 1373 931 1418 Cicerone,
960 1372 1197 1415 dimicantem
1237 1371 1301 1424 qui
1325 1371 1430 1424 usque
1458 1386 1492 1410 eo
1506 1371 1607 1424 filix
1635 1371 1693 1423 est,
1724 1381 1767 1410 ut
1794 1371 1856 1425 iis-

455 1440 531 1479 dem
560 1440 776 1479 ornamentis
801 1438 974 1492 deceperit
1002 1453 1079 1483 vos,
1110 1437 1236 1491 quibus
1266 1437 1447 1490 deceptum
1482 1437 1661 1491 Caefizrem
1676 1438 1856 1490 gloriatus

455 1506 513 1560 cst.
558 1508 692 1559 Pergit
719 1507 761 1544 in
782 1520 870 1544 mea
890 1504 1111 1549 maledicta,
1143 1504 1248 1557 quasi
1270 1517 1360 1542 vero
1381 1505 1416 1542 ei
1436 1503 1705 1557 pulcherrime
1724 1505 1855 1558 priora

453 1574 706 1626 processerint
724 1588 733 1611 :
767 1586 886 1625 quem
911 1585 984 1624 ego
1004 1570 1182 1609 inustum
1201 1570 1404 1609 veriffimis
1425 1570 1728 1610 maledictorum
1748 1572 1853 1609 notis

454 1640 604 1678 tradam
625 1638 839 1678 hominum
859 1637 1060 1677 memoriae
1081 1637 1339 1690 sempiternae.
1387 1638 1475 1689 Ego
1495 1636 1621 1689 lanssa
1642 1636 1661 1675 ?
1691 1646 1730 1676 et
1759 1638 1852 1690 qui·-

453 1705 546 1744 dem
566 1720 647 1744 non
672 1706 885 1758 infipiens:
918 1704 1128 1743 deteriores
1159 1703 1266 1742 enim
1294 1704 1472 1756 jugulari
1504 1704 1638 1756 cupio,
1670 1704 1852 1743 meliores

452 1773 624 1809 vincere.
671 1772 761 1810 Utri
776 1769 978 1814 ceciderint,
1011 1769 1147 1808 scribit
1175 1769 1286 1807 lucro
1308 1769 1423 1807 nobis
1445 1769 1643 1808 futurum.
1689 1770 1726 1807 O
1748 1784 1850 1823 prae-

454 1837 605 1875 clarum
626 1837 783 1874 lucrum
804 1836 810 1873 !
845 1849 940 1888 quo,
972 1844 1011 1873 te
1041 1836 1201 1880 victore,
1237 1835 1362 1887 (quod
1390 1836 1461 1873 Dii
1482 1849 1600 1873 omen
1625 1845 1798 1874 avertant
1817 1836 1847 1887 !)

454 1903 566 1941 beata
585 1916 690 1941 mors
719 1915 856 1940 eorum
884 1901 1104 1952 futura'fit,
1135 1902 1205 1953 qui
1237 1915 1256 1938 e
1284 1902 1364 1939 vita
1394 1901 1622 1940 excess‘erint
1654 1902 1732 1939 fine
1765 1911 1847 1940 tor-

453 1971 616 2010 mentis.

510 2039 547 2075 A
581 2051 643 2076 me
675 2037 858 2090 deceptos
891 2038 944 2075 ait
971 2037 1117 2075 eisdem
1137 2035 1353 2075 ornamentis
1375 2036 1557 2074 Hirtium
1579 2044 1618 2074 et
1640 2036 1844 2076 Caesarem.

453 2103 589 2155 Qod,
621 2103 763 2156 quaeso,
795 2103 923 2141 adhuc
951 2117 972 2141 a
998 2117 1061 2141 me
1082 2102 1135 2141 est
1157 2103 1355 2140 tributum
1377 2103 1515 2140 Hirtio
1535 2112 1812 2141 oruamentum
1832 2104 1846 2141 ?

451 2183 544 2209 nam
565 2169 704 2208 Caesari
724 2170 838 2223 plura
857 2180 895 2208 et
912 2171 1056 2222 majora
1072 2170 1279 2208 debentur.
1305 2170 1530 2222 Deceptum
1547 2178 1678 2207 autem
1695 2179 1847 2222 patrem

449 2250 472 2274 a
492 2251 555 2276 me
577 2237 767 2276 Caesarem
788 2237 916 2275 dicere
936 2237 1051 2274 audes
1069 2238 1081 2274 ?
1115 2238 1196 2281 Tu,
1230 2246 1287 2281 tu,
1320 2236 1497 2288 inquam,
1530 2236 1647 2274 illum
1668 2235 1846 2274 occidisti

450 2304 766 2356 Lupercalibus:
799 2305 927 2356 cujus,
959 2302 1081 2341 homo
1103 2303 1371 2355 ingratissime,
1405 2303 1627 2341 flaminium
1654 2317 1724 2340 cur
1751 2303 1843 2340 reli—

448 2369 567 2422 quisti
586 2371 599 2408 ?
633 2370 705 2408 Sed
720 2372 805 2423 jam
826 2369 954 2408 videte
973 2369 1108 2422 magni
1134 2378 1172 2407 et
1193 2369 1287 2407 clari
1314 2369 1387 2406 viri
1414 2368 1686 2407 admirabilem
1713 2367 1843 2421 gravi-

446 2446 570 2476 tatem
591 2446 708 2490 atque
728 2436 1000 2475 constantiam.

505 2503 609 2542 Mihi
624 2503 759 2557 quidem
784 2502 932 2557 constat,
962 2517 1026 2541 nec
1044 2517 1155 2541 meam
1172 2502 1431 2547 contumeliam,
1453 2516 1515 2540 nec
1533 2500 1839 2553 me0rmn‚fi’rre;

445 2584 510 2611 nec
527 2570 681 2625 deserere
691 2579 835 2625 partes,
866 2584 955 2625 quas
973 2569 1161 2623 Pompeius
1179 2568 1308 2614 odivit,
1338 2583 1401 2609 nec
1418 2566 1846 2621 veteranosstdibusfids
