2076 2860
719 126 1417 197 FfoGMENTA.
1684 122 1759 172 481

369 244 499 297 legem
520 237 805 292 accipiendam,
836 247 957 287 quam
986 230 1033 270 ad
1062 229 1258 281 collegam
1284 224 1527 265 reddendum
1549 223 1762 276 privatum,

372 312 477 349 intro
497 319 662 346 vocare:
694 317 780 356 quae
806 303 867 341 vir
894 298 1027 343 fortis,
1057 296 1178 348 hujus
1208 294 1374 346 collega,
1407 291 1535 331 Aulus
1566 289 1764 328 Gabinius

371 376 412 413 in
434 388 473 412 re
500 373 652 426 optima
680 369 777 408 fecit
807 367 968 411 omnia3
1002 377 1144 416 neque,
1176 375 1270 400 cum
1301 359 1464 398 salutem
1496 356 1646 410 populo
1678 356 1764 394 Ro-

371 453 503 486 mano,
535 447 652 491 atque
685 435 871 474 omnibus
904 430 1090 485 gentibus
1124 428 1245 466 finem
1279 426 1475 464 diuturnae
1509 422 1764 476 captivitatis,

371 504 648 560 turpitudiniS,
671 512 709 541 et
730 500 926 540 servitutis
947 497 1116 541 afferret,
1133 493 1257 547 paffus
1278 492 1346 539 est,
1365 491 1454 545 plus
1471 490 1587 529 unius
1605 488 1766 541 collegae

373 573 444 619 sui,
477 584 597 625 quam
618 567 803 608 universae
824 565 1009 609 civitatis,
1040 574 1179 601 vocem
1199 559 1324 599 valere
1344 567 1384 597 et
1403 556 1663 596 voluntatem.

427 640 485 678 At
504 638 611 676 enim
632 636 679 674 de
699 632 928 687 corrigenda
947 631 1033 683 lege
1054 627 1288 666 retulerunt.

430 704 556 749 Idem,
589 702 659 740 nifi
689 700 774 739 haec
807 699 887 753 ipsa
917 696 997 742 Iex,
1028 706 1148 748 quam
1181 693 1231 730 C.
1258 689 1470 729 Cornelius
1501 687 1611 731 tulit,
1642 684 1765 724 obsti-

375 770 491 815 tiffet,
524 767 772 806 decrevissem
798 765 853 810 id,
885 762 992 817 quod
1023 760 1150 814 palam
1166 759 1251 811 jam
1271 756 1333 795 isti
1354 753 1572 793 defensores
1589 751 1766 804 judicio-

376 850 464 874 rum
487 841 775 888 pugnaverunt,
809 830 955 869 senatui
987 841 1066 866 non
1098 825 1250 878 placere
1278 822 1321 860 id
1345 819 1548 874 judicium
1579 817 1626 856 de
1655 816 1769 868 Sylla:

376 903 491 941 bonis
514 901 612 939 fieri.
655 900 788 951 Qam
817 910 891 950 ego
911 893 1065 933 causam
1085 892 1203 944 longe
1223 889 1335 928 aliter
1355 895 1497 940 praetor
1517 886 1558 923 in
1579 883 1771 922 concione

377 966 550 1011 defendi,
582 979 675 1004 cum
705 963 746 1002 id
772 962 959 1005 dicerem,
991 957 1100 1012 quod
1131 955 1252 995 iidem
1277 953 1434 1007 judices
1466 950 1595 1004 postea
1625 949 1768 987 statue-

376 1042 484 1078 runt,
510 1031 711 1085 judicium
733 1029 902 1082 aequiore
924 1035 1101 1078 tempore
1121 1022 1205 1061 fieri
1225 1029 1420 1074 oportere.

938 1196 1213 1234 STATIM.

438 1327 567 1364 Antea
585 1337 676 1362 vero
697 1335 817 1376 quam
846 1319 1064 1358 multarum
1096 1327 1227 1353 rerum
1253 1311 1406 1366 judicia
1436 1309 1587 1348 sublata
1616 1308 1706 1352 fint,
1735 1314 1776 1345 et

382 1393 475 1446 quia
507 1391 628 1435 scitis,
657 1398 860 1442 praetereo,
890 1395 929 1425 et
959 1398 1007 1423 ne
1036 1395 1157 1438 quem
1184 1379 1442 1433 injudicium
1462 1376 1587 1415 oratio
1607 1387 1693 1413 mea
1713 1387 1773 1411 re-

383 1472 520 1500 vocare
541 1458 731 1498 videatur.

860 1623 1075 1661 PAULO
1129 1629 1299 1656 POST.

444 1756 540 1795 Non
576 1754 653 1792 Cn.
685 1748 894 1790 Dolabella
933 1748 982 1785 C.
1011 1744 1257 1787 Volcatium,
1287 1738 1600 1779 honestiffimum
1633 1735 1778 1779 virum,

388 1820 596 1861 communi
617 1827 654 1857 et
676 1816 907 1870 quotidiano
923 1815 1011 1866 jure
1032 1808 1225 1864 privaffet.

444 1889 541 1928 Non
563 1886 734 1938 denique
754 1883 877 1921 homo
898 1881 1061 1919 illorum
1089 1886 1127 1915 et
1153 1876 1233 1914 vita
1264 1882 1303 1911 et
1335 1869 1542 1925 prudentia
1562 1869 1680 1920 longe
1701 1865 1778 1904 dis-

390 1955 551 1999 fimilis,
584 1952 647 1990 sed
682 1960 810 1989 tamen
848 1947 966 1985 nimis
1003 1946 1043 1983 in
1079 1939 1336 1995 gratificando
1366 1939 1454 1991 jure
1489 1935 1612 1979 liber,
1644 1935 1693 1972 L.
1719 1933 1781 1970 Si-

392 2022 521 2065 senna,
553 2019 749 2056 bonorum
782 2018 858 2052 Cn.
885 2011 1062 2050 Cornelii
1091 2007 1356 2061 poffeffionem
1387 2017 1435 2041 ex
1469 2002 1597 2040 edi&0
1632 2000 1699 2038 suo
1734 1998 1779 2036 P.

394 2086 583 2139 Scipioni,
615 2080 851 2120 adolescenti
887 2078 1039 2116 summa
1074 2073 1294 2117 nobilitate,
1325 2069 1472 2108 eximia
1504 2069 1649 2106 virtute
1682 2077 1781 2118 prat«

394 2152 492 2196 dito,
525 2148 699 2187 dedisset.

451 2219 597 2268 Qare,
629 2227 723 2252 cum
744 2212 941 2250 ambitum
963 2208 1133 2263 populus
1156 2207 1360 2244 Romanus
1381 2200 1543 2245 videret,
1575 2207 1613 2236 et
1642 2208 1735 2234 cum
1764 2207 1785 2231 a

397 2283 592 2322 Tribunis
621 2280 747 2332 plebis
776 2279 995 2320 doceretur,
1028 2274 1097 2313 nifi
1130 2285 1246 2326 poena
1276 2267 1480 2308 acceffiffet
1513 2267 1552 2304 in
1585 2261 1782 2305 divisores,

397 2347 578 2400 extingui
609 2345 721 2384 nullo
753 2344 872 2382 modo
903 2341 1021 2395 poffe,
1053 2340 1182 2391 legem
1214 2337 1314 2375 hanc
1349 2332 1527 2372 Cornelii
1559 2327 1783 2382 flagitabat3

398 2416 524 2458 illam,
557 2426 642 2466 quae
662 2425 709 2449 ex
731 2407 1090 2449 senatus-consulto
1110 2404 1321 2446 ferebatur,
1353 2398 1597 2451 repudiabat.

481 2481 549 2519 To
563 2491 614 2518 M.
647 2478 682 2515 V
689 2477 722 2517 I.
1348 2466 1377 2503 P
1408 2478 1432 2517 p
1463 2477 1488 2515 p
