<?xml version="1.0" encoding="UTF-8"?>
<!DOCTYPE html PUBLIC "-//W3C//DTD XHTML 1.0 Transitional//EN"
    "http://www.w3.org/TR/xhtml1/DTD/xhtml1-transitional.dtd">
<html xmlns="http://www.w3.org/1999/xhtml" xml:lang="en" lang="en">
 <head>
  <title>
</title>
<meta http-equiv="Content-Type" content="text/html;charset=utf-8" />
  <meta name='ocr-system' content='tesseract 3.04.00' />
  <meta name='ocr-capabilities' content='ocr_page ocr_carea ocr_par ocr_line ocrx_word'/>
</head>
<body>
  <div class='ocr_page' id='page_1' title='image "./operacumindicibu06ciceuoft_0031.png"; bbox 0 0 2076 2860; ppageno 0'>
   <div class='ocr_carea' id='block_1_1' title="bbox 723 159 1734 204">
    <p class='ocr_par' dir='ltr' id='par_1_1' title="bbox 723 159 1734 204">
     <span class='ocr_line' id='line_1_1' title="bbox 723 159 1734 204; baseline -0.009 0"><span class='ocrx_word' id='word_1_1' title='bbox 723 163 864 204; x_wconf 91' lang='lat' dir='ltr'>PRO</span> <span class='ocrx_word' id='word_1_2' title='bbox 927 161 974 200; x_wconf 89' lang='lat' dir='ltr'>P.</span> <span class='ocrx_word' id='word_1_3' title='bbox 1038 159 1331 199; x_wconf 88' lang='lat' dir='ltr'><strong>SEXTIO.</strong></span> <span class='ocrx_word' id='word_1_4' title='bbox 1689 169 1734 196; x_wconf 91' lang='lat'>21</span> 
     </span>
    </p>
   </div>
   <div class='ocr_carea' id='block_1_2' title="bbox 321 254 1758 2505">
    <p class='ocr_par' dir='ltr' id='par_1_2' title="bbox 321 254 1739 1374">
     <span class='ocr_line' id='line_1_2' title="bbox 361 254 1730 316; baseline -0.013 -7"><span class='ocrx_word' id='word_1_5' title='bbox 361 269 646 309; x_wconf 83' lang='lat' dir='ltr'>Memineram</span> <span class='ocrx_word' id='word_1_6' title='bbox 660 294 671 310; x_wconf 86' lang='lat'>,</span> <span class='ocrx_word' id='word_1_7' title='bbox 699 263 861 316; x_wconf 86' lang='lat' dir='ltr'>Judices</span> <span class='ocrx_word' id='word_1_8' title='bbox 876 291 886 307; x_wconf 91' lang='lat'>,</span> <span class='ocrx_word' id='word_1_9' title='bbox 919 260 1102 298; x_wconf 88' lang='lat' dir='ltr'>divinum</span> <span class='ocrx_word' id='word_1_10' title='bbox 1124 257 1242 295; x_wconf 89' lang='lat' dir='ltr'>illum</span> <span class='ocrx_word' id='word_1_11' title='bbox 1264 257 1395 294; x_wconf 87' lang='lat' dir='ltr'>virum</span> <span class='ocrx_word' id='word_1_12' title='bbox 1409 285 1420 301; x_wconf 89' lang='lat'><strong>,</strong></span> <span class='ocrx_word' id='word_1_13' title='bbox 1452 264 1572 308; x_wconf 87' lang='lat' dir='ltr'>atque</span> <span class='ocrx_word' id='word_1_14' title='bbox 1593 268 1639 293; x_wconf 82' lang='lat' dir='ltr'>ex</span> <span class='ocrx_word' id='word_1_15' title='bbox 1663 254 1730 292; x_wconf 86' lang='lat' dir='ltr'>iis-</span> 
     </span>
     <span class='ocr_line' id='line_1_3' title="bbox 323 320 1731 388; baseline -0.013 -12"><span class='ocrx_word' id='word_1_16' title='bbox 323 338 428 382; x_wconf 83' lang='lat' dir='ltr'>dem,</span> <span class='ocrx_word' id='word_1_17' title='bbox 462 335 609 388; x_wconf 89' lang='lat' dir='ltr'>quibus</span> <span class='ocrx_word' id='word_1_18' title='bbox 640 345 727 376; x_wconf 76' lang='lat' dir='ltr'>nos,</span> <span class='ocrx_word' id='word_1_19' title='bbox 760 328 960 369; x_wconf 85' lang='lat' dir='ltr'>radicibus</span> <span class='ocrx_word' id='word_1_20' title='bbox 982 335 1122 365; x_wconf 88' lang='lat' dir='ltr'>natum</span> <span class='ocrx_word' id='word_1_21' title='bbox 1143 325 1192 362; x_wconf 88' lang='lat' dir='ltr'>ad</span> <span class='ocrx_word' id='word_1_22' title='bbox 1214 323 1379 362; x_wconf 84' lang='lat' dir='ltr'>salutem</span> <span class='ocrx_word' id='word_1_23' title='bbox 1403 322 1562 375; x_wconf 84' lang='lat' dir='ltr'>imperii</span> <span class='ocrx_word' id='word_1_24' title='bbox 1594 320 1731 373; x_wconf 83' lang='lat' dir='ltr'>hujus,</span> 
     </span>
     <span class='ocr_line' id='line_1_4' title="bbox 323 388 1731 445; baseline -0.013 -3"><span class='ocrx_word' id='word_1_25' title='bbox 323 405 373 442; x_wconf 87' lang='lat' dir='ltr'>C.</span> <span class='ocrx_word' id='word_1_26' title='bbox 398 402 592 445; x_wconf 88' lang='lat' dir='ltr'>Marium,</span> <span class='ocrx_word' id='word_1_27' title='bbox 611 398 766 436; x_wconf 88' lang='lat' dir='ltr'>summa</span> <span class='ocrx_word' id='word_1_28' title='bbox 786 396 998 438; x_wconf 61' lang='lat' dir='ltr'>senectute,</span> <span class='ocrx_word' id='word_1_29' title='bbox 1017 404 1112 430; x_wconf 92' lang='lat' dir='ltr'>cum</span> <span class='ocrx_word' id='word_1_30' title='bbox 1133 391 1216 428; x_wconf 84' lang='lat' dir='ltr'>vim</span> <span class='ocrx_word' id='word_1_31' title='bbox 1237 402 1360 442; x_wconf 82' lang='lat' dir='ltr'>prope</span> <span class='ocrx_word' id='word_1_32' title='bbox 1377 388 1575 441; x_wconf 86' lang='lat' dir='ltr'>justorum</span> <span class='ocrx_word' id='word_1_33' title='bbox 1598 401 1731 425; x_wconf 85' lang='lat' dir='ltr'>armo-</span> 
     </span>
     <span class='ocr_line' id='line_1_5' title="bbox 322 454 1729 522; baseline -0.013 -13"><span class='ocrx_word' id='word_1_34' title='bbox 322 483 412 508; x_wconf 85' lang='lat' dir='ltr'>rum</span> <span class='ocrx_word' id='word_1_35' title='bbox 442 465 675 522; x_wconf 83' lang='lat' dir='ltr'>profugiffet</span> <span class='ocrx_word' id='word_1_36' title='bbox 689 494 701 511; x_wconf 86' lang='lat'>,</span> <span class='ocrx_word' id='word_1_37' title='bbox 734 464 865 517; x_wconf 89' lang='lat' dir='ltr'>primo</span> <span class='ocrx_word' id='word_1_38' title='bbox 887 461 1007 500; x_wconf 85' lang='lat' dir='ltr'>senile</span> <span class='ocrx_word' id='word_1_39' title='bbox 1027 472 1171 512; x_wconf 86' lang='lat' dir='ltr'>corpus</span> <span class='ocrx_word' id='word_1_40' title='bbox 1193 456 1406 510; x_wconf 80' lang='lat' dir='ltr'>paludibus</span> <span class='ocrx_word' id='word_1_41' title='bbox 1428 454 1638 494; x_wconf 86' lang='lat' dir='ltr'>occultaffe</span> <span class='ocrx_word' id='word_1_42' title='bbox 1659 454 1729 493; x_wconf 88' lang='lat' dir='ltr'>de-</span> 
     </span>
     <span class='ocr_line' id='line_1_6' title="bbox 321 521 1731 580; baseline -0.012 -5"><span class='ocrx_word' id='word_1_43' title='bbox 321 536 524 580; x_wconf 90' lang='lat' dir='ltr'>mersum;</span> <span class='ocrx_word' id='word_1_44' title='bbox 561 532 703 572; x_wconf 87' lang='lat' dir='ltr'>deinde</span> <span class='ocrx_word' id='word_1_45' title='bbox 735 530 782 569; x_wconf 91' lang='lat' dir='ltr'>ad</span> <span class='ocrx_word' id='word_1_46' title='bbox 817 529 1051 567; x_wconf 87' lang='lat' dir='ltr'>infimorum</span> <span class='ocrx_word' id='word_1_47' title='bbox 1083 539 1127 564; x_wconf 87' lang='lat' dir='ltr'>ac</span> <span class='ocrx_word' id='word_1_48' title='bbox 1160 523 1478 563; x_wconf 87' lang='lat' dir='ltr'>tenuiffimorum</span> <span class='ocrx_word' id='word_1_49' title='bbox 1513 521 1731 560; x_wconf 87' lang='lat' dir='ltr'>hominum</span> 
     </span>
     <span class='ocr_line' id='line_1_7' title="bbox 324 589 1729 645; baseline -0.013 -4"><span class='ocrx_word' id='word_1_50' title='bbox 324 601 548 641; x_wconf 85' lang='lat' dir='ltr'>Minturnis</span> <span class='ocrx_word' id='word_1_51' title='bbox 583 595 892 638; x_wconf 84' lang='lat' dir='ltr'>misericordiam</span> <span class='ocrx_word' id='word_1_52' title='bbox 925 591 1174 645; x_wconf 79' lang='lat' dir='ltr'>confugiffe3</span> <span class='ocrx_word' id='word_1_53' title='bbox 1208 590 1299 628; x_wconf 88' lang='lat' dir='ltr'>inde</span> <span class='ocrx_word' id='word_1_54' title='bbox 1332 589 1491 640; x_wconf 80' lang='lat' dir='ltr'>navigio</span> <span class='ocrx_word' id='word_1_55' title='bbox 1524 601 1729 641; x_wconf 87' lang='lat' dir='ltr'>perparvo,</span> 
     </span>
     <span class='ocr_line' id='line_1_8' title="bbox 324 654 1732 719; baseline -0.013 -11"><span class='ocrx_word' id='word_1_56' title='bbox 324 683 418 708; x_wconf 91' lang='lat' dir='ltr'>cum</span> <span class='ocrx_word' id='word_1_57' title='bbox 439 680 577 707; x_wconf 89' lang='lat' dir='ltr'>omnes</span> <span class='ocrx_word' id='word_1_58' title='bbox 600 675 738 719; x_wconf 85' lang='lat' dir='ltr'>portus</span> <span class='ocrx_word' id='word_1_59' title='bbox 760 662 957 714; x_wconf 87' lang='lat' dir='ltr'>terrasque</span> <span class='ocrx_word' id='word_1_60' title='bbox 977 660 1148 713; x_wconf 84' lang='lat' dir='ltr'>fugeret,</span> <span class='ocrx_word' id='word_1_61' title='bbox 1185 658 1226 694; x_wconf 89' lang='lat' dir='ltr'>in</span> <span class='ocrx_word' id='word_1_62' title='bbox 1248 669 1332 694; x_wconf 84' lang='lat' dir='ltr'>oras</span> <span class='ocrx_word' id='word_1_63' title='bbox 1354 655 1501 693; x_wconf 83' lang='lat' dir='ltr'>Africae</span> <span class='ocrx_word' id='word_1_64' title='bbox 1523 654 1732 692; x_wconf 85' lang='lat' dir='ltr'>desertiffi-</span> 
     </span>
     <span class='ocr_line' id='line_1_9' title="bbox 324 721 1730 789; baseline -0.014 -13"><span class='ocrx_word' id='word_1_65' title='bbox 324 750 407 775; x_wconf 82' lang='lat' dir='ltr'>mas</span> <span class='ocrx_word' id='word_1_66' title='bbox 429 733 657 789; x_wconf 83' lang='lat' dir='ltr'>perveniffe.</span> <span class='ocrx_word' id='word_1_67' title='bbox 682 733 818 783; x_wconf 85' lang='lat' dir='ltr'><strong>Atque</strong></span> <span class='ocrx_word' id='word_1_68' title='bbox 839 730 909 767; x_wconf 87' lang='lat' dir='ltr'>ille</span> <span class='ocrx_word' id='word_1_69' title='bbox 928 728 1051 766; x_wconf 86' lang='lat' dir='ltr'>vitam</span> <span class='ocrx_word' id='word_1_70' title='bbox 1074 726 1197 769; x_wconf 86' lang='lat' dir='ltr'>suam,</span> <span class='ocrx_word' id='word_1_71' title='bbox 1222 737 1270 761; x_wconf 91' lang='lat' dir='ltr'>ne</span> <span class='ocrx_word' id='word_1_72' title='bbox 1292 722 1445 760; x_wconf 81' lang='lat' dir='ltr'>inultus</span> <span class='ocrx_word' id='word_1_73' title='bbox 1467 721 1573 766; x_wconf 75' lang='lat' dir='ltr'>effer,</span> <span class='ocrx_word' id='word_1_74' title='bbox 1597 721 1643 758; x_wconf 87' lang='lat' dir='ltr'>ad</span> <span class='ocrx_word' id='word_1_75' title='bbox 1666 721 1730 758; x_wconf 89' lang='lat' dir='ltr'>in-</span> 
     </span>
     <span class='ocr_line' id='line_1_10' title="bbox 325 787 1733 852; baseline -0.012 -11"><span class='ocrx_word' id='word_1_76' title='bbox 325 802 579 841; x_wconf 84' lang='lat' dir='ltr'>certiffimam</span> <span class='ocrx_word' id='word_1_77' title='bbox 600 799 723 852; x_wconf 90' lang='lat' dir='ltr'>spem,</span> <span class='ocrx_word' id='word_1_78' title='bbox 742 806 780 835; x_wconf 89' lang='lat' dir='ltr'>et</span> <span class='ocrx_word' id='word_1_79' title='bbox 801 796 848 833; x_wconf 87' lang='lat' dir='ltr'>ad</span> <span class='ocrx_word' id='word_1_80' title='bbox 869 793 1098 846; x_wconf 88' lang='lat' dir='ltr'>reipublicae</span> <span class='ocrx_word' id='word_1_81' title='bbox 1118 790 1278 834; x_wconf 86' lang='lat' dir='ltr'>statum,</span> <span class='ocrx_word' id='word_1_82' title='bbox 1298 788 1524 827; x_wconf 75' lang='lat' dir='ltr'>reservavit:</span> <span class='ocrx_word' id='word_1_83' title='bbox 1549 801 1637 840; x_wconf 84' lang='lat' dir='ltr'>ego,</span> <span class='ocrx_word' id='word_1_84' title='bbox 1661 787 1733 839; x_wconf 87' lang='lat' dir='ltr'>qui</span> 
     </span>
     <span class='ocr_line' id='line_1_11' title="bbox 329 854 1733 922; baseline -0.014 -14"><span class='ocrx_word' id='word_1_85' title='bbox 329 865 688 922; x_wconf 85' lang='lat' dir='ltr'>(quemadmodum</span> <span class='ocrx_word' id='word_1_86' title='bbox 710 862 836 901; x_wconf 85' lang='lat' dir='ltr'>multi.</span> <span class='ocrx_word' id='word_1_87' title='bbox 853 862 894 898; x_wconf 91' lang='lat' dir='ltr'>in</span> <span class='ocrx_word' id='word_1_88' title='bbox 916 860 1064 904; x_wconf 73' lang='lat' dir='ltr'>senam,</span> <span class='ocrx_word' id='word_1_89' title='bbox 1097 871 1161 896; x_wconf 90' lang='lat' dir='ltr'>me</span> <span class='ocrx_word' id='word_1_90' title='bbox 1181 856 1354 901; x_wconf 83' lang='lat' dir='ltr'>absente,</span> <span class='ocrx_word' id='word_1_91' title='bbox 1387 854 1592 904; x_wconf 84' lang='lat' dir='ltr'>dixerunt)</span> <span class='ocrx_word' id='word_1_92' title='bbox 1626 854 1733 906; x_wconf 86' lang='lat' dir='ltr'>peri·</span> 
     </span>
     <span class='ocr_line' id='line_1_12' title="bbox 327 920 1734 987; baseline -0.012 -13"><span class='ocrx_word' id='word_1_93' title='bbox 327 936 420 974; x_wconf 92' lang='lat' dir='ltr'>culo</span> <span class='ocrx_word' id='word_1_94' title='bbox 442 932 670 987; x_wconf 66' lang='lat' dir='ltr'>reipublicae</span> <span class='ocrx_word' id='word_1_95' title='bbox 691 929 873 969; x_wconf 83' lang='lat' dir='ltr'>vivebam</span> <span class='ocrx_word' id='word_1_96' title='bbox 887 958 897 973; x_wconf 96' lang='lat'>,</span> <span class='ocrx_word' id='word_1_97' title='bbox 931 927 1082 980; x_wconf 87' lang='lat' dir='ltr'>quique</span> <span class='ocrx_word' id='word_1_98' title='bbox 1104 925 1155 963; x_wconf 93' lang='lat' dir='ltr'>ob</span> <span class='ocrx_word' id='word_1_99' title='bbox 1177 937 1262 962; x_wconf 85' lang='lat' dir='ltr'>eam</span> <span class='ocrx_word' id='word_1_100' title='bbox 1285 922 1439 960; x_wconf 80' lang='lat' dir='ltr'>causam</span> <span class='ocrx_word' id='word_1_101' title='bbox 1461 920 1734 959; x_wconf 83' lang='lat' dir='ltr'>consularibus</span> 
     </span>
     <span class='ocr_line' id='line_1_13' title="bbox 328 987 1733 1041; baseline -0.013 1"><span class='ocrx_word' id='word_1_102' title='bbox 328 1003 452 1041; x_wconf 83' lang='lat' dir='ltr'>literis</span> <span class='ocrx_word' id='word_1_103' title='bbox 486 1001 533 1039; x_wconf 92' lang='lat' dir='ltr'>de</span> <span class='ocrx_word' id='word_1_104' title='bbox 566 999 719 1038; x_wconf 85' lang='lat' dir='ltr'>senatus</span> <span class='ocrx_word' id='word_1_105' title='bbox 752 996 945 1035; x_wconf 82' lang='lat' dir='ltr'>sententia</span> <span class='ocrx_word' id='word_1_106' title='bbox 975 993 1119 1032; x_wconf 81' lang='lat' dir='ltr'>exteris</span> <span class='ocrx_word' id='word_1_107' title='bbox 1151 991 1380 1030; x_wconf 84' lang='lat' dir='ltr'>nationibus</span> <span class='ocrx_word' id='word_1_108' title='bbox 1411 987 1733 1032; x_wconf 79' lang='lat' dir='ltr'>commendabas,</span> 
     </span>
     <span class='ocr_line' id='line_1_14' title="bbox 328 1053 1735 1114; baseline -0.013 -6"><span class='ocrx_word' id='word_1_109' title='bbox 328 1082 476 1114; x_wconf 88' lang='lat' dir='ltr'>nonne,</span> <span class='ocrx_word' id='word_1_110' title='bbox 508 1067 534 1105; x_wconf 88' lang='lat' dir='ltr'>fi</span> <span class='ocrx_word' id='word_1_111' title='bbox 556 1078 687 1105; x_wconf 83' lang='lat' dir='ltr'>meam</span> <span class='ocrx_word' id='word_1_112' title='bbox 707 1063 829 1102; x_wconf 87' lang='lat' dir='ltr'>vitam</span> <span class='ocrx_word' id='word_1_113' title='bbox 852 1059 1114 1104; x_wconf 86' lang='lat' dir='ltr'>deseruiffem,</span> <span class='ocrx_word' id='word_1_114' title='bbox 1138 1057 1428 1110; x_wconf 82' lang='lat' dir='ltr'>rempublicam</span> <span class='ocrx_word' id='word_1_115' title='bbox 1451 1053 1735 1108; x_wconf 84' lang='lat' dir='ltr'>prodidiffem?</span> 
     </span>
     <span class='ocr_line' id='line_1_15' title="bbox 331 1121 1736 1188; baseline -0.013 -14"><span class='ocrx_word' id='word_1_116' title='bbox 331 1137 377 1174; x_wconf 93' lang='lat' dir='ltr'>In</span> <span class='ocrx_word' id='word_1_117' title='bbox 400 1149 481 1188; x_wconf 88' lang='lat' dir='ltr'>quo</span> <span class='ocrx_word' id='word_1_118' title='bbox 502 1133 666 1187; x_wconf 91' lang='lat' dir='ltr'>quidem</span> <span class='ocrx_word' id='word_1_119' title='bbox 689 1143 811 1175; x_wconf 89' lang='lat' dir='ltr'>nunc,</span> <span class='ocrx_word' id='word_1_120' title='bbox 844 1142 908 1166; x_wconf 90' lang='lat' dir='ltr'>me</span> <span class='ocrx_word' id='word_1_121' title='bbox 930 1127 1124 1171; x_wconf 89' lang='lat' dir='ltr'>restituto,</span> <span class='ocrx_word' id='word_1_122' title='bbox 1157 1125 1255 1162; x_wconf 86' lang='lat' dir='ltr'>vivit</span> <span class='ocrx_word' id='word_1_123' title='bbox 1277 1136 1437 1161; x_wconf 84' lang='lat' dir='ltr'>mecum</span> <span class='ocrx_word' id='word_1_124' title='bbox 1460 1121 1575 1159; x_wconf 79' lang='lat' dir='ltr'>simul</span> <span class='ocrx_word' id='word_1_125' title='bbox 1598 1132 1736 1158; x_wconf 79' lang='lat' dir='ltr'>exem-</span> 
     </span>
     <span class='ocr_line' id='line_1_16' title="bbox 331 1178 1739 1256; baseline -0.013 -15"><span class='ocrx_word' id='word_1_126' title='bbox 331 1203 446 1256; x_wconf 90' lang='lat' dir='ltr'>plum</span> <span class='ocrx_word' id='word_1_127' title='bbox 467 1200 559 1240; x_wconf 90' lang='lat' dir='ltr'>fidei</span> <span class='ocrx_word' id='word_1_128' title='bbox 580 1198 766 1253; x_wconf 88' lang='lat' dir='ltr'>publicae,</span> <span class='ocrx_word' id='word_1_129' title='bbox 798 1195 1031 1248; x_wconf 87' lang='lat' dir='ltr'>exemplum</span> <span class='ocrx_word' id='word_1_130' title='bbox 1061 1191 1290 1245; x_wconf 67' lang='lat' dir='ltr'>reipublicae</span> <span class='ocrx_word' id='word_1_131' title='bbox 1313 1178 1596 1227; x_wconf 70' lang='lat' dir='ltr'>defendendae&#39;:</span> <span class='ocrx_word' id='word_1_132' title='bbox 1630 1185 1739 1239; x_wconf 89' lang='lat' dir='ltr'>quod</span> 
     </span>
     <span class='ocr_line' id='line_1_17' title="bbox 333 1253 1739 1315; baseline -0.013 -7"><span class='ocrx_word' id='word_1_133' title='bbox 333 1270 359 1308; x_wconf 80' lang='lat' dir='ltr'>si</span> <span class='ocrx_word' id='word_1_134' title='bbox 381 1267 606 1307; x_wconf 84' lang='lat' dir='ltr'>immortale</span> <span class='ocrx_word' id='word_1_135' title='bbox 627 1266 820 1304; x_wconf 84' lang='lat' dir='ltr'>retinetur</span> <span class='ocrx_word' id='word_1_136' title='bbox 835 1293 846 1308; x_wconf 88' lang='lat'>‚</span> <span class='ocrx_word' id='word_1_137' title='bbox 879 1262 968 1315; x_wconf 88' lang='lat' dir='ltr'>quis</span> <span class='ocrx_word' id='word_1_138' title='bbox 991 1275 1070 1299; x_wconf 90' lang='lat' dir='ltr'>non</span> <span class='ocrx_word' id='word_1_139' title='bbox 1094 1258 1310 1310; x_wconf 78' lang='lat' dir='ltr'>intelligit,</span> <span class='ocrx_word' id='word_1_140' title='bbox 1344 1255 1613 1294; x_wconf 80' lang='lat' dir='ltr'>immortalem</span> <span class='ocrx_word' id='word_1_141' title='bbox 1636 1253 1739 1292; x_wconf 88' lang='lat' dir='ltr'>hanc</span> 
     </span>
     <span class='ocr_line' id='line_1_18' title="bbox 333 1332 767 1374; baseline -0.012 0"><span class='ocrx_word' id='word_1_142' title='bbox 333 1336 535 1374; x_wconf 85' lang='lat' dir='ltr'>civitatem</span> <span class='ocrx_word' id='word_1_143' title='bbox 558 1333 733 1371; x_wconf 87' lang='lat' dir='ltr'>futuram</span> <span class='ocrx_word' id='word_1_144' title='bbox 753 1332 767 1369; x_wconf 83' lang='lat'>?</span> 
     </span>
    </p>

    <p class='ocr_par' dir='ltr' id='par_1_3' title="bbox 328 1388 1758 2238">
     <span class='ocr_line' id='line_1_19' title="bbox 391 1388 1738 1445; baseline -0.013 -4"><span class='ocrx_word' id='word_1_145' title='bbox 391 1402 550 1440; x_wconf 92' lang='lat' dir='ltr'>XXIII.</span> <span class='ocrx_word' id='word_1_146' title='bbox 584 1400 692 1438; x_wconf 86' lang='lat' dir='ltr'>Nam</span> <span class='ocrx_word' id='word_1_147' title='bbox 727 1405 887 1436; x_wconf 79' lang='lat' dir='ltr'>externa</span> <span class='ocrx_word' id='word_1_148' title='bbox 922 1394 1026 1432; x_wconf 90' lang='lat' dir='ltr'>bella</span> <span class='ocrx_word' id='word_1_149' title='bbox 1061 1404 1200 1445; x_wconf 83' lang='lat' dir='ltr'>regum</span> <span class='ocrx_word' id='word_1_150' title='bbox 1217 1421 1227 1435; x_wconf 94' lang='lat'>‚</span> <span class='ocrx_word' id='word_1_151' title='bbox 1259 1390 1442 1442; x_wconf 84' lang='lat' dir='ltr'>gentium</span> <span class='ocrx_word' id='word_1_152' title='bbox 1459 1419 1469 1434; x_wconf 91' lang='lat'>,</span> <span class='ocrx_word' id='word_1_153' title='bbox 1504 1388 1711 1426; x_wconf 84' lang='lat' dir='ltr'>nationum</span> <span class='ocrx_word' id='word_1_154' title='bbox 1726 1415 1738 1431; x_wconf 85' lang='lat'><em>,</em></span> 
     </span>
     <span class='ocr_line' id='line_1_20' title="bbox 328 1457 1740 1522; baseline -0.013 -14"><span class='ocrx_word' id='word_1_155' title='bbox 328 1468 570 1522; x_wconf 86' lang='lat' dir='ltr'>jampridem</span> <span class='ocrx_word' id='word_1_156' title='bbox 592 1467 646 1504; x_wconf 89' lang='lat' dir='ltr'>ita</span> <span class='ocrx_word' id='word_1_157' title='bbox 665 1465 840 1504; x_wconf 65' lang='lat' dir='ltr'>extinsta</span> <span class='ocrx_word' id='word_1_158' title='bbox 860 1462 964 1506; x_wconf 87' lang='lat' dir='ltr'>sunt,</span> <span class='ocrx_word' id='word_1_159' title='bbox 984 1469 1028 1498; x_wconf 92' lang='lat' dir='ltr'>ut</span> <span class='ocrx_word' id='word_1_160' title='bbox 1049 1458 1232 1513; x_wconf 83' lang='lat' dir='ltr'>praeclare</span> <span class='ocrx_word' id='word_1_161' title='bbox 1254 1471 1347 1495; x_wconf 86' lang='lat' dir='ltr'>cum</span> <span class='ocrx_word' id='word_1_162' title='bbox 1369 1457 1416 1494; x_wconf 77' lang='lat' dir='ltr'>iis</span> <span class='ocrx_word' id='word_1_163' title='bbox 1439 1467 1616 1507; x_wconf 76' lang='lat' dir='ltr'>agamus,</span> <span class='ocrx_word' id='word_1_164' title='bbox 1640 1466 1740 1505; x_wconf 88' lang='lat' dir='ltr'>quos</span> 
     </span>
     <span class='ocr_line' id='line_1_21' title="bbox 334 1518 1743 1588; baseline -0.013 -14"><span class='ocrx_word' id='word_1_165' title='bbox 334 1544 491 1588; x_wconf 85' lang='lat' dir='ltr'>pacatos</span> <span class='ocrx_word' id='word_1_166' title='bbox 525 1533 597 1572; x_wconf 83' lang='lat' dir='ltr'>effe</span> <span class='ocrx_word' id='word_1_167' title='bbox 630 1532 841 1585; x_wconf 85' lang='lat' dir='ltr'>patiamur.</span> <span class='ocrx_word' id='word_1_168' title='bbox 880 1529 1068 1579; x_wconf 87' lang='lat' dir='ltr'>Denique</span> <span class='ocrx_word' id='word_1_169' title='bbox 1100 1540 1147 1563; x_wconf 80' lang='lat' dir='ltr'>ex</span> <span class='ocrx_word' id='word_1_170' title='bbox 1182 1524 1325 1562; x_wconf 84' lang='lat' dir='ltr'>bellica</span> <span class='ocrx_word' id='word_1_171' title='bbox 1353 1522 1516 1559; x_wconf 58' lang='lat' dir='ltr'>victoria</span> <span class='ocrx_word' id='word_1_172' title='bbox 1547 1534 1626 1558; x_wconf 91' lang='lat' dir='ltr'>non</span> <span class='ocrx_word' id='word_1_173' title='bbox 1660 1518 1743 1556; x_wconf 84' lang='lat' dir='ltr'>fere</span> 
     </span>
     <span class='ocr_line' id='line_1_22' title="bbox 335 1586 1742 1654; baseline -0.014 -14"><span class='ocrx_word' id='word_1_174' title='bbox 335 1613 581 1654; x_wconf 88' lang='lat' dir='ltr'>quemquam</span> <span class='ocrx_word' id='word_1_175' title='bbox 602 1599 655 1636; x_wconf 89' lang='lat' dir='ltr'>est</span> <span class='ocrx_word' id='word_1_176' title='bbox 677 1597 826 1635; x_wconf 87' lang='lat' dir='ltr'>invidia</span> <span class='ocrx_word' id='word_1_177' title='bbox 846 1595 997 1632; x_wconf 86' lang='lat' dir='ltr'>civium</span> <span class='ocrx_word' id='word_1_178' title='bbox 1018 1592 1242 1630; x_wconf 82' lang='lat' dir='ltr'>consecuta.</span> <span class='ocrx_word' id='word_1_179' title='bbox 1277 1588 1516 1626; x_wconf 82' lang='lat' dir='ltr'>Domesticis</span> <span class='ocrx_word' id='word_1_180' title='bbox 1539 1586 1669 1630; x_wconf 80' lang='lat' dir='ltr'>malis,</span> <span class='ocrx_word' id='word_1_181' title='bbox 1702 1594 1742 1622; x_wconf 89' lang='lat' dir='ltr'>et</span> 
     </span>
     <span class='ocr_line' id='line_1_23' title="bbox 336 1654 1753 1710; baseline -0.013 -5"><span class='ocrx_word' id='word_1_182' title='bbox 336 1667 546 1705; x_wconf 85' lang='lat' dir='ltr'>audacium</span> <span class='ocrx_word' id='word_1_183' title='bbox 578 1665 729 1702; x_wconf 84' lang='lat' dir='ltr'>civium</span> <span class='ocrx_word' id='word_1_184' title='bbox 762 1660 960 1704; x_wconf 73' lang='lat' dir='ltr'>confinis,</span> <span class='ocrx_word' id='word_1_185' title='bbox 993 1658 1090 1710; x_wconf 88' lang='lat' dir='ltr'>saepe</span> <span class='ocrx_word' id='word_1_186' title='bbox 1121 1656 1175 1694; x_wconf 90' lang='lat' dir='ltr'>est</span> <span class='ocrx_word' id='word_1_187' title='bbox 1208 1654 1489 1698; x_wconf 73' lang='lat' dir='ltr'>resistendum5</span> <span class='ocrx_word' id='word_1_188' title='bbox 1522 1665 1753 1703; x_wconf 12' lang='lat' dir='ltr'>eorumque?</span> 
     </span>
     <span class='ocr_line' id='line_1_24' title="bbox 337 1721 1739 1786; baseline -0.013 -14"><span class='ocrx_word' id='word_1_189' title='bbox 337 1732 607 1786; x_wconf 87' lang='lat' dir='ltr'>periculorum</span> <span class='ocrx_word' id='word_1_190' title='bbox 623 1729 677 1767; x_wconf 90' lang='lat' dir='ltr'>est</span> <span class='ocrx_word' id='word_1_191' title='bbox 693 1729 734 1766; x_wconf 91' lang='lat' dir='ltr'>in</span> <span class='ocrx_word' id='word_1_192' title='bbox 752 1726 957 1780; x_wconf 83' lang='lat' dir='ltr'>republica</span> <span class='ocrx_word' id='word_1_193' title='bbox 973 1723 1176 1762; x_wconf 89' lang='lat' dir='ltr'>retinenda</span> <span class='ocrx_word' id='word_1_194' title='bbox 1188 1721 1407 1760; x_wconf 81' lang='lat' dir='ltr'>medicina:</span> <span class='ocrx_word' id='word_1_195' title='bbox 1427 1733 1548 1772; x_wconf 88' lang='lat' dir='ltr'>quam</span> <span class='ocrx_word' id='word_1_196' title='bbox 1562 1731 1739 1763; x_wconf 87' lang='lat' dir='ltr'>omnem,</span> 
     </span>
     <span class='ocr_line' id='line_1_25' title="bbox 336 1785 1742 1851; baseline -0.012 -13"><span class='ocrx_word' id='word_1_197' title='bbox 336 1800 499 1851; x_wconf 83' lang='lat' dir='ltr'>Judices</span> <span class='ocrx_word' id='word_1_198' title='bbox 515 1828 526 1843; x_wconf 82' lang='lat'><em>,</em></span> <span class='ocrx_word' id='word_1_199' title='bbox 558 1794 818 1850; x_wconf 70' lang='lat' dir='ltr'>perdidissetis</span> <span class='ocrx_word' id='word_1_200' title='bbox 834 1823 845 1838; x_wconf 91' lang='lat'>,</span> <span class='ocrx_word' id='word_1_201' title='bbox 878 1792 903 1830; x_wconf 88' lang='lat' dir='ltr'>fi</span> <span class='ocrx_word' id='word_1_202' title='bbox 933 1804 1023 1829; x_wconf 91' lang='lat' dir='ltr'>meo</span> <span class='ocrx_word' id='word_1_203' title='bbox 1044 1790 1208 1828; x_wconf 85' lang='lat' dir='ltr'>interitu</span> <span class='ocrx_word' id='word_1_204' title='bbox 1231 1787 1380 1825; x_wconf 83' lang='lat' dir='ltr'>senatui</span> <span class='ocrx_word' id='word_1_205' title='bbox 1402 1786 1633 1839; x_wconf 84' lang='lat' dir='ltr'>populoque</span> <span class='ocrx_word' id='word_1_206' title='bbox 1656 1785 1742 1822; x_wconf 83' lang='lat' dir='ltr'>Ro-</span> 
     </span>
     <span class='ocr_line' id='line_1_26' title="bbox 335 1853 1744 1909; baseline -0.012 -4"><span class='ocrx_word' id='word_1_207' title='bbox 335 1880 454 1906; x_wconf 89' lang='lat' dir='ltr'>mano</span> <span class='ocrx_word' id='word_1_208' title='bbox 475 1864 622 1903; x_wconf 87' lang='lat' dir='ltr'>doloris</span> <span class='ocrx_word' id='word_1_209' title='bbox 644 1863 702 1900; x_wconf 90' lang='lat' dir='ltr'>sui</span> <span class='ocrx_word' id='word_1_210' title='bbox 724 1861 771 1899; x_wconf 92' lang='lat' dir='ltr'>de</span> <span class='ocrx_word' id='word_1_211' title='bbox 792 1874 856 1898; x_wconf 90' lang='lat' dir='ltr'>me</span> <span class='ocrx_word' id='word_1_212' title='bbox 877 1857 1101 1897; x_wconf 88' lang='lat' dir='ltr'>declarandi</span> <span class='ocrx_word' id='word_1_213' title='bbox 1122 1855 1288 1909; x_wconf 85' lang='lat' dir='ltr'>potestas</span> <span class='ocrx_word' id='word_1_214' title='bbox 1310 1854 1401 1892; x_wconf 84' lang='lat' dir='ltr'>effet</span> <span class='ocrx_word' id='word_1_215' title='bbox 1422 1863 1567 1906; x_wconf 87' lang='lat' dir='ltr'>erepta.</span> <span class='ocrx_word' id='word_1_216' title='bbox 1611 1853 1744 1903; x_wconf 80' lang='lat' dir='ltr'>Qare</span> 
     </span>
     <span class='ocr_line' id='line_1_27' title="bbox 336 1918 1743 1977; baseline -0.013 -5"><span class='ocrx_word' id='word_1_217' title='bbox 336 1946 480 1972; x_wconf 91' lang='lat' dir='ltr'>moneo</span> <span class='ocrx_word' id='word_1_218' title='bbox 513 1945 596 1976; x_wconf 84' lang='lat' dir='ltr'>vos,</span> <span class='ocrx_word' id='word_1_219' title='bbox 628 1928 907 1971; x_wconf 80' lang='lat' dir='ltr'>adolescentes,</span> <span class='ocrx_word' id='word_1_220' title='bbox 939 1935 1058 1977; x_wconf 88' lang='lat' dir='ltr'>atque</span> <span class='ocrx_word' id='word_1_221' title='bbox 1090 1923 1168 1961; x_wconf 89' lang='lat' dir='ltr'>hoc</span> <span class='ocrx_word' id='word_1_222' title='bbox 1201 1935 1290 1960; x_wconf 90' lang='lat' dir='ltr'>meo</span> <span class='ocrx_word' id='word_1_223' title='bbox 1315 1922 1404 1973; x_wconf 83' lang='lat' dir='ltr'>jure</span> <span class='ocrx_word' id='word_1_224' title='bbox 1436 1920 1638 1973; x_wconf 84' lang='lat' dir='ltr'>praecipio‚</span> <span class='ocrx_word' id='word_1_225' title='bbox 1673 1918 1743 1970; x_wconf 86' lang='lat' dir='ltr'>qui</span> 
     </span>
     <span class='ocr_line' id='line_1_28' title="bbox 338 1985 1744 2053; baseline -0.012 -14"><span class='ocrx_word' id='word_1_226' title='bbox 338 2001 589 2053; x_wconf 83' lang='lat' dir='ltr'>dignitatem,</span> <span class='ocrx_word' id='word_1_227' title='bbox 623 1997 692 2051; x_wconf 87' lang='lat' dir='ltr'>qui</span> <span class='ocrx_word' id='word_1_228' title='bbox 724 1993 1031 2047; x_wconf 81' lang='lat' dir='ltr'>rempublicam,</span> <span class='ocrx_word' id='word_1_229' title='bbox 1064 1991 1134 2043; x_wconf 89' lang='lat' dir='ltr'>qui</span> <span class='ocrx_word' id='word_1_230' title='bbox 1162 1989 1345 2042; x_wconf 84' lang='lat' dir='ltr'>gloriam,</span> <span class='ocrx_word' id='word_1_231' title='bbox 1379 1987 1587 2040; x_wconf 59' lang='lat' dir='ltr'>spectatis,-</span> <span class='ocrx_word' id='word_1_232' title='bbox 1622 1999 1684 2030; x_wconf 85' lang='lat' dir='ltr'>ne,</span> <span class='ocrx_word' id='word_1_233' title='bbox 1717 1985 1744 2022; x_wconf 83' lang='lat' dir='ltr'>fi</span> 
     </span>
     <span class='ocr_line' id='line_1_29' title="bbox 339 2051 1743 2120; baseline -0.013 -14"><span class='ocrx_word' id='word_1_234' title='bbox 339 2081 416 2120; x_wconf 86' lang='lat' dir='ltr'>qua</span> <span class='ocrx_word' id='word_1_235' title='bbox 436 2080 503 2104; x_wconf 86' lang='lat' dir='ltr'>vos</span> <span class='ocrx_word' id='word_1_236' title='bbox 526 2062 739 2117; x_wconf 84' lang='lat' dir='ltr'>aliquando</span> <span class='ocrx_word' id='word_1_237' title='bbox 762 2060 959 2099; x_wconf 73' lang='lat' dir='ltr'>neceffitas</span> <span class='ocrx_word' id='word_1_238' title='bbox 980 2058 1027 2095; x_wconf 78' lang='lat' dir='ltr'>ad</span> <span class='ocrx_word' id='word_1_239' title='bbox 1050 2056 1339 2109; x_wconf 83' lang='lat' dir='ltr'>rempublicam</span> <span class='ocrx_word' id='word_1_240' title='bbox 1371 2063 1507 2091; x_wconf 82' lang='lat' dir='ltr'>contra</span> <span class='ocrx_word' id='word_1_241' title='bbox 1538 2051 1743 2104; x_wconf 78' lang='lat' dir='ltr'>improbos</span> 
     </span>
     <span class='ocr_line' id='line_1_30' title="bbox 340 2114 1758 2172; baseline -0.013 -5"><span class='ocrx_word' id='word_1_242' title='bbox 340 2131 444 2167; x_wconf 84' lang='lat' dir='ltr'>cives</span> <span class='ocrx_word' id='word_1_243' title='bbox 467 2125 754 2166; x_wconf 85' lang='lat' dir='ltr'>defendendam</span> <span class='ocrx_word' id='word_1_244' title='bbox 777 2121 949 2166; x_wconf 84' lang='lat' dir='ltr'>vocabit,</span> <span class='ocrx_word' id='word_1_245' title='bbox 978 2119 1172 2172; x_wconf 85' lang='lat' dir='ltr'>segniores</span> <span class='ocrx_word' id='word_1_246' title='bbox 1196 2118 1290 2162; x_wconf 80' lang='lat' dir='ltr'>fitis,</span> <span class='ocrx_word' id='word_1_247' title='bbox 1315 2125 1352 2154; x_wconf 89' lang='lat' dir='ltr'>et</span> <span class='ocrx_word' id='word_1_248' title='bbox 1375 2114 1643 2153; x_wconf 85' lang='lat' dir='ltr'>recordatione</span> <span class='ocrx_word' id='word_1_249' title='bbox 1666 2114 1758 2150; x_wconf 80' lang='lat' dir='ltr'>mei-</span> 
     </span>
     <span class='ocr_line' id='line_1_31' title="bbox 340 2186 1121 2238; baseline -0.015 -4"><span class='ocrx_word' id='word_1_250' title='bbox 340 2195 447 2233; x_wconf 82' lang='lat' dir='ltr'>casus</span> <span class='ocrx_word' id='word_1_251' title='bbox 470 2208 490 2232; x_wconf 88' lang='lat' dir='ltr'>a</span> <span class='ocrx_word' id='word_1_252' title='bbox 510 2192 683 2232; x_wconf 77' lang='lat' dir='ltr'>consiliis</span> <span class='ocrx_word' id='word_1_253' title='bbox 706 2189 878 2228; x_wconf 85' lang='lat' dir='ltr'>fortibus</span> <span class='ocrx_word' id='word_1_254' title='bbox 901 2186 1121 2238; x_wconf 75' lang='lat' dir='ltr'>refugiatis.</span> 
     </span>
    </p>

    <p class='ocr_par' dir='ltr' id='par_1_4' title="bbox 344 2247 1747 2505">
     <span class='ocr_line' id='line_1_32' title="bbox 400 2247 1747 2309; baseline -0.012 -10"><span class='ocrx_word' id='word_1_255' title='bbox 400 2262 595 2305; x_wconf 86' lang='lat' dir='ltr'>Primum,</span> <span class='ocrx_word' id='word_1_256' title='bbox 620 2272 698 2296; x_wconf 89' lang='lat' dir='ltr'>non</span> <span class='ocrx_word' id='word_1_257' title='bbox 721 2256 774 2295; x_wconf 86' lang='lat' dir='ltr'>est</span> <span class='ocrx_word' id='word_1_258' title='bbox 796 2254 1035 2309; x_wconf 83' lang='lat' dir='ltr'>periculum,</span> <span class='ocrx_word' id='word_1_259' title='bbox 1066 2266 1114 2290; x_wconf 88' lang='lat' dir='ltr'>ne</span> <span class='ocrx_word' id='word_1_260' title='bbox 1136 2252 1205 2304; x_wconf 86' lang='lat' dir='ltr'>qui</span> <span class='ocrx_word' id='word_1_261' title='bbox 1229 2263 1404 2302; x_wconf 70' lang='lat' dir='ltr'>unquam</span> <span class='ocrx_word' id='word_1_262' title='bbox 1429 2248 1502 2286; x_wconf 78' lang='lat' dir='ltr'>sint</span> <span class='ocrx_word' id='word_1_263' title='bbox 1524 2248 1564 2285; x_wconf 86' lang='lat' dir='ltr'>in</span> <span class='ocrx_word' id='word_1_264' title='bbox 1587 2247 1747 2284; x_wconf 78' lang='lat' dir='ltr'>civitate</span> 
     </span>
     <span class='ocr_line' id='line_1_33' title="bbox 344 2315 1745 2381; baseline -0.013 -14"><span class='ocrx_word' id='word_1_265' title='bbox 344 2328 537 2381; x_wconf 78' lang='lat' dir='ltr'>ejusmodi</span> <span class='ocrx_word' id='word_1_266' title='bbox 558 2325 752 2369; x_wconf 85' lang='lat' dir='ltr'>consules,</span> <span class='ocrx_word' id='word_1_267' title='bbox 780 2322 994 2376; x_wconf 82' lang='lat' dir='ltr'>praesertim</span> <span class='ocrx_word' id='word_1_268' title='bbox 1016 2320 1042 2358; x_wconf 86' lang='lat' dir='ltr'>fi</span> <span class='ocrx_word' id='word_1_269' title='bbox 1065 2320 1138 2357; x_wconf 83' lang='lat' dir='ltr'>erit</span> <span class='ocrx_word' id='word_1_270' title='bbox 1159 2318 1222 2356; x_wconf 72' lang='lat' dir='ltr'>his</span> <span class='ocrx_word' id='word_1_271' title='bbox 1244 2317 1299 2362; x_wconf 85' lang='lat' dir='ltr'>id,</span> <span class='ocrx_word' id='word_1_272' title='bbox 1323 2315 1430 2369; x_wconf 82' lang='lat' dir='ltr'>quod</span> <span class='ocrx_word' id='word_1_273' title='bbox 1453 2315 1631 2359; x_wconf 86' lang='lat' dir='ltr'>debetur,</span> <span class='ocrx_word' id='word_1_274' title='bbox 1655 2327 1745 2365; x_wconf 77' lang='lat' dir='ltr'>pes-</span> 
     </span>
     <span class='ocr_line' id='line_1_34' title="bbox 347 2380 1747 2441; baseline -0.013 -8"><span class='ocrx_word' id='word_1_275' title='bbox 347 2395 535 2433; x_wconf 83' lang='lat' dir='ltr'>solutum.</span> <span class='ocrx_word' id='word_1_276' title='bbox 561 2391 730 2435; x_wconf 84' lang='lat' dir='ltr'>Deinde,</span> <span class='ocrx_word' id='word_1_277' title='bbox 755 2389 962 2441; x_wconf 84' lang='lat' dir='ltr'>nunquam</span> <span class='ocrx_word' id='word_1_278' title='bbox 979 2388 1078 2439; x_wconf 83' lang='lat' dir='ltr'>jam,</span> <span class='ocrx_word' id='word_1_279' title='bbox 1097 2394 1141 2422; x_wconf 86' lang='lat' dir='ltr'>ut</span> <span class='ocrx_word' id='word_1_280' title='bbox 1163 2384 1287 2437; x_wconf 85' lang='lat' dir='ltr'>spero,</span> <span class='ocrx_word' id='word_1_281' title='bbox 1306 2382 1516 2435; x_wconf 79' lang='lat' dir='ltr'>quisquam</span> <span class='ocrx_word' id='word_1_282' title='bbox 1538 2380 1747 2432; x_wconf 77' lang='lat' dir='ltr'>improbus</span> 
     </span>
     <span class='ocr_line' id='line_1_35' title="bbox 346 2445 1746 2505; baseline -0.014 -5"><span class='ocrx_word' id='word_1_283' title='bbox 346 2460 511 2500; x_wconf 78' lang='lat' dir='ltr'>confilio</span> <span class='ocrx_word' id='word_1_284' title='bbox 540 2468 579 2497; x_wconf 91' lang='lat' dir='ltr'>et</span> <span class='ocrx_word' id='word_1_285' title='bbox 605 2457 754 2496; x_wconf 80' lang='lat' dir='ltr'>auxilio</span> <span class='ocrx_word' id='word_1_286' title='bbox 777 2457 974 2494; x_wconf 88' lang='lat' dir='ltr'>bonorum</span> <span class='ocrx_word' id='word_1_287' title='bbox 996 2453 1032 2491; x_wconf 90' lang='lat' dir='ltr'>se</span> <span class='ocrx_word' id='word_1_288' title='bbox 1053 2464 1281 2505; x_wconf 77' lang='lat' dir='ltr'>oppugnare</span> <span class='ocrx_word' id='word_1_289' title='bbox 1304 2447 1592 2501; x_wconf 75' lang='lat' dir='ltr'>rempublicam</span> <span class='ocrx_word' id='word_1_290' title='bbox 1615 2445 1718 2482; x_wconf 71' lang='lat' dir='ltr'>dicet</span> <span class='ocrx_word' id='word_1_291' title='bbox 1735 2473 1746 2488; x_wconf 66' lang='grc'><em>,</em></span> 
     </span>
    </p>
   </div>
  </div>
 </body>
</html>
