2076 2860
342 223 391 262 42
817 206 1262 245 ORATIO

338 311 468 362 jurare
500 323 600 346 unus
634 306 827 351 noluisset,
859 306 905 344 de
935 306 1093 344 civitate
1123 306 1280 351 maluit,
1311 318 1431 358 quam
1459 304 1506 343 de
1527 303 1735 350 sententia,

344 375 556 412 dimoveri:
577 384 656 418 aut,
676 383 718 410 ut
734 382 862 410 vetera
876 372 1071 424 exempla,
1089 385 1261 424 quorum
1277 371 1330 409 est
1346 371 1460 424 copia
1475 371 1594 423 digna
1613 369 1734 422 hujus

345 441 502 492 imperii
523 439 660 491 gloria,
694 438 929 489 relinquam,
962 451 1057 475 neve
1089 450 1226 474 eorum
1255 437 1445 488 aliquem,
1477 436 1548 489 qui
1576 436 1734 480 vivunt,

346 508 572 549 nominem;
598 504 722 556 qualis
737 517 868 555 *nuper
888 503 1129 555 QCatulus
1152 502 1253 540 fuit:
1277 517 1397 555 quem
1419 517 1546 555 neque
1566 502 1736 555 periculi

344 571 546 623 tempestas
563 600 573 615 ,
605 584 732 622 neque
753 568 913 606 honoris
935 583 1024 607 aura
1038 598 1049 614 ,
1081 570 1213 621 potuit
1234 581 1410 621 unquam
1432 570 1479 608 de
1500 569 1568 607 suo
1588 569 1703 607 cursu
1722 597 1735 613 ,

344 647 409 675 aut
431 637 509 688 spe,
541 645 606 673 aut
628 645 752 679 metu,
779 635 991 672 dimovere.

400 694 596 740 XLVIII.
630 701 728 738 Haec
749 700 980 744 imitamini,
1003 712 1071 752 per
1092 700 1197 737 Deos
1220 698 1487 736 immortales!
1511 699 1581 751 qui
1602 697 1739 751 digni-⁴

344 776 482 812 tatem,
514 767 584 819 qui
616 765 788 810 laudem,
819 766 889 817 qui
920 765 1088 817 gloriam
1118 764 1308 817 quaeritis.
1341 764 1441 802 Haec
1470 764 1602 816 ampla
1631 764 1738 808 sunt,

344 833 429 872 haec
449 832 607 877 divina,
638 831 721 870 haec
743 831 1009 869 immortalia:
1040 830 1123 868 haec
1150 829 1256 868 fama
1284 830 1559 874 celebrantur,
1590 842 1739 867 monu-

346 899 492 936 mentis
512 897 714 935 annalium
731 897 980 941 mandantur,
998 896 1213 948 posteritati
1230 904 1509 947 propagantur.
1529 894 1598 932 Est
1613 894 1741 939 labor,

347 978 428 1002 non
441 977 562 1015 nego:
580 963 755 1016 pericula
770 976 925 1015 magna,
943 961 1080 1000 fateor.
1099 962 1237 999 Multae
1248 959 1472 1013 infidiaefimt
1485 959 1602 998 bonis.-
1620 959 1740 998 veris-

349 1030 442 1068 fime
461 1030 613 1068 dietum
629 1029 695 1068 est.
714 1028 793 1074 Sed,
811 1039 847 1067 te
860 1029 908 1074 id,
931 1027 1024 1081 quod
1030 1028 1137 1066 multi
1148 1026 1349 1071 invideant,
1366 1026 1536 1079 multique
1555 1033 1741 1078 expetant,

348 1096 571 1150 Itgscitiastt,
603 1096 749 1148 inquit,
765 1095 954 1148 postulare,
970 1095 1014 1145 st
1028 1102 1070 1133 tu
1089 1093 1240 1132 laborem
1244 1094 1392 1146 summa
1410 1106 1488 1131 cum
1507 1106 1598 1131 cura
1616 1092 1744 1145 qffi’ras

348 1163 496 1201 nullum.
543 1161 654 1200 Idem
674 1161 751 1199 alio
772 1161 862 1199 loco
882 1161 984 1199 dixit
998 1190 1009 1206 ,
1041 1159 1149 1213 quod
1169 1160 1397 1212 exciperent
1417 1158 1591 1211 improbi
1613 1158 1716 1196 cives
1730 1186 1742 1203 ‚

352 1226 521 1271 Oderint,
551 1225 632 1264 dum
651 1235 827 1265 metuant.

408 1293 595 1331 Praeclara
615 1293 721 1330 enim
750 1292 818 1330 illa
847 1301 1039 1344 praecepta
1069 1290 1225 1329 dederat
1252 1289 1482 1342 juventuti:
1515 1288 1579 1326 sed
1613 1298 1744 1326 tamen

351 1358 434 1398 haec
456 1360 530 1404 via,
549 1358 630 1396 haec
652 1359 749 1396 ratio
770 1358 996 1410 reipublicae
1017 1356 1263 1410 capessendae,
1282 1356 1381 1394 olim
1402 1364 1483 1393 erat
1503 1355 1628 1407 magis
1651 1368 1741 1407 per-

353 1425 604 1470 timescenda,
636 1438 729 1462 cum
750 1424 889 1462 multis
913 1424 951 1461 in
975 1424 1089 1461 rebus
1111 1422 1384 1461 multitudinis
1407 1421 1581 1459 studium
1601 1421 1649 1459 ad
1670 1434 1743 1473 po-

353 1492 439 1544 puli
460 1490 719 1529 commodum
739 1491 788 1528 ab
809 1490 980 1528 utilitate
1007 1489 1234 1542 reipublicae
1265 1487 1522 1540 discrepabat.
1555 1487 1746 1525 Tabella-

354 1558 409 1596 ria
429 1558 491 1595 lex
513 1558 560 1594 ab
591 1558 641 1595 L.
666 1556 791 1594 Caffio
811 1555 1024 1595 ferebatur.
1057 1555 1232 1607 Populus
1255 1554 1478 1592 libertatem
1499 1553 1562 1606 agi
1582 1553 1746 1605 putabat

355 1623 460 1660 suam
480 1637 489 1660 :
522 1621 794 1660 diffentiebant
819 1621 1017 1674 principes
1034 1650 1044 1665 ,
1077 1629 1114 1658 et
1136 1621 1176 1658 in
1198 1620 1319 1657 salute
1339 1619 1597 1672 optimatium
1619 1628 1746 1656 teme-

357 1689 511 1726 ritatem
529 1687 799 1725 multitudinis
816 1696 854 1724 et
872 1686 1022 1724 tabellae
1038 1686 1241 1724 licentiam
1258 1684 1599 1738 pertimescebant.
1618 1685 1748 1736 Agra·

358 1755 454 1791 riam
475 1753 573 1791 Tib.
598 1751 803 1790 Gracchus
826 1752 954 1803 legem
984 1751 1146 1789 ferebat.
1190 1753 1312 1789 Grata
1341 1760 1421 1788 erat
1450 1750 1628 1802 populo;
1661 1749 1748 1787 for-

358 1830 461 1858 tunae
481 1818 667 1857 constitui
688 1819 914 1856 tenuiorum
937 1817 1170 1855 videbantur
1188 1831 1197 1854 ι
1231 1817 1459 1854 nitebantur
1483 1826 1619 1853 contra
1638 1816 1747 1868 opti-

358 1883 626 1936 mates,⁴quod
646 1898 688 1922 ea
709 1883 942 1922 discordiam
963 1883 1125 1921 excitari
1147 1882 1358 1927 videbant;
1382 1892 1434 1926 et,
1453 1895 1546 1920 cum
1566 1882 1748 1934 locuple-

359 1960 415 1989 tes
437 1950 729 2003 poffeffionibus
751 1950 948 1987 diuturnis
972 1954 1222 1987 m‘overentur
1240 1978 1250 1993 ,
1282 1948 1438 2001 spoliari
1461 1947 1751 2000 rempublicam

360 2016 716 2069 propugnatoribus
738 2016 1037 2054 arbitrabantur.
1064 2015 1378 2053 Frumentariam
1400 2015 1528 2066 legem
1551 2015 1600 2052 C.
1621 2015 1750 2052 Grac-

361 2082 459 2120 chus
480 2082 642 2120 ferebat.
676 2081 856 2133 Jucunda
878 2096 934 2119 res
957 2082 1064 2134 plebi
1087 2082 1300 2127 Romanae3
1332 2081 1457 2118 vietus
1478 2081 1586 2118 enim
1607 2079 1752 2132 suppe-

361 2149 557 2187 ditabatur
578 2148 682 2201 large
703 2149 781 2186 fine
802 2149 932 2186 labore
951 2164 959 2187 ε
994 2149 1264 2201 repugnabant
1286 2148 1395 2192 boni,
1428 2147 1533 2198 quod
1558 2156 1597 2184 et
1617 2147 1664 2184 ab
1686 2147 1751 2184 in-

362 2215 504 2253 dustria
534 2215 690 2267 plebem
720 2214 767 2252 ad
796 2210 983 2252 defidiam‘
1004 2214 1153 2253 avocari
1176 2215 1365 2267 putabant
1381 2243 1391 2258 ‚
1423 2223 1461 2251 et
1482 2214 1658 2250 aerariurn
1680 2226 1751 2251 ex-

362 2281 506 2319 hauriri
529 2280 744 2319 videbatur.

420 2347 570 2384 XLIX.
597 2346 730 2383 Multa
744 2347 877 2391 etiam,
895 2346 1019 2384 nostra
1035 2346 1238 2390 memoria,
1254 2359 1339 2397 quae
1355 2345 1534 2383 consulto
1550 2355 1752 2397 praetereo,

365 2412 522 2449 fuerunt
539 2412 580 2448 in
597 2425 639 2448 ea
655 2412 921 2456 contentione,
941 2421 983 2449 ut
1000 2411 1199 2464 popularis
1216 2411 1409 2463 cupiditas
1426 2425 1446 2448 a
1462 2411 1624 2449 confilio
1639 2411 1754 2462 prin-

366 2479 500 2530 cipum
522 2477 729 2516 diffideret.
763 2478 883 2516 Nunc
902 2479 983 2529 jam
1006 2476 1107 2515 nihil
1129 2477 1196 2522 est,
1228 2477 1334 2530 quod
1362 2478 1532 2530 populus
1554 2491 1574 2515 a
1595 2475 1755 2514 deleffis
