<?xml version="1.0" encoding="UTF-8"?>
<!DOCTYPE html PUBLIC "-//W3C//DTD XHTML 1.0 Transitional//EN"
    "http://www.w3.org/TR/xhtml1/DTD/xhtml1-transitional.dtd">
<html xmlns="http://www.w3.org/1999/xhtml" xml:lang="en" lang="en">
 <head>
  <title>
</title>
<meta http-equiv="Content-Type" content="text/html;charset=utf-8" />
  <meta name='ocr-system' content='tesseract 3.04.00' />
  <meta name='ocr-capabilities' content='ocr_page ocr_carea ocr_par ocr_line ocrx_word'/>
</head>
<body>
  <div class='ocr_page' id='page_1' title='image "./operacumindicibu06ciceuoft_0325.png"; bbox 0 0 2076 2860; ppageno 0'>
   <div class='ocr_carea' id='block_1_1' title="bbox 650 155 1703 208">
    <p class='ocr_par' dir='ltr' id='par_1_1' title="bbox 650 155 1703 208">
     <span class='ocr_line' id='line_1_1' title="bbox 650 155 1703 208; baseline -0.009 -6"><span class='ocrx_word' id='word_1_1' title='bbox 650 157 1227 202; x_wconf 89' lang='lat' dir='ltr'>PHILIPPICA</span> <span class='ocrx_word' id='word_1_2' title='bbox 1303 155 1360 194; x_wconf 90' lang='grc' dir='ltr'>ΙΙ.</span> <span class='ocrx_word' id='word_1_3' title='bbox 1625 165 1703 208; x_wconf 82' lang='lat'>315</span> 
     </span>
    </p>
   </div>
   <div class='ocr_carea' id='block_1_2' title="bbox 301 254 1715 1771">
    <p class='ocr_par' dir='ltr' id='par_1_2' title="bbox 301 254 1707 782">
     <span class='ocr_line' id='line_1_2' title="bbox 301 254 1703 322; baseline -0.011 -14"><span class='ocrx_word' id='word_1_4' title='bbox 301 267 458 322; x_wconf 85' lang='lat' dir='ltr'>judicio</span> <span class='ocrx_word' id='word_1_5' title='bbox 479 265 648 320; x_wconf 79' lang='lat' dir='ltr'>quaeri83</span> <span class='ocrx_word' id='word_1_6' title='bbox 682 264 860 302; x_wconf 89' lang='lat' dir='ltr'>nollem:</span> <span class='ocrx_word' id='word_1_7' title='bbox 894 261 958 300; x_wconf 90' lang='lat' dir='ltr'>sed</span> <span class='ocrx_word' id='word_1_8' title='bbox 984 269 1116 300; x_wconf 87' lang='lat' dir='ltr'>tamen</span> <span class='ocrx_word' id='word_1_9' title='bbox 1143 258 1351 298; x_wconf 88' lang='lat' dir='ltr'>confilium</span> <span class='ocrx_word' id='word_1_10' title='bbox 1379 270 1400 295; x_wconf 87' lang='lat' dir='ltr'>a</span> <span class='ocrx_word' id='word_1_11' title='bbox 1420 254 1550 309; x_wconf 89' lang='lat' dir='ltr'>primo</span> <span class='ocrx_word' id='word_1_12' title='bbox 1572 268 1703 308; x_wconf 88' lang='lat' dir='ltr'>repre-</span> 
     </span>
     <span class='ocr_line' id='line_1_3' title="bbox 308 322 1704 378; baseline -0.011 -4"><span class='ocrx_word' id='word_1_13' title='bbox 308 334 578 378; x_wconf 90' lang='lat' dir='ltr'>hendendum,</span> <span class='ocrx_word' id='word_1_14' title='bbox 600 328 1040 369; x_wconf 82' lang='lat' dir='ltr'>laudanda-constantia.</span> <span class='ocrx_word' id='word_1_15' title='bbox 1064 328 1132 365; x_wconf 90' lang='lat' dir='ltr'>Tu</span> <span class='ocrx_word' id='word_1_16' title='bbox 1152 339 1243 364; x_wconf 88' lang='lat' dir='ltr'>vero</span> <span class='ocrx_word' id='word_1_17' title='bbox 1263 323 1361 377; x_wconf 89' lang='lat' dir='ltr'>quid</span> <span class='ocrx_word' id='word_1_18' title='bbox 1381 324 1448 362; x_wconf 85' lang='lat' dir='ltr'>es?</span> <span class='ocrx_word' id='word_1_19' title='bbox 1481 323 1559 361; x_wconf 89' lang='lat' dir='ltr'>Cn.</span> <span class='ocrx_word' id='word_1_20' title='bbox 1580 322 1704 360; x_wconf 91' lang='lat' dir='ltr'>Pom-</span> 
     </span>
     <span class='ocr_line' id='line_1_4' title="bbox 308 388 1702 455; baseline -0.011 -15"><span class='ocrx_word' id='word_1_21' title='bbox 308 403 387 455; x_wconf 88' lang='lat' dir='ltr'>peii</span> <span class='ocrx_word' id='word_1_22' title='bbox 408 400 523 439; x_wconf 89' lang='lat' dir='ltr'>liberi</span> <span class='ocrx_word' id='word_1_23' title='bbox 544 399 722 452; x_wconf 88' lang='lat' dir='ltr'>primum</span> <span class='ocrx_word' id='word_1_24' title='bbox 742 397 908 450; x_wconf 87' lang='lat' dir='ltr'>patriam</span> <span class='ocrx_word' id='word_1_25' title='bbox 930 394 1171 447; x_wconf 84' lang='lat' dir='ltr'><strong>repetebant.</strong></span> <span class='ocrx_word' id='word_1_26' title='bbox 1205 391 1298 431; x_wconf 88' lang='lat' dir='ltr'>Esto</span> <span class='ocrx_word' id='word_1_27' title='bbox 1318 407 1326 430; x_wconf 75' lang='lat' dir='ltr'><em>z</em></span> <span class='ocrx_word' id='word_1_28' title='bbox 1359 389 1480 429; x_wconf 85' lang='lat' dir='ltr'>fuerit</span> <span class='ocrx_word' id='word_1_29' title='bbox 1507 388 1590 427; x_wconf 82' lang='lat' dir='ltr'>haec</span> <span class='ocrx_word' id='word_1_30' title='bbox 1612 402 1702 441; x_wconf 85' lang='lat' dir='ltr'>par-</span> 
     </span>
     <span class='ocr_line' id='line_1_5' title="bbox 310 455 1703 514; baseline -0.01 -9"><span class='ocrx_word' id='word_1_31' title='bbox 310 467 414 505; x_wconf 85' lang='lat' dir='ltr'>tium</span> <span class='ocrx_word' id='word_1_32' title='bbox 433 465 544 504; x_wconf 88' lang='lat' dir='ltr'>causa</span> <span class='ocrx_word' id='word_1_33' title='bbox 564 463 805 503; x_wconf 82' lang='lat' dir='ltr'>communis.</span> <span class='ocrx_word' id='word_1_34' title='bbox 830 460 1078 514; x_wconf 85' lang='lat' dir='ltr'>Repetebant</span> <span class='ocrx_word' id='word_1_35' title='bbox 1098 467 1280 512; x_wconf 87' lang='lat' dir='ltr'>praeterea</span> <span class='ocrx_word' id='word_1_36' title='bbox 1301 458 1407 495; x_wconf 89' lang='lat' dir='ltr'>Deos</span> <span class='ocrx_word' id='word_1_37' title='bbox 1429 455 1589 508; x_wconf 85' lang='lat' dir='ltr'>patrios,</span> <span class='ocrx_word' id='word_1_38' title='bbox 1607 467 1703 498; x_wconf 87' lang='lat' dir='ltr'>aras,</span> 
     </span>
     <span class='ocr_line' id='line_1_6' title="bbox 309 523 1705 578; baseline -0.011 -6"><span class='ocrx_word' id='word_1_39' title='bbox 309 533 437 578; x_wconf 85' lang='lat' dir='ltr'>focos,</span> <span class='ocrx_word' id='word_1_40' title='bbox 459 533 580 571; x_wconf 89' lang='lat' dir='ltr'>larem</span> <span class='ocrx_word' id='word_1_41' title='bbox 602 531 716 569; x_wconf 87' lang='lat' dir='ltr'>suum</span> <span class='ocrx_word' id='word_1_42' title='bbox 737 529 998 573; x_wconf 78' lang='lat' dir='ltr'>familiarem3</span> <span class='ocrx_word' id='word_1_43' title='bbox 1023 527 1063 564; x_wconf 86' lang='lat' dir='ltr'>in</span> <span class='ocrx_word' id='word_1_44' title='bbox 1084 539 1170 578; x_wconf 84' lang='lat' dir='ltr'>quae</span> <span class='ocrx_word' id='word_1_45' title='bbox 1192 534 1234 562; x_wconf 90' lang='lat' dir='ltr'>tu</span> <span class='ocrx_word' id='word_1_46' title='bbox 1256 523 1458 562; x_wconf 83' lang='lat' dir='ltr'>invaseras.</span> <span class='ocrx_word' id='word_1_47' title='bbox 1492 523 1590 560; x_wconf 79' lang='lat' dir='ltr'>Haec</span> <span class='ocrx_word' id='word_1_48' title='bbox 1610 534 1705 558; x_wconf 90' lang='lat' dir='ltr'>cum</span> 
     </span>
     <span class='ocr_line' id='line_1_7' title="bbox 310 586 1705 652; baseline -0.011 -14"><span class='ocrx_word' id='word_1_49' title='bbox 310 608 530 652; x_wconf 82' lang='lat' dir='ltr'><strong>repeterent</strong></span> <span class='ocrx_word' id='word_1_50' title='bbox 557 598 674 635; x_wconf 87' lang='lat' dir='ltr'>armis</span> <span class='ocrx_word' id='word_1_51' title='bbox 703 596 745 640; x_wconf 90' lang='lat' dir='ltr'>ii,</span> <span class='ocrx_word' id='word_1_52' title='bbox 778 608 950 647; x_wconf 88' lang='lat' dir='ltr'>quorum</span> <span class='ocrx_word' id='word_1_53' title='bbox 977 601 1085 631; x_wconf 88' lang='lat' dir='ltr'>erant</span> <span class='ocrx_word' id='word_1_54' title='bbox 1112 591 1296 643; x_wconf 85' lang='lat' dir='ltr'>legibus:</span> <span class='ocrx_word' id='word_1_55' title='bbox 1329 589 1397 627; x_wconf 87' lang='lat' dir='ltr'>etfi</span> <span class='ocrx_word' id='word_1_56' title='bbox 1425 590 1464 626; x_wconf 90' lang='lat' dir='ltr'>in</span> <span class='ocrx_word' id='word_1_57' title='bbox 1487 588 1602 626; x_wconf 89' lang='lat' dir='ltr'>rebus</span> <span class='ocrx_word' id='word_1_58' title='bbox 1624 586 1705 623; x_wconf 80' lang='lat' dir='ltr'>ini-</span> 
     </span>
     <span class='ocr_line' id='line_1_8' title="bbox 309 654 1707 717; baseline -0.011 -13"><span class='ocrx_word' id='word_1_59' title='bbox 309 666 502 717; x_wconf 83' lang='lat' dir='ltr'>quiffimis</span> <span class='ocrx_word' id='word_1_60' title='bbox 524 664 621 717; x_wconf 86' lang='lat' dir='ltr'>quid</span> <span class='ocrx_word' id='word_1_61' title='bbox 642 661 766 715; x_wconf 88' lang='lat' dir='ltr'>potest</span> <span class='ocrx_word' id='word_1_62' title='bbox 786 661 858 699; x_wconf 81' lang='lat' dir='ltr'>effe</span> <span class='ocrx_word' id='word_1_63' title='bbox 879 660 1004 712; x_wconf 85' lang='lat' dir='ltr'>aequi?</span> <span class='ocrx_word' id='word_1_64' title='bbox 1028 667 1159 696; x_wconf 87' lang='lat' dir='ltr'>tamen</span> <span class='ocrx_word' id='word_1_65' title='bbox 1178 664 1259 694; x_wconf 88' lang='lat' dir='ltr'>erat</span> <span class='ocrx_word' id='word_1_66' title='bbox 1274 654 1553 708; x_wconf 83' lang='lat' dir='ltr'>aequiffimum,</span> <span class='ocrx_word' id='word_1_67' title='bbox 1571 662 1707 690; x_wconf 82' lang='lat' dir='ltr'>contra</span> 
     </span>
     <span class='ocr_line' id='line_1_9' title="bbox 313 720 1485 782; baseline -0.012 -12"><span class='ocrx_word' id='word_1_68' title='bbox 313 733 391 769; x_wconf 91' lang='lat' dir='ltr'>Cn.</span> <span class='ocrx_word' id='word_1_69' title='bbox 416 730 597 782; x_wconf 89' lang='lat' dir='ltr'>Pompeii</span> <span class='ocrx_word' id='word_1_70' title='bbox 618 729 762 766; x_wconf 85' lang='lat' dir='ltr'>liberos</span> <span class='ocrx_word' id='word_1_71' title='bbox 785 728 863 764; x_wconf 90' lang='lat' dir='ltr'>Cn.</span> <span class='ocrx_word' id='word_1_72' title='bbox 888 724 1069 776; x_wconf 86' lang='lat' dir='ltr'>Pompeii</span> <span class='ocrx_word' id='word_1_73' title='bbox 1089 735 1263 776; x_wconf 84' lang='lat' dir='ltr'>pugnare</span> <span class='ocrx_word' id='word_1_74' title='bbox 1284 720 1485 758; x_wconf 60' lang='lat' dir='ltr'>sedtorem.</span> 
     </span>
    </p>

    <p class='ocr_par' dir='ltr' id='par_1_3' title="bbox 313 783 1715 1771">
     <span class='ocr_line' id='line_1_10' title="bbox 369 783 1708 842; baseline -0.011 -7"><span class='ocrx_word' id='word_1_75' title='bbox 369 799 433 835; x_wconf 89' lang='lat' dir='ltr'>An</span> <span class='ocrx_word' id='word_1_76' title='bbox 468 806 510 834; x_wconf 89' lang='lat' dir='ltr'>tu</span> <span class='ocrx_word' id='word_1_77' title='bbox 544 795 732 834; x_wconf 82' lang='lat' dir='ltr'>Narbone</span> <span class='ocrx_word' id='word_1_78' title='bbox 764 792 913 830; x_wconf 83' lang='lat' dir='ltr'>mensas</span> <span class='ocrx_word' id='word_1_79' title='bbox 946 790 1150 842; x_wconf 88' lang='lat' dir='ltr'>hospitum</span> <span class='ocrx_word' id='word_1_80' title='bbox 1184 799 1464 830; x_wconf 85' lang='lat' dir='ltr'>convomeres,</span> <span class='ocrx_word' id='word_1_81' title='bbox 1497 783 1708 823; x_wconf 74' lang='lat' dir='ltr'>Dolabella</span> 
     </span>
     <span class='ocr_line' id='line_1_11' title="bbox 313 850 1709 916; baseline -0.011 -14"><span class='ocrx_word' id='word_1_82' title='bbox 313 876 385 916; x_wconf 90' lang='lat' dir='ltr'>pro</span> <span class='ocrx_word' id='word_1_83' title='bbox 406 872 443 901; x_wconf 91' lang='lat' dir='ltr'>te</span> <span class='ocrx_word' id='word_1_84' title='bbox 465 863 505 900; x_wconf 87' lang='lat' dir='ltr'>in</span> <span class='ocrx_word' id='word_1_85' title='bbox 528 860 719 913; x_wconf 85' lang='lat' dir='ltr'>Hispania</span> <span class='ocrx_word' id='word_1_86' title='bbox 739 859 945 896; x_wconf 81' lang='lat' dir='ltr'><strong>dimicaret</strong></span> <span class='ocrx_word' id='word_1_87' title='bbox 964 857 976 894; x_wconf 91' lang='lat'>?</span> <span class='ocrx_word' id='word_1_88' title='bbox 1009 856 1093 907; x_wconf 86' lang='lat' dir='ltr'>Qi</span> <span class='ocrx_word' id='word_1_89' title='bbox 1125 867 1215 892; x_wconf 87' lang='lat' dir='ltr'>vcro</span> <span class='ocrx_word' id='word_1_90' title='bbox 1244 853 1433 891; x_wconf 85' lang='lat' dir='ltr'>Narbone</span> <span class='ocrx_word' id='word_1_91' title='bbox 1458 850 1605 888; x_wconf 88' lang='lat' dir='ltr'>reditus</span> <span class='ocrx_word' id='word_1_92' title='bbox 1625 851 1637 887; x_wconf 88' lang='lat'>?</span> <span class='ocrx_word' id='word_1_93' title='bbox 1669 859 1709 886; x_wconf 88' lang='lat' dir='ltr'>et</span> 
     </span>
     <span class='ocr_line' id='line_1_12' title="bbox 315 914 1706 980; baseline -0.011 -13"><span class='ocrx_word' id='word_1_94' title='bbox 315 939 446 967; x_wconf 85' lang='lat' dir='ltr'>tamen</span> <span class='ocrx_word' id='word_1_95' title='bbox 469 927 679 980; x_wconf 63' lang='lat' dir='ltr'>quaerebat,</span> <span class='ocrx_word' id='word_1_96' title='bbox 712 939 782 963; x_wconf 91' lang='lat' dir='ltr'>cur</span> <span class='ocrx_word' id='word_1_97' title='bbox 813 937 886 976; x_wconf 90' lang='lat' dir='ltr'>ego</span> <span class='ocrx_word' id='word_1_98' title='bbox 917 936 966 961; x_wconf 84' lang='lat' dir='ltr'>ex</span> <span class='ocrx_word' id='word_1_99' title='bbox 998 921 1081 974; x_wconf 90' lang='lat' dir='ltr'>ipso</span> <span class='ocrx_word' id='word_1_100' title='bbox 1112 919 1228 958; x_wconf 86' lang='lat' dir='ltr'>cursu</span> <span class='ocrx_word' id='word_1_101' title='bbox 1261 929 1341 956; x_wconf 90' lang='lat' dir='ltr'>tam</span> <span class='ocrx_word' id='word_1_102' title='bbox 1369 917 1500 955; x_wconf 90' lang='lat' dir='ltr'>subito</span> <span class='ocrx_word' id='word_1_103' title='bbox 1527 914 1706 954; x_wconf 88' lang='lat' dir='ltr'>revertis-</span> 
     </span>
     <span class='ocr_line' id='line_1_13' title="bbox 315 982 1706 1046; baseline -0.011 -13"><span class='ocrx_word' id='word_1_104' title='bbox 315 995 410 1033; x_wconf 91' lang='lat' dir='ltr'>sem.</span> <span class='ocrx_word' id='word_1_105' title='bbox 443 992 620 1046; x_wconf 81' lang='lat' dir='ltr'>Exposui</span> <span class='ocrx_word' id='word_1_106' title='bbox 643 1005 780 1043; x_wconf 85' lang='lat' dir='ltr'>nuper,</span> <span class='ocrx_word' id='word_1_107' title='bbox 813 991 944 1028; x_wconf 85' lang='lat' dir='ltr'>Patres</span> <span class='ocrx_word' id='word_1_108' title='bbox 973 987 1201 1039; x_wconf 84' lang='lat' dir='ltr'>conscripti,</span> <span class='ocrx_word' id='word_1_109' title='bbox 1233 984 1386 1023; x_wconf 87' lang='lat' dir='ltr'>causam</span> <span class='ocrx_word' id='word_1_110' title='bbox 1419 983 1566 1021; x_wconf 88' lang='lat' dir='ltr'>reditus</span> <span class='ocrx_word' id='word_1_111' title='bbox 1599 982 1706 1019; x_wconf 90' lang='lat' dir='ltr'>mei:</span> 
     </span>
     <span class='ocr_line' id='line_1_14' title="bbox 315 1048 1709 1112; baseline -0.011 -12"><span class='ocrx_word' id='word_1_112' title='bbox 315 1061 445 1106; x_wconf 88' lang='lat' dir='ltr'>volui,</span> <span class='ocrx_word' id='word_1_113' title='bbox 477 1060 504 1098; x_wconf 92' lang='lat' dir='ltr'>fi</span> <span class='ocrx_word' id='word_1_114' title='bbox 536 1057 703 1112; x_wconf 76' lang='lat' dir='ltr'>possem,</span> <span class='ocrx_word' id='word_1_115' title='bbox 736 1057 855 1095; x_wconf 87' lang='lat' dir='ltr'>etiam</span> <span class='ocrx_word' id='word_1_116' title='bbox 887 1065 975 1093; x_wconf 90' lang='lat' dir='ltr'>ante</span> <span class='ocrx_word' id='word_1_117' title='bbox 1009 1052 1201 1091; x_wconf 80' lang='lat' dir='ltr'>Kalendas</span> <span class='ocrx_word' id='word_1_118' title='bbox 1234 1053 1394 1103; x_wconf 88' lang='lat' dir='ltr'>Januar.</span> <span class='ocrx_word' id='word_1_119' title='bbox 1427 1049 1599 1102; x_wconf 84' lang='lat' dir='ltr'>prodeffe</span> <span class='ocrx_word' id='word_1_120' title='bbox 1630 1048 1709 1086; x_wconf 88' lang='lat' dir='ltr'>rei-</span> 
     </span>
     <span class='ocr_line' id='line_1_15' title="bbox 316 1115 1712 1181; baseline -0.011 -15"><span class='ocrx_word' id='word_1_121' title='bbox 316 1128 500 1181; x_wconf 81' lang='lat' dir='ltr'>publicae.</span> <span class='ocrx_word' id='word_1_122' title='bbox 534 1127 656 1170; x_wconf 88' lang='lat' dir='ltr'>Nam,</span> <span class='ocrx_word' id='word_1_123' title='bbox 689 1123 795 1176; x_wconf 88' lang='lat' dir='ltr'>quod</span> <span class='ocrx_word' id='word_1_124' title='bbox 824 1122 1036 1176; x_wconf 68' lang='lat' dir='ltr'>quaerebas,</span> <span class='ocrx_word' id='word_1_125' title='bbox 1068 1118 1271 1172; x_wconf 90' lang='lat' dir='ltr'>quomodo</span> <span class='ocrx_word' id='word_1_126' title='bbox 1294 1117 1500 1155; x_wconf 85' lang='lat' dir='ltr'>rediffem:</span> <span class='ocrx_word' id='word_1_127' title='bbox 1534 1115 1712 1168; x_wconf 84' lang='lat' dir='ltr'>primum</span> 
     </span>
     <span class='ocr_line' id='line_1_16' title="bbox 315 1182 1711 1240; baseline -0.011 -7"><span class='ocrx_word' id='word_1_128' title='bbox 315 1195 420 1240; x_wconf 91' lang='lat' dir='ltr'>luce,</span> <span class='ocrx_word' id='word_1_129' title='bbox 453 1207 532 1232; x_wconf 90' lang='lat' dir='ltr'>non</span> <span class='ocrx_word' id='word_1_130' title='bbox 564 1191 764 1236; x_wconf 82' lang='lat' dir='ltr'>tenebris;</span> <span class='ocrx_word' id='word_1_131' title='bbox 798 1188 939 1228; x_wconf 85' lang='lat' dir='ltr'>deinde</span> <span class='ocrx_word' id='word_1_132' title='bbox 971 1201 1065 1226; x_wconf 91' lang='lat' dir='ltr'>cum</span> <span class='ocrx_word' id='word_1_133' title='bbox 1096 1185 1236 1224; x_wconf 87' lang='lat' dir='ltr'>calceis</span> <span class='ocrx_word' id='word_1_134' title='bbox 1269 1193 1309 1222; x_wconf 86' lang='lat' dir='ltr'>et</span> <span class='ocrx_word' id='word_1_135' title='bbox 1340 1194 1451 1236; x_wconf 85' lang='lat' dir='ltr'>toga,</span> <span class='ocrx_word' id='word_1_136' title='bbox 1484 1182 1605 1220; x_wconf 88' lang='lat' dir='ltr'>nullis</span> <span class='ocrx_word' id='word_1_137' title='bbox 1638 1194 1711 1219; x_wconf 90' lang='lat' dir='ltr'>nec</span> 
     </span>
     <span class='ocr_line' id='line_1_17' title="bbox 319 1249 1712 1305; baseline -0.01 -6"><span class='ocrx_word' id='word_1_138' title='bbox 319 1260 503 1305; x_wconf 83' lang='lat' dir='ltr'>Gallicis,</span> <span class='ocrx_word' id='word_1_139' title='bbox 537 1272 607 1296; x_wconf 88' lang='lat' dir='ltr'>nec</span> <span class='ocrx_word' id='word_1_140' title='bbox 638 1258 804 1295; x_wconf 86' lang='lat' dir='ltr'>lacerna.</span> <span class='ocrx_word' id='word_1_141' title='bbox 843 1257 898 1293; x_wconf 88' lang='lat' dir='ltr'>At</span> <span class='ocrx_word' id='word_1_142' title='bbox 929 1255 1049 1293; x_wconf 89' lang='lat' dir='ltr'>etiam</span> <span class='ocrx_word' id='word_1_143' title='bbox 1079 1251 1244 1304; x_wconf 82' lang='lat' dir='ltr'>adspicis</span> <span class='ocrx_word' id='word_1_144' title='bbox 1277 1265 1355 1296; x_wconf 91' lang='lat' dir='ltr'>me,</span> <span class='ocrx_word' id='word_1_145' title='bbox 1386 1259 1426 1288; x_wconf 90' lang='lat' dir='ltr'>et</span> <span class='ocrx_word' id='word_1_146' title='bbox 1457 1249 1635 1302; x_wconf 83' lang='lat' dir='ltr'>quidem,</span> <span class='ocrx_word' id='word_1_147' title='bbox 1667 1257 1712 1286; x_wconf 88' lang='lat' dir='ltr'>ut</span> 
     </span>
     <span class='ocr_line' id='line_1_18' title="bbox 317 1313 1710 1372; baseline -0.009 -9"><span class='ocrx_word' id='word_1_148' title='bbox 317 1325 477 1369; x_wconf 87' lang='lat' dir='ltr'>videris,</span> <span class='ocrx_word' id='word_1_149' title='bbox 510 1324 644 1361; x_wconf 72' lang='lat' dir='ltr'>iratus.</span> <span class='ocrx_word' id='word_1_150' title='bbox 686 1322 761 1360; x_wconf 83' lang='lat' dir='ltr'>Nae</span> <span class='ocrx_word' id='word_1_151' title='bbox 783 1330 825 1359; x_wconf 92' lang='lat' dir='ltr'>tu</span> <span class='ocrx_word' id='word_1_152' title='bbox 841 1321 925 1372; x_wconf 85' lang='lat' dir='ltr'>jam</span> <span class='ocrx_word' id='word_1_153' title='bbox 946 1331 1106 1356; x_wconf 89' lang='lat' dir='ltr'>mecum</span> <span class='ocrx_word' id='word_1_154' title='bbox 1126 1318 1167 1354; x_wconf 89' lang='lat' dir='ltr'>in</span> <span class='ocrx_word' id='word_1_155' title='bbox 1189 1316 1354 1369; x_wconf 85' lang='lat' dir='ltr'>gratiam</span> <span class='ocrx_word' id='word_1_156' title='bbox 1375 1314 1520 1359; x_wconf 85' lang='lat' dir='ltr'>redeas,</span> <span class='ocrx_word' id='word_1_157' title='bbox 1552 1314 1579 1352; x_wconf 90' lang='lat' dir='ltr'>fi</span> <span class='ocrx_word' id='word_1_158' title='bbox 1599 1313 1710 1358; x_wconf 88' lang='lat' dir='ltr'>scias,</span> 
     </span>
     <span class='ocr_line' id='line_1_19' title="bbox 319 1380 1714 1444; baseline -0.009 -14"><span class='ocrx_word' id='word_1_159' title='bbox 319 1405 439 1444; x_wconf 87' lang='lat' dir='ltr'>quam</span> <span class='ocrx_word' id='word_1_160' title='bbox 461 1403 524 1428; x_wconf 89' lang='lat' dir='ltr'>me</span> <span class='ocrx_word' id='word_1_161' title='bbox 545 1388 688 1442; x_wconf 86' lang='lat' dir='ltr'>pudeat</span> <span class='ocrx_word' id='word_1_162' title='bbox 710 1386 895 1438; x_wconf 82' lang='lat' dir='ltr'>nequitiae</span> <span class='ocrx_word' id='word_1_163' title='bbox 917 1395 1005 1429; x_wconf 66' lang='lat' dir='ltr'>tuae,</span> <span class='ocrx_word' id='word_1_164' title='bbox 1035 1384 1148 1436; x_wconf 86' lang='lat' dir='ltr'>cujus</span> <span class='ocrx_word' id='word_1_165' title='bbox 1171 1391 1208 1420; x_wconf 91' lang='lat' dir='ltr'>te</span> <span class='ocrx_word' id='word_1_166' title='bbox 1230 1381 1358 1435; x_wconf 89' lang='lat' dir='ltr'>ipsum</span> <span class='ocrx_word' id='word_1_167' title='bbox 1379 1394 1459 1418; x_wconf 90' lang='lat' dir='ltr'>non</span> <span class='ocrx_word' id='word_1_168' title='bbox 1479 1380 1616 1434; x_wconf 90' lang='lat' dir='ltr'>pudet.</span> <span class='ocrx_word' id='word_1_169' title='bbox 1650 1381 1714 1418; x_wconf 79' lang='lat' dir='ltr'>Ex</span> 
     </span>
     <span class='ocr_line' id='line_1_20' title="bbox 317 1445 1710 1504; baseline -0.008 -9"><span class='ocrx_word' id='word_1_170' title='bbox 317 1456 506 1496; x_wconf 87' lang='lat' dir='ltr'>omnibus</span> <span class='ocrx_word' id='word_1_171' title='bbox 528 1455 711 1493; x_wconf 87' lang='lat' dir='ltr'>omnium</span> <span class='ocrx_word' id='word_1_172' title='bbox 734 1452 892 1504; x_wconf 85' lang='lat' dir='ltr'>flagitiis</span> <span class='ocrx_word' id='word_1_173' title='bbox 915 1450 1074 1488; x_wconf 88' lang='lat' dir='ltr'>nullum</span> <span class='ocrx_word' id='word_1_174' title='bbox 1095 1448 1249 1500; x_wconf 86' lang='lat' dir='ltr'>turpius</span> <span class='ocrx_word' id='word_1_175' title='bbox 1266 1447 1361 1492; x_wconf 92' lang='lat' dir='ltr'>vidi,</span> <span class='ocrx_word' id='word_1_176' title='bbox 1380 1446 1539 1484; x_wconf 90' lang='lat' dir='ltr'>nullum</span> <span class='ocrx_word' id='word_1_177' title='bbox 1564 1445 1710 1484; x_wconf 88' lang='lat' dir='ltr'>audivi.</span> 
     </span>
     <span class='ocr_line' id='line_1_21' title="bbox 320 1512 1713 1576; baseline -0.009 -15"><span class='ocrx_word' id='word_1_178' title='bbox 320 1525 406 1576; x_wconf 86' lang='lat' dir='ltr'>Qi</span> <span class='ocrx_word' id='word_1_179' title='bbox 436 1520 618 1574; x_wconf 84' lang='lat' dir='ltr'>magister</span> <span class='ocrx_word' id='word_1_180' title='bbox 638 1520 820 1572; x_wconf 87' lang='lat' dir='ltr'>equitum</span> <span class='ocrx_word' id='word_1_181' title='bbox 848 1516 960 1555; x_wconf 86' lang='lat' dir='ltr'>fuiffe</span> <span class='ocrx_word' id='word_1_182' title='bbox 992 1515 1067 1553; x_wconf 86' lang='lat' dir='ltr'>tibi</span> <span class='ocrx_word' id='word_1_183' title='bbox 1098 1514 1284 1557; x_wconf 85' lang='lat' dir='ltr'>viderere,</span> <span class='ocrx_word' id='word_1_184' title='bbox 1317 1513 1357 1550; x_wconf 88' lang='lat' dir='ltr'>in</span> <span class='ocrx_word' id='word_1_185' title='bbox 1385 1512 1615 1563; x_wconf 82' lang='lat' dir='ltr'>proximum</span> <span class='ocrx_word' id='word_1_186' title='bbox 1641 1525 1713 1549; x_wconf 91' lang='lat' dir='ltr'>an-</span> 
     </span>
     <span class='ocr_line' id='line_1_22' title="bbox 321 1576 1715 1636; baseline -0.011 -9"><span class='ocrx_word' id='word_1_187' title='bbox 321 1603 420 1627; x_wconf 89' lang='lat' dir='ltr'>num</span> <span class='ocrx_word' id='word_1_188' title='bbox 453 1586 703 1625; x_wconf 86' lang='lat' dir='ltr'>consulatum</span> <span class='ocrx_word' id='word_1_189' title='bbox 738 1593 900 1636; x_wconf 85' lang='lat' dir='ltr'>peteres,</span> <span class='ocrx_word' id='word_1_190' title='bbox 933 1581 993 1619; x_wconf 90' lang='lat' dir='ltr'>vel</span> <span class='ocrx_word' id='word_1_191' title='bbox 1027 1580 1158 1633; x_wconf 87' lang='lat' dir='ltr'>potius</span> <span class='ocrx_word' id='word_1_192' title='bbox 1194 1591 1361 1630; x_wconf 81' lang='lat' dir='ltr'>rogareS,</span> <span class='ocrx_word' id='word_1_193' title='bbox 1392 1590 1462 1629; x_wconf 89' lang='lat' dir='ltr'>per</span> <span class='ocrx_word' id='word_1_194' title='bbox 1494 1576 1715 1628; x_wconf 85' lang='lat' dir='ltr'>municipia</span> 
     </span>
     <span class='ocr_line' id='line_1_23' title="bbox 321 1643 1714 1706; baseline -0.011 -12"><span class='ocrx_word' id='word_1_195' title='bbox 321 1653 573 1706; x_wconf 85' lang='lat' dir='ltr'>coloniasque</span> <span class='ocrx_word' id='word_1_196' title='bbox 595 1651 750 1695; x_wconf 76' lang='lat' dir='ltr'>Galliae,</span> <span class='ocrx_word' id='word_1_197' title='bbox 783 1664 802 1687; x_wconf 83' lang='lat' dir='ltr'>a</span> <span class='ocrx_word' id='word_1_198' title='bbox 834 1663 911 1702; x_wconf 85' lang='lat' dir='ltr'>qua</span> <span class='ocrx_word' id='word_1_199' title='bbox 941 1660 1011 1685; x_wconf 89' lang='lat' dir='ltr'>nos</span> <span class='ocrx_word' id='word_1_200' title='bbox 1044 1656 1145 1690; x_wconf 88' lang='lat' dir='ltr'>tum,</span> <span class='ocrx_word' id='word_1_201' title='bbox 1177 1659 1271 1682; x_wconf 89' lang='lat' dir='ltr'>cum</span> <span class='ocrx_word' id='word_1_202' title='bbox 1300 1643 1524 1682; x_wconf 88' lang='lat' dir='ltr'>consulatus</span> <span class='ocrx_word' id='word_1_203' title='bbox 1552 1643 1714 1695; x_wconf 88' lang='lat' dir='ltr'>peteba-</span> 
     </span>
     <span class='ocr_line' id='line_1_24' title="bbox 323 1709 1713 1771; baseline -0.01 -11"><span class='ocrx_word' id='word_1_204' title='bbox 323 1731 403 1767; x_wconf 87' lang='lat' dir='ltr'>tur,</span> <span class='ocrx_word' id='word_1_205' title='bbox 435 1734 514 1758; x_wconf 90' lang='lat' dir='ltr'>non</span> <span class='ocrx_word' id='word_1_206' title='bbox 545 1718 767 1771; x_wconf 82' lang='lat' dir='ltr'>rogabatur,</span> <span class='ocrx_word' id='word_1_207' title='bbox 799 1725 929 1769; x_wconf 87' lang='lat' dir='ltr'>petere</span> <span class='ocrx_word' id='word_1_208' title='bbox 949 1713 1197 1752; x_wconf 84' lang='lat' dir='ltr'>consulatum</span> <span class='ocrx_word' id='word_1_209' title='bbox 1226 1711 1460 1755; x_wconf 82' lang='lat' dir='ltr'>solebamus,</span> <span class='ocrx_word' id='word_1_210' title='bbox 1493 1723 1586 1748; x_wconf 87' lang='lat' dir='ltr'>cum</span> <span class='ocrx_word' id='word_1_211' title='bbox 1613 1709 1713 1748; x_wconf 88' lang='lat' dir='ltr'>Gal-</span> 
     </span>
    </p>
   </div>
   <div class='ocr_carea' id='block_1_3' title="bbox 322 1781 1718 1892">
    <p class='ocr_par' dir='ltr' id='par_1_4' title="bbox 322 1781 1718 1892">
     <span class='ocr_line' id='line_1_25' title="bbox 322 1781 881 1827; baseline -0.013 -1"><span class='ocrx_word' id='word_1_212' title='bbox 322 1788 410 1827; x_wconf 86' lang='lat' dir='ltr'>licis</span> <span class='ocrx_word' id='word_1_213' title='bbox 431 1796 470 1824; x_wconf 88' lang='lat' dir='ltr'>et</span> <span class='ocrx_word' id='word_1_214' title='bbox 490 1786 643 1824; x_wconf 90' lang='lat' dir='ltr'>lacerna</span> <span class='ocrx_word' id='word_1_215' title='bbox 662 1781 881 1821; x_wconf 89' lang='lat' dir='ltr'>cucurristi.</span> 
     </span>
     <span class='ocr_line' id='line_1_26' title="bbox 380 1841 1718 1892; baseline -0.01 -1"><span class='ocrx_word' id='word_1_216' title='bbox 380 1853 536 1892; x_wconf 91' lang='lat' dir='ltr'>XXXI.</span> <span class='ocrx_word' id='word_1_217' title='bbox 560 1852 617 1888; x_wconf 87' lang='lat' dir='ltr'>At</span> <span class='ocrx_word' id='word_1_218' title='bbox 638 1849 765 1887; x_wconf 89' lang='lat' dir='ltr'>videte</span> <span class='ocrx_word' id='word_1_219' title='bbox 786 1848 986 1885; x_wconf 86' lang='lat' dir='ltr'>levitatem</span> <span class='ocrx_word' id='word_1_220' title='bbox 1008 1843 1199 1882; x_wconf 88' lang='lat' dir='ltr'>hominis.</span> <span class='ocrx_word' id='word_1_221' title='bbox 1225 1844 1331 1881; x_wconf 88' lang='lat' dir='ltr'>Cum</span> <span class='ocrx_word' id='word_1_222' title='bbox 1352 1841 1447 1880; x_wconf 86' lang='lat' dir='ltr'>hora</span> <span class='ocrx_word' id='word_1_223' title='bbox 1467 1841 1545 1879; x_wconf 90' lang='lat' dir='ltr'>diei</span> <span class='ocrx_word' id='word_1_224' title='bbox 1565 1841 1718 1879; x_wconf 89' lang='lat' dir='ltr'>decima</span> 
     </span>
    </p>
   </div>
   <div class='ocr_carea' id='block_1_4' title="bbox 323 1908 1722 2433">
    <p class='ocr_par' dir='ltr' id='par_1_5' title="bbox 323 1908 1722 2433">
     <span class='ocr_line' id='line_1_27' title="bbox 323 1908 1719 1962; baseline -0.011 -4"><span class='ocrx_word' id='word_1_225' title='bbox 323 1919 405 1958; x_wconf 85' lang='lat' dir='ltr'>fere</span> <span class='ocrx_word' id='word_1_226' title='bbox 420 1918 467 1957; x_wconf 89' lang='lat' dir='ltr'>ad</span> <span class='ocrx_word' id='word_1_227' title='bbox 489 1918 585 1956; x_wconf 85' lang='lat' dir='ltr'>Saxa</span> <span class='ocrx_word' id='word_1_228' title='bbox 600 1916 716 1955; x_wconf 88' lang='lat' dir='ltr'>rubra</span> <span class='ocrx_word' id='word_1_229' title='bbox 731 1913 906 1958; x_wconf 82' lang='lat' dir='ltr'>venisset,</span> <span class='ocrx_word' id='word_1_230' title='bbox 924 1911 1084 1950; x_wconf 88' lang='lat' dir='ltr'>delituit</span> <span class='ocrx_word' id='word_1_231' title='bbox 1105 1911 1145 1948; x_wconf 89' lang='lat' dir='ltr'>in</span> <span class='ocrx_word' id='word_1_232' title='bbox 1162 1909 1330 1962; x_wconf 86' lang='lat' dir='ltr'>quadam</span> <span class='ocrx_word' id='word_1_233' title='bbox 1347 1908 1582 1961; x_wconf 79' lang='lat' dir='ltr'>cauponula,</span> <span class='ocrx_word' id='word_1_234' title='bbox 1600 1917 1719 1960; x_wconf 85' lang='lat' dir='ltr'>atque</span> 
     </span>
     <span class='ocr_line' id='line_1_28' title="bbox 325 1974 1719 2035; baseline -0.01 -10"><span class='ocrx_word' id='word_1_235' title='bbox 325 1986 383 2025; x_wconf 89' lang='lat' dir='ltr'>ibi</span> <span class='ocrx_word' id='word_1_236' title='bbox 404 1985 441 2025; x_wconf 90' lang='lat' dir='ltr'>se</span> <span class='ocrx_word' id='word_1_237' title='bbox 459 1984 687 2028; x_wconf 87' lang='lat' dir='ltr'>occultans,</span> <span class='ocrx_word' id='word_1_238' title='bbox 720 1980 940 2035; x_wconf 84' lang='lat' dir='ltr'>perpotavit</span> <span class='ocrx_word' id='word_1_239' title='bbox 969 1977 1016 2016; x_wconf 89' lang='lat' dir='ltr'>ad</span> <span class='ocrx_word' id='word_1_240' title='bbox 1044 1977 1268 2030; x_wconf 86' lang='lat' dir='ltr'>vesperam:</span> <span class='ocrx_word' id='word_1_241' title='bbox 1301 1975 1393 2013; x_wconf 88' lang='lat' dir='ltr'>inde</span> <span class='ocrx_word' id='word_1_242' title='bbox 1423 1975 1515 2012; x_wconf 84' lang='lat' dir='ltr'>cifio</span> <span class='ocrx_word' id='word_1_243' title='bbox 1541 1974 1719 2012; x_wconf 87' lang='lat' dir='ltr'>celeriter</span> 
     </span>
     <span class='ocr_line' id='line_1_29' title="bbox 326 2041 1718 2095; baseline -0.01 -4"><span class='ocrx_word' id='word_1_244' title='bbox 326 2052 374 2090; x_wconf 91' lang='lat' dir='ltr'>ad</span> <span class='ocrx_word' id='word_1_245' title='bbox 406 2052 546 2090; x_wconf 89' lang='lat' dir='ltr'>urbem</span> <span class='ocrx_word' id='word_1_246' title='bbox 577 2050 778 2093; x_wconf 69' lang='lat' dir='ltr'>adve&amp;us,</span> <span class='ocrx_word' id='word_1_247' title='bbox 811 2047 977 2084; x_wconf 90' lang='lat' dir='ltr'>domum</span> <span class='ocrx_word' id='word_1_248' title='bbox 1007 2043 1116 2081; x_wconf 86' lang='lat' dir='ltr'>venit</span> <span class='ocrx_word' id='word_1_249' title='bbox 1147 2043 1274 2095; x_wconf 89' lang='lat' dir='ltr'>capite</span> <span class='ocrx_word' id='word_1_250' title='bbox 1307 2041 1501 2079; x_wconf 90' lang='lat' dir='ltr'>involuto.</span> <span class='ocrx_word' id='word_1_251' title='bbox 1548 2041 1718 2092; x_wconf 88' lang='lat' dir='ltr'>Janitor,</span> 
     </span>
     <span class='ocr_line' id='line_1_30' title="bbox 327 2107 1721 2169; baseline -0.009 -12"><span class='ocrx_word' id='word_1_252' title='bbox 327 2119 431 2169; x_wconf 85' lang='lat' dir='ltr'>Qis</span> <span class='ocrx_word' id='word_1_253' title='bbox 453 2119 523 2155; x_wconf 94' lang='lat' dir='ltr'>tu?</span> <span class='ocrx_word' id='word_1_254' title='bbox 556 2117 592 2154; x_wconf 91' lang='lat' dir='ltr'><strong>A</strong></span> <span class='ocrx_word' id='word_1_255' title='bbox 614 2116 754 2153; x_wconf 85' lang='lat' dir='ltr'>Marco</span> <span class='ocrx_word' id='word_1_256' title='bbox 775 2112 1014 2150; x_wconf 87' lang='lat' dir='ltr'>tabellarius.</span> <span class='ocrx_word' id='word_1_257' title='bbox 1043 2109 1264 2148; x_wconf 81' lang='lat' dir='ltr'>Confestim</span> <span class='ocrx_word' id='word_1_258' title='bbox 1286 2108 1333 2146; x_wconf 86' lang='lat' dir='ltr'>ad</span> <span class='ocrx_word' id='word_1_259' title='bbox 1353 2121 1452 2153; x_wconf 86' lang='lat' dir='ltr'>eam,</span> <span class='ocrx_word' id='word_1_260' title='bbox 1475 2109 1589 2160; x_wconf 85' lang='lat' dir='ltr'>cujus</span> <span class='ocrx_word' id='word_1_261' title='bbox 1609 2107 1721 2145; x_wconf 82' lang='lat' dir='ltr'>causa</span> 
     </span>
     <span class='ocr_line' id='line_1_31' title="bbox 328 2173 1720 2231; baseline -0.008 -10"><span class='ocrx_word' id='word_1_262' title='bbox 328 2192 498 2227; x_wconf 85' lang='lat' dir='ltr'>venerat,</span> <span class='ocrx_word' id='word_1_263' title='bbox 520 2181 751 2225; x_wconf 85' lang='lat' dir='ltr'>deducitur;</span> <span class='ocrx_word' id='word_1_264' title='bbox 781 2180 895 2231; x_wconf 90' lang='lat' dir='ltr'>eique</span> <span class='ocrx_word' id='word_1_265' title='bbox 916 2176 1119 2231; x_wconf 85' lang='lat' dir='ltr'>epistolam</span> <span class='ocrx_word' id='word_1_266' title='bbox 1140 2175 1272 2214; x_wconf 86' lang='lat' dir='ltr'>tradit.</span> <span class='ocrx_word' id='word_1_267' title='bbox 1305 2176 1438 2226; x_wconf 84' lang='lat' dir='ltr'>Qam</span> <span class='ocrx_word' id='word_1_268' title='bbox 1459 2188 1552 2212; x_wconf 88' lang='lat' dir='ltr'>cum</span> <span class='ocrx_word' id='word_1_269' title='bbox 1572 2173 1642 2211; x_wconf 90' lang='lat' dir='ltr'>illa</span> <span class='ocrx_word' id='word_1_270' title='bbox 1661 2173 1720 2210; x_wconf 87' lang='lat' dir='ltr'>le-</span> 
     </span>
     <span class='ocr_line' id='line_1_32' title="bbox 329 2240 1720 2303; baseline -0.009 -15"><span class='ocrx_word' id='word_1_271' title='bbox 329 2259 438 2303; x_wconf 86' lang='lat' dir='ltr'>geret</span> <span class='ocrx_word' id='word_1_272' title='bbox 459 2248 570 2292; x_wconf 85' lang='lat' dir='ltr'>flens,</span> <span class='ocrx_word' id='word_1_273' title='bbox 605 2249 702 2299; x_wconf 88' lang='lat' dir='ltr'>(erat</span> <span class='ocrx_word' id='word_1_274' title='bbox 729 2246 837 2284; x_wconf 90' lang='lat' dir='ltr'>enim</span> <span class='ocrx_word' id='word_1_275' title='bbox 863 2244 1049 2283; x_wconf 86' lang='lat' dir='ltr'>amatorie</span> <span class='ocrx_word' id='word_1_276' title='bbox 1076 2243 1244 2295; x_wconf 86' lang='lat' dir='ltr'>scripta:</span> <span class='ocrx_word' id='word_1_277' title='bbox 1277 2250 1395 2293; x_wconf 86' lang='lat' dir='ltr'>caput</span> <span class='ocrx_word' id='word_1_278' title='bbox 1425 2251 1556 2279; x_wconf 88' lang='lat' dir='ltr'>autem</span> <span class='ocrx_word' id='word_1_279' title='bbox 1586 2240 1720 2277; x_wconf 86' lang='lat' dir='ltr'>litera-</span> 
     </span>
     <span class='ocr_line' id='line_1_33' title="bbox 332 2305 1722 2364; baseline -0.008 -11"><span class='ocrx_word' id='word_1_280' title='bbox 332 2330 436 2359; x_wconf 84' lang='lat' dir='ltr'>rum,</span> <span class='ocrx_word' id='word_1_281' title='bbox 469 2314 539 2352; x_wconf 84' lang='lat' dir='ltr'>fibi</span> <span class='ocrx_word' id='word_1_282' title='bbox 572 2327 666 2351; x_wconf 86' lang='lat' dir='ltr'>cum</span> <span class='ocrx_word' id='word_1_283' title='bbox 695 2313 763 2350; x_wconf 91' lang='lat' dir='ltr'>illa</span> <span class='ocrx_word' id='word_1_284' title='bbox 792 2312 916 2350; x_wconf 89' lang='lat' dir='ltr'>mima</span> <span class='ocrx_word' id='word_1_285' title='bbox 942 2309 1101 2364; x_wconf 85' lang='lat' dir='ltr'>posthac</span> <span class='ocrx_word' id='word_1_286' title='bbox 1128 2308 1229 2347; x_wconf 89' lang='lat' dir='ltr'>nihil</span> <span class='ocrx_word' id='word_1_287' title='bbox 1259 2307 1470 2352; x_wconf 80' lang='lat' dir='ltr'>futurum3</span> <span class='ocrx_word' id='word_1_288' title='bbox 1503 2320 1664 2344; x_wconf 87' lang='lat' dir='ltr'>omnem</span> <span class='ocrx_word' id='word_1_289' title='bbox 1684 2305 1722 2342; x_wconf 93' lang='lat' dir='ltr'>se</span> 
     </span>
     <span class='ocr_line' id='line_1_34' title="bbox 331 2374 1720 2433; baseline -0.008 -13"><span class='ocrx_word' id='word_1_290' title='bbox 331 2395 506 2421; x_wconf 83' lang='lat' dir='ltr'>amorem</span> <span class='ocrx_word' id='word_1_291' title='bbox 535 2379 713 2433; x_wconf 80' lang='lat' dir='ltr'>abjecisse</span> <span class='ocrx_word' id='word_1_292' title='bbox 743 2379 871 2424; x_wconf 89' lang='lat' dir='ltr'>illinc,</span> <span class='ocrx_word' id='word_1_293' title='bbox 903 2387 1019 2430; x_wconf 89' lang='lat' dir='ltr'>atque</span> <span class='ocrx_word' id='word_1_294' title='bbox 1041 2379 1080 2415; x_wconf 87' lang='lat' dir='ltr'>in</span> <span class='ocrx_word' id='word_1_295' title='bbox 1103 2376 1204 2414; x_wconf 86' lang='lat' dir='ltr'>hanc</span> <span class='ocrx_word' id='word_1_296' title='bbox 1226 2374 1490 2423; x_wconf 70' lang='lat' dir='ltr'>transfudisse)</span> <span class='ocrx_word' id='word_1_297' title='bbox 1515 2387 1607 2410; x_wconf 80' lang='lat' dir='ltr'>cum</span> <span class='ocrx_word' id='word_1_298' title='bbox 1628 2385 1720 2410; x_wconf 87' lang='lat' dir='ltr'>mu-</span> 
     </span>
    </p>
   </div>
   <div class='ocr_carea' id='block_1_5' title="bbox 333 2440 1723 2543">
    <p class='ocr_par' dir='ltr' id='par_1_6' title="bbox 333 2440 1723 2543">
     <span class='ocr_line' id='line_1_35' title="bbox 333 2440 1723 2492; baseline -0.01 -4"><span class='ocrx_word' id='word_1_299' title='bbox 333 2450 405 2488; x_wconf 88' lang='lat' dir='ltr'>lier</span> <span class='ocrx_word' id='word_1_300' title='bbox 431 2448 540 2487; x_wconf 87' lang='lat' dir='ltr'>fleret</span> <span class='ocrx_word' id='word_1_301' title='bbox 568 2447 741 2492; x_wconf 87' lang='lat' dir='ltr'>uberius,</span> <span class='ocrx_word' id='word_1_302' title='bbox 772 2445 894 2484; x_wconf 87' lang='lat' dir='ltr'>homo</span> <span class='ocrx_word' id='word_1_303' title='bbox 924 2443 1143 2483; x_wconf 87' lang='lat' dir='ltr'>misericors</span> <span class='ocrx_word' id='word_1_304' title='bbox 1175 2441 1274 2480; x_wconf 88' lang='lat' dir='ltr'>ferre</span> <span class='ocrx_word' id='word_1_305' title='bbox 1307 2454 1386 2477; x_wconf 88' lang='lat' dir='ltr'>non</span> <span class='ocrx_word' id='word_1_306' title='bbox 1415 2440 1572 2491; x_wconf 89' lang='lat' dir='ltr'>potuit:</span> <span class='ocrx_word' id='word_1_307' title='bbox 1605 2446 1723 2489; x_wconf 81' lang='lat' dir='ltr'>caput</span> 
     </span>
     <span class='ocr_line' id='line_1_36' title="bbox 1292 2507 1419 2543; baseline -0.008 0"><span class='ocrx_word' id='word_1_308' title='bbox 1292 2507 1328 2543; x_wconf 82' lang='lat' dir='ltr'>R</span> <span class='ocrx_word' id='word_1_309' title='bbox 1351 2519 1367 2542; x_wconf 93' lang='lat' dir='ltr'>r</span> <span class='ocrx_word' id='word_1_310' title='bbox 1399 2518 1419 2542; x_wconf 90' lang='lat'>2</span> 
     </span>
    </p>
   </div>
  </div>
 </body>
</html>
