2076 2860
891 136 1094 193 [61]

946 333 963 368 I
1007 333 1045 367 N

477 522 1514 602 VATINIUM

658 764 694 802 Ο
728 763 766 801 R
797 761 894 799 AT
925 761 944 798 I
977 759 1014 798 Ο
1092 758 1340 798 XXXIII.

300 973 333 1011 I.
440 970 474 1015 I,
507 977 574 1008 tua
594 967 888 1014 tantummodo,
920 966 1074 1012 Vatini,
1107 964 1205 1019 quid
1237 963 1454 1017 indignitas
1476 963 1702 1017 postularet,

454 1035 622 1089 spectare
652 1034 874 1080 voluiffem,
910 1032 1087 1072 fecissem
1118 1031 1174 1077 id,
1215 1030 1324 1084 quod
1355 1029 1417 1068 his
1452 1029 1706 1068 vehementer

298 1104 494 1159 placebat,
526 1111 571 1141 ut
591 1111 643 1147 te,
670 1102 784 1154 cujus
807 1100 1095 1145 testimonium,
1122 1107 1283 1152 propter
1305 1097 1598 1150 turpitudinem
1617 1096 1706 1134 vitae

301 1170 505 1224 sordesque
537 1168 783 1214 domesticas,
815 1168 966 1206 nullius
995 1165 1192 1205 momenti
1219 1173 1438 1218 putaretur,
1472 1164 1614 1202 tacitus
1643 1162 1706 1199 di-

301 1239 503 1278 mitterem
521 1252 529 1276 :
564 1250 682 1275 nemo
703 1236 811 1274 enim
831 1235 978 1274 horum
999 1243 1066 1272 aut
1094 1234 1149 1271 ita
1170 1242 1207 1271 te
1228 1231 1483 1270 refutandum
1499 1261 1509 1276 ,
1545 1240 1588 1268 ut
1617 1243 1706 1282 gra-

302 1319 393 1344 vem
424 1303 710 1348 adversarium,
742 1312 809 1341 aut
838 1302 893 1340 ita
923 1300 1170 1354 rogandum,
1204 1308 1248 1337 ut
1281 1297 1509 1350 religiosum
1544 1296 1706 1340 testem,

303 1372 578 1411 arbitrabatur.
613 1370 687 1408 Sed
707 1369 767 1408 fui
787 1369 905 1423 paulo
926 1370 967 1407 in
990 1377 1027 1406 te
1048 1367 1375 1420 intemperantior
1396 1364 1565 1409 fortaffe,
1589 1377 1709 1416 quam

303 1439 450 1478 debui:
484 1437 576 1476 odio
607 1438 716 1475 enim
749 1437 823 1482 tui,
856 1437 897 1474 in
930 1449 1024 1488 quo,
1057 1434 1125 1472 etfi
1158 1447 1295 1472 omnes
1329 1441 1491 1485 propter
1523 1440 1639 1469 tuum
1668 1430 1708 1467 in

302 1519 365 1544 me
386 1504 510 1544 scelus
532 1504 708 1556 superare
729 1502 877 1547 debeo,
910 1511 1042 1540 tamen
1062 1501 1110 1538 ab
1132 1498 1320 1538 omnibus
1342 1511 1442 1550 pene
1462 1498 1600 1535 vincor
1615 1525 1625 1541 ‚
1659 1496 1710 1533 fic

302 1571 390 1610 sum
421 1571 633 1614 incitatus,
666 1579 733 1614 ut,
767 1582 860 1606 cum
889 1577 926 1605 te
954 1580 1034 1604 non
1067 1566 1201 1603 minus
1234 1573 1555 1607 contemnerem,
1589 1575 1714 1614 quam

305 1636 496 1681 odissem,
533 1644 665 1674 tamen
700 1642 886 1672 vexatum
920 1632 1084 1685 potius,
1121 1644 1243 1683 quam
1277 1629 1533 1683 despectum,
1565 1628 1711 1666 vellem

304 1703 519 1742 dimittere.

363 1771 510 1822 Qare‚
547 1781 596 1805 ne
627 1767 702 1804 tibi
734 1765 843 1804 hunc
876 1764 1071 1804 honorem
1102 1777 1123 1801 a
1153 1776 1217 1801 me
1249 1761 1387 1800 haberi
1418 1760 1521 1799 forte
1553 1760 1709 1804 mirere,

306 1836 414 1890 quod
446 1836 702 1887 interrogem,
735 1846 856 1885 quern
888 1845 1006 1870 nemo
1039 1829 1258 1883 congressu,
1291 1842 1408 1867 nemo
1437 1828 1561 1873 aditu,
1594 1840 1712 1865 nemo

307 1902 507 1955 suffragio,
540 1914 657 1939 nemo
678 1899 853 1945 civitate,
885 1912 1003 1937 nemo
1023 1898 1128 1943 luce,
1159 1896 1328 1949 dignum
1349 1904 1485 1948 putet;
1519 1894 1629 1932 nulla
1649 1906 1714 1931 me

308 1968 355 2008 ad
387 1968 428 2006 id
448 1966 559 2006 causa
578 1965 809 2019 impulisset,
842 1965 913 2003 nisi
935 1974 979 2003 ut
999 1963 1249 2002 ferocitatem
1270 1971 1379 2000 tuam
1400 1961 1512 1999 istam
1533 1960 1711 2012 compri-

309 2048 473 2080 merem,
510 2043 549 2072 et
581 2032 783 2071 audaciam
815 2029 1053 2083 frangerem,
1088 2038 1127 2067 et
1157 2029 1442 2081 loquacitatem
1473 2026 1712 2079 paucissimis

310 2100 687 2153 interrogationibus
709 2097 903 2136 irretitam
923 2096 1171 2135 retardarem.
1204 2095 1368 2133 Etenim
1390 2093 1573 2137 debuisti,
1596 2092 1711 2129 Vati-

312 2168 368 2213 ni,
389 2168 509 2205 etiam
530 2166 557 2204 fi
578 2165 675 2203 falso
694 2163 855 2203 veniffes
877 2164 918 2201 in
940 2163 1203 2216 suspicionem
1225 2161 1271 2200 Ρ.
1288 2162 1436 2205 Sextio,
1460 2169 1590 2197 tamen
1611 2156 1714 2196 mihi

313 2232 527 2285 ignoscere,
560 2231 601 2276 fi,
634 2231 675 2268 in
706 2239 815 2268 tanto
836 2229 1012 2267 hominis
1035 2228 1081 2266 de
1101 2241 1166 2266 me
1186 2227 1338 2280 optime
1357 2226 1490 2264 meriti
1510 2223 1711 2277 periculo,

313 2307 352 2336 et
385 2298 554 2350 tempori
585 2298 668 2349 ejus
700 2305 739 2335 et
771 2296 967 2334 voluntati
998 2308 1131 2349 parere
1162 2292 1381 2332 voluiffem.
1434 2291 1505 2329 Sed
1536 2290 1715 2328 hesterno

316 2377 386 2416 pro
422 2362 646 2401 testimonio
681 2361 752 2400 effe
786 2362 1028 2406 mentitum,
1070 2373 1164 2398 cum
1199 2359 1408 2397 affirmares
1445 2357 1603 2394 nullum
1640 2354 1714 2391 tibi

315 2429 481 2469 omnino
519 2441 613 2467 cum
652 2427 905 2467 Albinovano
946 2426 1165 2466 sermonem
1204 2438 1284 2463 non
1323 2423 1442 2462 modo
1489 2422 1536 2460 de
1582 2421 1715 2458 Sextio
