2076 2860
462 194 539 231 260
934 195 1378 234 ORATIO

458 294 658 346 cogitavit,
676 294 771 347 falfi
795 293 915 348 testes,
932 295 1066 347 fiHum
1095 296 1241 334 crimen.
1279 296 1360 334 Dic
1393 305 1455 341 te,
1489 295 1640 341 Caesar,
1672 295 1720 334 de
1750 294 1853 334 facto

458 361 608 412 Ligarii
624 361 803 412 judicem
823 361 919 399 effe:
944 362 1089 413 quibus
1112 362 1152 399 in
1175 362 1357 414 praefidiis
1380 361 1514 408 fuerit,
1537 376 1679 415 quaere.
1703 363 1851 401 Taceo.

459 427 523 464 Ne
543 426 625 464 haec
646 426 809 478 quidem
829 427 977 480 colligo
992 457 1003 473 ,
1034 441 1121 481 quae
1147 428 1301 466 fortaffe
1330 429 1503 467 valerent
1523 430 1642 467 etiam
1662 429 1766 481 apud
1781 429 1852 481 ju—

458 492 585 530 dicem
606 508 613 530 :
649 494 820 545 Legatus
841 503 929 531 ante
951 494 1102 532 bellum
1124 494 1337 547 profectus,
1365 496 1521 533 relictus
1543 496 1582 533 in
1606 509 1713 547 pace,
1747 494 1854 533 bello

458 557 655 610 oppreffus
671 588 682 604 ‚
714 560 755 597 in
786 573 831 597 eo
858 573 937 597 non
959 561 1120 599 acerbus
1139 580 1150 606 3
1183 571 1271 599 tum
1291 561 1410 599 etiam
1432 570 1538 599 totus
1559 562 1692 599 animo
1713 570 1752 598 et
1772 561 1853 598 stu-

457 624 522 662 dio
544 634 648 664 tuus.
690 625 755 663 Ad
779 626 959 678 judicem
989 627 1039 666 fic
1060 627 1122 680 agi
1144 626 1253 666 solet.
1297 626 1370 665 Sed
1399 641 1473 680 ego
1493 626 1540 665 ad
1568 636 1769 680 parentem
1790 626 1851 664 lo-

456 705 570 744 quor,
594 693 745 738 Erravi,
773 702 918 732 temere
937 693 1030 739 feci,
1053 694 1221 747 poenitet
1239 709 1248 732 :
1281 693 1328 731 ad
1348 693 1602 732 clementiam
1623 703 1732 732 tuam
1753 706 1850 732 con-

457 756 596 811 fugio:
620 758 754 797 delicti
774 760 929 798 veniam
950 769 1064 812 peto:
1088 769 1133 799 ut
1153 759 1329 813 ignoscas
1350 774 1433 798 oro.
1467 761 1505 797 Si
1527 773 1643 798 nemo
1664 762 1853 812 impetra-

457 825 539 870 vit,
570 835 820 878 arroganter;
854 827 879 864 s1
902 826 1089 879 plurimi,
1122 836 1165 865 tu
1186 826 1291 865 idem
1313 825 1371 864 fer
1391 840 1532 879 opem,
1564 827 1635 879 qui
1656 825 1762 879 spem
1784 825 1852 863 de—

457 891 561 930 disti.
594 892 659 930 An
681 892 857 944 sperandi
880 894 1039 945 Ligario
1059 893 1170 931 causa
1190 907 1268 931 non
1292 893 1357 937 fit,
1389 907 1483 931 cum
1503 891 1605 930 mihi
1626 892 1730 945 apud
1751 901 1789 931 te
1809 892 1856 930 fit

458 956 568 995 locus
601 958 719 995 etiam
752 972 823 1012 pro
854 958 976 997 altero
1004 958 1269 1012 deprecandi?
1347 972 1544 1011 uanquam
1573 971 1698 1010 neque
1720 958 1760 996 in
1781 956 1855 996 hac

456 1024 631 1062 oratione
659 1023 742 1077 spes
763 1025 816 1062 est
836 1025 958 1077 posita
978 1025 1098 1064 causae
1114 1054 1125 1070 ,
1158 1039 1228 1063 nec
1260 1026 1300 1062 in
1328 1038 1464 1063 eorum
1484 1023 1620 1062 studiis
1636 1053 1647 1069 ,
1679 1024 1750 1077 qui
1776 1037 1797 1061 a
1818 1032 1856 1062 te

456 1103 527 1142 pro
548 1090 709 1142 Ligario
730 1099 886 1143 petunt,
919 1091 977 1128 tui
999 1090 1211 1129 neceffarii.

512 1156 586 1194 XI.
610 1155 706 1194 Vidi
726 1157 849 1201 enim,
867 1165 905 1195 et
926 1158 1110 1210 cognovi,
1133 1156 1237 1213 quid!
1252 1157 1424 1195 maxime
1446 1156 1645 1210 spectares,
1668 1170 1762 1195 cum
1782 1170 1855 1209 pro

456 1222 623 1274 alicujus
645 1222 765 1261 salute
786 1223 905 1261 multi
927 1223 1166 1262 laborarent:
1186 1223 1316 1262 causas
1333 1223 1436 1276 apud
1459 1233 1495 1261 te
1516 1224 1743 1276 rogantium
1764 1236 1855 1275 gra-

455 1288 630 1326 tiofiores
649 1288 745 1334 effe,
778 1303 898 1343 quam
918 1290 1081 1335 vultus3
1114 1303 1241 1342 neque
1269 1289 1461 1342 speetare,
1494 1303 1614 1341 quam
1643 1297 1735 1327 tuus
1763 1289 1855 1328 esset

456 1355 684 1393 necessarius
706 1357 759 1401 is,
792 1356 861 1409 qui
884 1365 920 1394 te
941 1365 1086 1401 oraret,
1119 1356 1182 1394 sed
1203 1369 1322 1408 quam
1343 1355 1476 1401 illius,
1507 1369 1580 1408 pro
1599 1369 1679 1408 quo
1699 1356 1854 1394 labora-

455 1430 527 1460 ret.
561 1422 698 1475 Itaque
718 1422 859 1460 tribuis
882 1431 923 1460 tu
946 1422 1110 1475 quidem
1131 1423 1208 1460 tuis
1230 1422 1285 1460 ita
1305 1423 1444 1467 multa,
1469 1431 1512 1459 ut
1533 1421 1635 1459 mihi
1657 1422 1847 1461 beatiores

455 1486 516 1524 illi
536 1487 609 1525 effe
629 1487 833 1527 videantur
853 1488 1069 1533 interdum,
1087 1489 1156 1540 qui
1178 1497 1244 1526 tua
1263 1488 1497 1526 liberalitate
1513 1487 1714 1533 fruuntur,
1733 1501 1854 1540 quam

457 1563 499 1591 tu
521 1553 601 1605 ipse
616 1583 626 1598 ,
659 1554 729 1607 qui
750 1554 831 1592 illis
853 1563 933 1592 tam
954 1554 1081 1593 multa
1101 1554 1300 1593 concedis.
1335 1554 1407 1592 Sed
1427 1553 1541 1592 video
1562 1563 1692 1592 tamen
1708 1583 1719 1599 ,
1751 1554 1855 1607 apud

457 1629 494 1656 te
526 1619 671 1664 causas,
704 1628 747 1657 ut
780 1619 877 1665 dixi,
911 1620 1137 1672 rogantium
1169 1620 1295 1658 valere
1327 1620 1431 1673 plus,
1464 1633 1583 1672 quam
1611 1632 1773 1672 preces,
1805 1619 1854 1657 ab

457 1684 579 1737 iisque
602 1695 639 1723 te
660 1686 809 1725 moveri
831 1687 1003 1725 maxime
1017 1716 1029 1732 ,
1062 1700 1233 1739 quorum
1249 1686 1505 1740 justissimum
1527 1685 1704 1725 dolorem
1724 1685 1853 1724 videas

456 1753 495 1789 in
518 1753 701 1804 petendo.

513 1819 557 1855 In
581 1819 820 1871 QLigario
850 1819 1112 1858 conservando
1141 1820 1280 1857 multis
1310 1829 1351 1857 tu
1374 1819 1535 1871 quidem
1555 1828 1712 1871 gratum
1733 1818 1853 1857 facies

458 1882 670 1921 neceffariis
693 1885 771 1922 tuis
791 1899 799 1922 ε
834 1884 896 1922 sed
929 1884 1020 1929 hoc,
1053 1885 1196 1937 quaeso,
1228 1885 1438 1930 confidera,
1471 1886 1578 1936 quod
1609 1884 1721 1922 soles.
1755 1883 1850 1921 Pos-

458 1949 542 1987 sum
575 1948 802 1988 fortiffimos
835 1952 953 1996 viros,
987 1951 1165 1996 Sabinos,
1198 1951 1273 1988 tibi
1304 1951 1608 2003 probatiflimos,
1640 1958 1852 2002 totumque

456 2028 594 2066 agrum
616 2015 820 2062 Sabinum,
839 2016 975 2055 florem
998 2016 1134 2062 Italiae,
1153 2030 1195 2054 ac
1213 2017 1332 2054 robur
1353 2016 1594 2069 reipublicae,
1618 2028 1849 2068 proponere.

458 2081 573 2119 Nosti
601 2083 751 2134 optime
772 2081 969 2122 homines.
1003 2083 1284 2122 Animadverte
1314 2083 1458 2122 horum
1488 2084 1670 2121 omnium
1700 2081 1851 2120 moesti-

459 2146 569 2191 tiam,
592 2155 630 2184 et
651 2147 842 2187 dolorem.
876 2149 1011 2201 Hujus
1033 2150 1086 2187 T.
1113 2147 1298 2194 Brocchi,
1325 2148 1372 2186 de
1392 2162 1472 2201 quo
1493 2162 1572 2186 non
1594 2147 1734 2184 dubito
1755 2146 1852 2199 quid

456 2212 668 2257 existimes,
700 2213 889 2265 lacrymas
912 2214 1209 2267 squaloremque
1231 2215 1363 2267 ipfius,
1396 2224 1433 2252 et
1455 2214 1543 2260 filii,
1575 2213 1697 2252 vides.

514 2278 624 2330 Qid
646 2278 692 2316 de
713 2278 900 2319 fratribus
921 2280 1049 2319 dicam
1067 2281 1078 2317 ?
1112 2281 1226 2325 Noli,
1251 2280 1388 2325 Caesar,
1422 2290 1556 2333 putare
1578 2280 1625 2318 de
1646 2279 1762 2317 unius
1785 2290 1850 2315 ca-

457 2344 538 2396 pite
559 2358 629 2383 nos
650 2359 774 2397 agere.
808 2348 891 2385 Aut
913 2357 988 2384 tres
1011 2346 1086 2384 tibi
1108 2347 1256 2399 Ligarii
1279 2347 1472 2384 retinendi
1494 2348 1534 2385 in
1556 2346 1714 2385 civitate
1736 2344 1848 2389 sunt,

456 2422 522 2448 aut
544 2420 618 2448 tres
640 2425 688 2449 ex
709 2412 867 2451 civitate
888 2413 1190 2451 exterminandi.
1230 2413 1409 2464 Qodvis
1431 2414 1597 2451 exilium
1619 2412 1680 2450 his
1702 2410 1755 2448 est
1775 2423 1848 2461 op-

459 2477 590 2522 tatius,
623 2492 742 2530 quam
765 2480 901 2530 patria,
924 2493 1042 2533 quam
1064 2479 1221 2525 domus,
1244 2493 1364 2531 quam
1386 2480 1454 2518 Dii
1478 2488 1648 2533 penate5‚
1680 2490 1758 2517 uno
1779 2475 1850 2514 illo
