2076 2860
667 158 1248 199 PHILIPPICA
1325 159 1380 198 ΙΙ.
1646 173 1718 213 301

325 260 591 301 conclusionis
614 274 709 299 rneae
728 276 737 298 :
771 260 973 312 Qoniam
996 259 1136 297 scelere
1157 273 1178 296 a
1198 268 1235 297 te
1256 259 1411 297 liberati
1441 259 1545 306 sunt,
1577 260 1624 298 ab
1653 275 1722 300 eo·-

328 328 422 365 dem
444 337 480 364 te
502 326 747 378 ampliffimis
770 325 940 377 praemiis
962 324 1206 376 dignissimos
1222 325 1436 376 judicatos.
1482 327 1619 379 Itaque
1637 327 1723 380 jam

327 402 462 431 retexo
483 392 702 429 orationem
718 405 867 429 meam:
893 390 1059 428 scribam
1077 390 1123 427 ad
1143 390 1250 435 illos,
1274 400 1331 436 ut,
1350 391 1376 430 fi
1394 392 1462 444 qui
1479 391 1595 437 forte,
1615 393 1722 445 quod

328 471 350 495 a
371 467 408 495 te
428 456 531 494 mihi
551 456 751 508 objeCfflm
773 457 840 501 est,
872 466 1060 508 quaerent,
1093 456 1188 494 fitne
1209 471 1371 503 verum3
1403 471 1453 495 ne
1473 458 1539 496 cui
1559 468 1720 511 negent⁴

328 523 492 561 Etenim
513 508 666 567 vereor,
699 536 746 560 ne
767 532 853 567 aut,
885 522 1057 560 celatum
1079 536 1142 560 me
1163 523 1210 560 ab
1231 523 1341 575 ipfis,
1373 523 1454 562 illis
1476 538 1555 562 non
1576 523 1720 563 hones-

327 599 436 634 tum3
460 598 540 633 aut,
559 589 772 627 invitatum
788 588 983 641 refugisse,
1002 588 1104 626 mihi
1126 589 1171 626 fit
1192 589 1473 642 turpiffimum.
1498 591 1597 642 Qae
1612 585 1721 630 enim

329 668 388 693 res
412 668 586 708 unquam
601 684 612 700 ‚
645 669 716 707 pro
743 655 869 693 san6³oe
889 656 1046 707 Jupiter
1065 655 1073 692 !
1105 669 1186 692 non
1208 655 1327 693 modo
1349 656 1388 693 in
1410 655 1484 694 hac
1506 657 1601 695 urbe
1615 686 1626 702 ,
1660 658 1723 697 sed

328 721 369 759 in
391 721 578 759 omnibus
600 721 727 766 terris,
750 721 803 759 est
822 720 926 773 gesta
945 722 1098 773 major?
1130 734 1216 772 quae
1235 721 1468 772 gloriosior?
1500 737 1586 775 quae
1607 737 1720 761 com-

326 787 549 826 mendatior
569 787 643 825 erit
662 787 876 826 hominurn
899 788 1099 825 memoriae
1126 787 1371 839 sempiternae
1391 789 1403 826 ?
1436 789 1483 826 In
1510 788 1630 841 hujus
1659 804 1722 828 me

326 853 481 891 consilii
501 853 740 899 societatem,
773 863 961 906 tanquam
982 854 1023 891 in
1043 866 1193 905 equum
1214 854 1452 906 Trojanum,
1485 867 1578 893 cum
1608 856 1721 908 prin-

321 920 483 973 cipibus
505 920 676 958 includis
696 920 709 957 ?
742 934 821 958 non
842 920 991 958 recuso.

381 987 472 1037 Ago
492 985 611 1023 etiam
632 985 788 1037 gratias,
821 1000 983 1039 quoquo
1003 986 1136 1024 animo
1157 985 1253 1025 facis
1271 1002 1282 1025 τ
1316 996 1423 1025 tanta
1442 988 1549 1026 enim
1572 1003 1630 1027 res
1651 990 1719 1036 est,

326 1059 371 1089 ut
391 1050 582 1088 invidiam
602 1050 713 1089 istam
729 1081 740 1096 ,
772 1065 892 1103 quam
920 1061 962 1090 tu
990 1052 1031 1089 in
1059 1066 1123 1090 me
1148 1053 1206 1090 vis
1235 1053 1457 1099 concitare,
1490 1068 1583 1093 curn
1608 1056 1722 1094 laude

322 1131 405 1155 non
427 1131 669 1170 comparem.
702 1118 813 1170 Qid
834 1119 941 1156 enim
965 1119 1114 1157 beatius
1137 1119 1233 1164 illis,
1255 1133 1354 1172 quos
1376 1129 1419 1158 tu
1439 1121 1621 1174 expulsos
1642 1136 1664 1160 a
1683 1132 1722 1161 te

326 1184 527 1236 praedicas,
551 1193 590 1222 et
611 1184 801 1236 relegatos
820 1186 834 1222 ?
858 1186 928 1238 qui
949 1185 1059 1224 locus
1081 1185 1134 1223 est
1154 1195 1220 1224 aut
1241 1194 1322 1224 tam
1344 1186 1530 1232 desertus,
1552 1198 1619 1226 aut
1640 1198 1721 1226 tam

324 1249 582 1294 inhumanus,
614 1251 685 1301 qui
705 1250 819 1294 illos,
850 1264 929 1302 quo
950 1251 1199 1297 accefferint,
1232 1265 1311 1290 non
1333 1252 1441 1291 affari
1462 1263 1579 1306 atque
1599 1268 1720 1307 appe-

322 1326 405 1354 tere
426 1315 603 1354 videatur
622 1317 635 1353 ?
668 1317 736 1368 qui
758 1316 940 1356 homines
962 1326 1043 1355 tam
1064 1317 1243 1369 agrestes,
1275 1319 1346 1370 qui
1366 1319 1416 1364 se,
1449 1334 1543 1359 cum
1563 1335 1628 1359 eos
1650 1322 1718 1360 ad-

326 1381 537 1434 spexerint,
557 1395 640 1419 non
653 1382 875 1420 maximum
891 1382 1029 1435 cepiffe
1046 1383 1134 1422 vitae
1150 1382 1324 1422 frudfflm
1342 1388 1510 1437 putent?
1529 1401 1614 1440 quae
1630 1401 1721 1426 vero

327 1457 409 1486 tarn
428 1449 642 1486 immemor
662 1448 863 1501 posteritas
877 1478 887 1493 ‚
920 1463 1005 1501 quae
1028 1458 1107 1486 tam
1129 1449 1290 1501 ingratae
1310 1451 1432 1490 literae
1453 1454 1719 1506 reperientur,

326 1527 413 1565 quae
434 1527 571 1551 eorum
592 1514 761 1565 gloriam
778 1527 856 1551 non
873 1514 1183 1552 immortalitatis
1200 1516 1392 1554 memoria
1406 1518 1717 1570 prosequantur?

327 1581 395 1617 Tu
415 1593 505 1617 vero
526 1579 699 1617 adscribe
719 1594 783 1617 me
805 1580 922 1618 talem
944 1580 985 1617 in
1008 1594 1233 1619 numerum.

372 1645 486 1682 XIV.
512 1645 584 1682 Sed
601 1658 719 1682 unam
737 1659 818 1682 rem
839 1659 986 1691 vereor,
1011 1660 1058 1684 ne
1079 1660 1159 1684 non
1180 1648 1335 1699 probes.
1362 1648 1400 1686 Si
1421 1650 1528 1687 enim
1545 1649 1715 1696 fuissem,

326 1723 405 1747 non
427 1710 555 1748 solum
576 1724 723 1762 regem,
747 1711 810 1748 sed
831 1725 999 1763 regnum
1019 1713 1152 1757 etiam,
1172 1712 1218 1750 de
1239 1714 1442 1766 republica
1462 1715 1716 1754 sustulissem:

325 1785 379 1821 et,
411 1776 437 1814 fi
459 1789 569 1814 meus
591 1776 710 1827 stylus
732 1776 800 1814 ille
821 1775 965 1821 fuisset,
998 1786 1042 1814 ut
1072 1778 1232 1823 dicitur,
1264 1778 1366 1817 mihi
1396 1781 1523 1826 crede,
1555 1795 1634 1819 non
1656 1782 1718 1820 so-

325 1842 412 1880 lum
430 1856 555 1880 unum
571 1844 717 1887 acrum,
736 1842 800 1879 sed
820 1851 944 1880 totam
960 1841 1152 1888 fabulam,
1168 1843 1437 1885 confecissem.
1461 1848 1717 1900 Qanqumn,

326 1907 354 1946 fi
376 1908 546 1946 interfici
569 1908 759 1946 Caesarem
780 1909 942 1947 voluisse
963 1909 1113 1948 crimen
1140 1909 1207 1955 est,
1239 1911 1341 1957 vide,
1374 1912 1516 1964 quaeso,
1548 1915 1717 1960 Antoni,

326 1973 424 2025 quid
457 1974 531 2011 tibi
564 1973 746 2012 futurum
780 1975 840 2019 sit,
872 1989 990 2027 quem
1023 1985 1061 2013 et
1089 1976 1278 2015 Narbone
1297 1976 1374 2015 hoc
1395 1979 1603 2018 confilium
1624 1994 1718 2019 cum

329 2040 379 2077 C.
403 2039 607 2079 Trebonio
629 2039 767 2091 cepiffe
789 2040 1033 2078 notiffimum
1063 2040 1142 2086 est;
1176 2052 1215 2080 et
1235 2042 1285 2080 ob
1307 2044 1389 2095 ejus
1411 2045 1564 2085 confilii
1593 2046 1717 2084 socie-

324 2113 448 2142 tatem
465 2134 474 2149 ‚
507 2119 600 2143 cum
622 2105 909 2143 interficeretur
930 2106 1055 2144 Caesar
1069 2135 1081 2153 ‚
1113 2117 1200 2146 tum
1222 2118 1258 2148 te
1278 2123 1299 2146 a
1319 2110 1523 2150 Trebonio
1544 2112 1716 2152 vidimus

327 2169 509 2208 sevocari.
554 2171 642 2221 Ego
671 2180 803 2208 autem
837 2171 942 2223 (vide
972 2186 1092 2225 quarn
1123 2182 1256 2214 tecum
1279 2188 1396 2228 ragam
1426 2191 1507 2215 non
1534 2178 1715 2231 inimice)

327 2234 434 2287 quod
459 2234 555 2272 bene
576 2235 753 2287 cogitasti
773 2237 998 2288 aliquando,
1021 2239 1159 2285 laudo;
1183 2241 1291 2293 quod
1313 2255 1389 2280 non
1412 2242 1605 2289 indicasti,
1627 2259 1716 2296 gra·-

326 2301 398 2339 tias
420 2314 519 2352 ago5
553 2301 660 2352 quod
681 2315 759 2339 non
781 2301 920 2349 fecisti,
953 2305 1137 2356 ignosco:
1171 2307 1300 2345 virum
1322 2322 1379 2346 res
1400 2309 1468 2346 illa
1488 2311 1699 2362 quaerebat.

384 2365 504 2417 Qod
533 2366 558 2403 fi
581 2376 617 2403 te
640 2367 679 2403 in
695 2367 896 2419 judicium
918 2371 1005 2422 quis
1027 2371 1207 2418 adducat,
1240 2373 1476 2426 usurpetque
1497 2375 1597 2412 illud
1621 2376 1714 2413 Cas-

323 2431 498 2479 fianum,
532 2432 605 2472 Cui
621 2431 705 2472 bono
710 2433 864 2487 suerit5
896 2435 999 2483 vide,
1032 2437 1184 2490 quaeso,
1216 2452 1264 2478 ne
1284 2438 1441 2480 haereas.
1475 2441 1715 2494 Qanquam
