<?xml version="1.0" encoding="UTF-8"?>
<!DOCTYPE html PUBLIC "-//W3C//DTD XHTML 1.0 Transitional//EN"
    "http://www.w3.org/TR/xhtml1/DTD/xhtml1-transitional.dtd">
<html xmlns="http://www.w3.org/1999/xhtml" xml:lang="en" lang="en">
 <head>
  <title>
</title>
<meta http-equiv="Content-Type" content="text/html;charset=utf-8" />
  <meta name='ocr-system' content='tesseract 3.04.00' />
  <meta name='ocr-capabilities' content='ocr_page ocr_carea ocr_par ocr_line ocrx_word'/>
</head>
<body>
  <div class='ocr_page' id='page_1' title='image "./operacumindicibu06ciceuoft_0333.png"; bbox 0 0 2076 2860; ppageno 0'>
   <div class='ocr_carea' id='block_1_1' title="bbox 627 182 1681 233">
    <p class='ocr_par' dir='ltr' id='par_1_1' title="bbox 627 182 1681 233">
     <span class='ocr_line' id='line_1_1' title="bbox 627 182 1681 233; baseline -0.005 -10"><span class='ocrx_word' id='word_1_1' title='bbox 627 182 1206 224; x_wconf 89' lang='lat' dir='ltr'>PHILIPPICA</span> <span class='ocrx_word' id='word_1_2' title='bbox 1284 182 1338 219; x_wconf 88' lang='lat'>11.</span> <span class='ocrx_word' id='word_1_3' title='bbox 1606 194 1681 233; x_wconf 73' lang='lat'>323</span> 
     </span>
    </p>
   </div>
   <div class='ocr_carea' id='block_1_2' title="bbox 283 281 1696 2461">
    <p class='ocr_par' dir='ltr' id='par_1_2' title="bbox 284 281 1688 991">
     <span class='ocr_line' id='line_1_2' title="bbox 284 281 1686 338; baseline -0.007 -10"><span class='ocrx_word' id='word_1_4' title='bbox 284 288 501 328; x_wconf 83' lang='lat' dir='ltr'>Antonius.</span> <span class='ocrx_word' id='word_1_5' title='bbox 536 288 654 327; x_wconf 84' lang='lat' dir='ltr'><strong>Unde</strong></span> <span class='ocrx_word' id='word_1_6' title='bbox 676 287 744 325; x_wconf 89' lang='lat' dir='ltr'>ista</span> <span class='ocrx_word' id='word_1_7' title='bbox 764 295 980 338; x_wconf 87' lang='lat' dir='ltr'>erumpunt</span> <span class='ocrx_word' id='word_1_8' title='bbox 999 287 1011 323; x_wconf 88' lang='lat'>?</span> <span class='ocrx_word' id='word_1_9' title='bbox 1044 299 1124 338; x_wconf 90' lang='lat' dir='ltr'>quo</span> <span class='ocrx_word' id='word_1_10' title='bbox 1150 285 1304 322; x_wconf 65' lang='lat' dir='ltr'>auctore</span> <span class='ocrx_word' id='word_1_11' title='bbox 1325 281 1612 336; x_wconf 86' lang='lat' dir='ltr'>proferuntur?</span> <span class='ocrx_word' id='word_1_12' title='bbox 1646 282 1686 319; x_wconf 85' lang='lat' dir='ltr'>Si</span> 
     </span>
     <span class='ocr_line' id='line_1_3' title="bbox 284 348 1683 407; baseline -0.006 -13"><span class='ocrx_word' id='word_1_13' title='bbox 284 356 373 394; x_wconf 89' lang='lat' dir='ltr'>sunt</span> <span class='ocrx_word' id='word_1_14' title='bbox 394 355 501 400; x_wconf 81' lang='lat' dir='ltr'>falsa,</span> <span class='ocrx_word' id='word_1_15' title='bbox 523 369 594 392; x_wconf 89' lang='lat' dir='ltr'>cur</span> <span class='ocrx_word' id='word_1_16' title='bbox 614 354 860 407; x_wconf 80' lang='lat' dir='ltr'>probantur?</span> <span class='ocrx_word' id='word_1_17' title='bbox 885 353 910 391; x_wconf 88' lang='lat' dir='ltr'><strong>fi</strong></span> <span class='ocrx_word' id='word_1_18' title='bbox 933 366 1033 397; x_wconf 87' lang='lat' dir='ltr'>vera,</span> <span class='ocrx_word' id='word_1_19' title='bbox 1057 365 1128 389; x_wconf 86' lang='lat' dir='ltr'>cur</span> <span class='ocrx_word' id='word_1_20' title='bbox 1148 351 1348 389; x_wconf 87' lang='lat' dir='ltr'>veneunt?</span> <span class='ocrx_word' id='word_1_21' title='bbox 1373 351 1428 387; x_wconf 86' lang='lat' dir='ltr'>At</span> <span class='ocrx_word' id='word_1_22' title='bbox 1450 350 1500 387; x_wconf 89' lang='lat' dir='ltr'>fic</span> <span class='ocrx_word' id='word_1_23' title='bbox 1522 348 1683 402; x_wconf 81' lang='lat' dir='ltr'>placue-</span> 
     </span>
     <span class='ocr_line' id='line_1_4' title="bbox 285 415 1683 471; baseline -0.005 -12"><span class='ocrx_word' id='word_1_24' title='bbox 285 431 355 466; x_wconf 87' lang='lat' dir='ltr'>rat,</span> <span class='ocrx_word' id='word_1_25' title='bbox 389 430 433 459; x_wconf 87' lang='lat' dir='ltr'>ut</span> <span class='ocrx_word' id='word_1_26' title='bbox 462 435 509 458; x_wconf 84' lang='lat' dir='ltr'>ex</span> <span class='ocrx_word' id='word_1_27' title='bbox 538 421 726 458; x_wconf 78' lang='lat' dir='ltr'>Kalendis</span> <span class='ocrx_word' id='word_1_28' title='bbox 749 419 882 471; x_wconf 81' lang='lat' dir='ltr'>Juniis</span> <span class='ocrx_word' id='word_1_29' title='bbox 913 419 959 456; x_wconf 92' lang='lat' dir='ltr'>de</span> <span class='ocrx_word' id='word_1_30' title='bbox 992 418 1150 456; x_wconf 59' lang='lat' dir='ltr'>Caesaris</span> <span class='ocrx_word' id='word_1_31' title='bbox 1173 417 1265 455; x_wconf 56' lang='lat' dir='ltr'>actis</span> <span class='ocrx_word' id='word_1_32' title='bbox 1287 431 1381 454; x_wconf 88' lang='lat' dir='ltr'>cum</span> <span class='ocrx_word' id='word_1_33' title='bbox 1401 415 1564 454; x_wconf 84' lang='lat' dir='ltr'>confilio</span> <span class='ocrx_word' id='word_1_34' title='bbox 1585 428 1683 467; x_wconf 87' lang='lat' dir='ltr'>cog-</span> 
     </span>
     <span class='ocr_line' id='line_1_5' title="bbox 285 481 1683 538; baseline -0.006 -12"><span class='ocrx_word' id='word_1_35' title='bbox 285 488 509 526; x_wconf 85' lang='lat' dir='ltr'>nosceretis.</span> <span class='ocrx_word' id='word_1_36' title='bbox 555 487 676 538; x_wconf 84' lang='lat' dir='ltr'>Qod</span> <span class='ocrx_word' id='word_1_37' title='bbox 709 486 788 524; x_wconf 88' lang='lat' dir='ltr'>fuit</span> <span class='ocrx_word' id='word_1_38' title='bbox 820 486 1062 524; x_wconf 85' lang='lat' dir='ltr'>confilium?</span> <span class='ocrx_word' id='word_1_39' title='bbox 1096 498 1215 537; x_wconf 88' lang='lat' dir='ltr'>quem</span> <span class='ocrx_word' id='word_1_40' title='bbox 1250 496 1426 536; x_wconf 88' lang='lat' dir='ltr'>unquam</span> <span class='ocrx_word' id='word_1_41' title='bbox 1458 481 1683 520; x_wconf 84' lang='lat' dir='ltr'>advocasti?</span> 
     </span>
     <span class='ocr_line' id='line_1_6' title="bbox 284 549 1685 607; baseline -0.005 -15"><span class='ocrx_word' id='word_1_42' title='bbox 284 568 379 607; x_wconf 84' lang='lat' dir='ltr'>quas</span> <span class='ocrx_word' id='word_1_43' title='bbox 402 553 597 592; x_wconf 80' lang='lat' dir='ltr'>Kalendas</span> <span class='ocrx_word' id='word_1_44' title='bbox 619 554 757 605; x_wconf 85' lang='lat' dir='ltr'>Junias</span> <span class='ocrx_word' id='word_1_45' title='bbox 780 552 1014 605; x_wconf 64' lang='lat' dir='ltr'>expectasti?</span> <span class='ocrx_word' id='word_1_46' title='bbox 1046 565 1092 588; x_wconf 86' lang='lat' dir='ltr'>an</span> <span class='ocrx_word' id='word_1_47' title='bbox 1114 565 1190 595; x_wconf 87' lang='lat' dir='ltr'>eas,</span> <span class='ocrx_word' id='word_1_48' title='bbox 1214 550 1260 587; x_wconf 85' lang='lat' dir='ltr'>ad</span> <span class='ocrx_word' id='word_1_49' title='bbox 1281 563 1377 602; x_wconf 87' lang='lat' dir='ltr'>quas</span> <span class='ocrx_word' id='word_1_50' title='bbox 1399 558 1451 594; x_wconf 87' lang='lat' dir='ltr'>te,</span> <span class='ocrx_word' id='word_1_51' title='bbox 1475 549 1685 602; x_wconf 85' lang='lat' dir='ltr'>peragratis</span> 
     </span>
     <span class='ocr_line' id='line_1_7' title="bbox 285 615 1685 671; baseline -0.004 -14"><span class='ocrx_word' id='word_1_52' title='bbox 285 629 559 659; x_wconf 86' lang='lat' dir='ltr'>veteranorum</span> <span class='ocrx_word' id='word_1_53' title='bbox 587 619 772 663; x_wconf 85' lang='lat' dir='ltr'>coloniis,</span> <span class='ocrx_word' id='word_1_54' title='bbox 805 618 990 671; x_wconf 85' lang='lat' dir='ltr'>stipatum</span> <span class='ocrx_word' id='word_1_55' title='bbox 1021 617 1138 657; x_wconf 83' lang='lat' dir='ltr'>armis</span> <span class='ocrx_word' id='word_1_56' title='bbox 1170 616 1367 654; x_wconf 87' lang='lat' dir='ltr'>retulisti?</span> <span class='ocrx_word' id='word_1_57' title='bbox 1401 616 1438 652; x_wconf 93' lang='lat' dir='ltr'>O</span> <span class='ocrx_word' id='word_1_58' title='bbox 1461 615 1685 667; x_wconf 73' lang='lat' dir='ltr'>praeclaram</span> 
     </span>
     <span class='ocr_line' id='line_1_8' title="bbox 284 681 1683 738; baseline -0.005 -13"><span class='ocrx_word' id='word_1_59' title='bbox 284 686 394 725; x_wconf 88' lang='lat' dir='ltr'>illam</span> <span class='ocrx_word' id='word_1_60' title='bbox 425 686 756 738; x_wconf 67' lang='lat' dir='ltr'>percursationem</span> <span class='ocrx_word' id='word_1_61' title='bbox 787 694 895 723; x_wconf 89' lang='lat' dir='ltr'>tuam</span> <span class='ocrx_word' id='word_1_62' title='bbox 930 684 1060 722; x_wconf 84' lang='lat' dir='ltr'>mense</span> <span class='ocrx_word' id='word_1_63' title='bbox 1090 683 1238 736; x_wconf 82' lang='lat' dir='ltr'>Aprili,</span> <span class='ocrx_word' id='word_1_64' title='bbox 1270 691 1389 734; x_wconf 85' lang='lat' dir='ltr'>atque</span> <span class='ocrx_word' id='word_1_65' title='bbox 1419 681 1547 726; x_wconf 85' lang='lat' dir='ltr'>Maio,</span> <span class='ocrx_word' id='word_1_66' title='bbox 1580 690 1683 725; x_wconf 88' lang='lat' dir='ltr'>tum,</span> 
     </span>
     <span class='ocr_line' id='line_1_9' title="bbox 285 747 1684 806; baseline -0.005 -15"><span class='ocrx_word' id='word_1_67' title='bbox 285 767 379 792; x_wconf 85' lang='lat' dir='ltr'>cum</span> <span class='ocrx_word' id='word_1_68' title='bbox 400 755 519 791; x_wconf 89' lang='lat' dir='ltr'>etiarn</span> <span class='ocrx_word' id='word_1_69' title='bbox 543 754 721 806; x_wconf 77' lang='lat' dir='ltr'>Capuam</span> <span class='ocrx_word' id='word_1_70' title='bbox 751 753 949 790; x_wconf 86' lang='lat' dir='ltr'>coloniam</span> <span class='ocrx_word' id='word_1_71' title='bbox 980 750 1171 788; x_wconf 77' lang='lat' dir='ltr'>deducere</span> <span class='ocrx_word' id='word_1_72' title='bbox 1191 756 1355 787; x_wconf 86' lang='lat' dir='ltr'>conatus</span> <span class='ocrx_word' id='word_1_73' title='bbox 1377 761 1415 786; x_wconf 85' lang='lat' dir='ltr'>es</span> <span class='ocrx_word' id='word_1_74' title='bbox 1436 748 1443 785; x_wconf 74' lang='grc' dir='ltr'>ἔ</span> <span class='ocrx_word' id='word_1_75' title='bbox 1478 747 1684 799; x_wconf 85' lang='lat' dir='ltr'>Qemad-</span> 
     </span>
     <span class='ocr_line' id='line_1_10' title="bbox 286 814 1684 870; baseline -0.004 -13"><span class='ocrx_word' id='word_1_76' title='bbox 286 820 452 858; x_wconf 87' lang='lat' dir='ltr'>modum</span> <span class='ocrx_word' id='word_1_77' title='bbox 486 820 599 857; x_wconf 85' lang='lat' dir='ltr'>illinc</span> <span class='ocrx_word' id='word_1_78' title='bbox 632 820 794 864; x_wconf 85' lang='lat' dir='ltr'>abieris,</span> <span class='ocrx_word' id='word_1_79' title='bbox 826 819 887 856; x_wconf 86' lang='lat' dir='ltr'>vel</span> <span class='ocrx_word' id='word_1_80' title='bbox 920 818 1051 870; x_wconf 86' lang='lat' dir='ltr'>potius</span> <span class='ocrx_word' id='word_1_81' title='bbox 1085 830 1183 869; x_wconf 90' lang='lat' dir='ltr'>pene</span> <span class='ocrx_word' id='word_1_82' title='bbox 1216 829 1294 853; x_wconf 92' lang='lat' dir='ltr'>non</span> <span class='ocrx_word' id='word_1_83' title='bbox 1327 814 1490 859; x_wconf 87' lang='lat' dir='ltr'>abieris,</span> <span class='ocrx_word' id='word_1_84' title='bbox 1523 814 1684 852; x_wconf 88' lang='lat' dir='ltr'>scimus.</span> 
     </span>
     <span class='ocr_line' id='line_1_11' title="bbox 287 879 1688 934; baseline -0.005 -10"><span class='ocrx_word' id='word_1_85' title='bbox 287 887 366 924; x_wconf 89' lang='lat' dir='ltr'>Cui</span> <span class='ocrx_word' id='word_1_86' title='bbox 390 896 432 924; x_wconf 88' lang='lat' dir='ltr'>tu</span> <span class='ocrx_word' id='word_1_87' title='bbox 456 886 543 924; x_wconf 87' lang='lat' dir='ltr'>urbi</span> <span class='ocrx_word' id='word_1_88' title='bbox 567 886 776 924; x_wconf 86' lang='lat' dir='ltr'>minitaris.</span> <span class='ocrx_word' id='word_1_89' title='bbox 802 885 969 923; x_wconf 87' lang='lat' dir='ltr'>Utinam</span> <span class='ocrx_word' id='word_1_90' title='bbox 991 896 1146 927; x_wconf 88' lang='lat' dir='ltr'>conere,</span> <span class='ocrx_word' id='word_1_91' title='bbox 1169 891 1213 920; x_wconf 89' lang='lat' dir='ltr'>ut</span> <span class='ocrx_word' id='word_1_92' title='bbox 1234 880 1445 934; x_wconf 84' lang='lat' dir='ltr'>aliquando</span> <span class='ocrx_word' id='word_1_93' title='bbox 1467 879 1569 918; x_wconf 89' lang='lat' dir='ltr'>illud</span> <span class='ocrx_word' id='word_1_94' title='bbox 1589 881 1688 919; x_wconf 73' lang='lat' dir='ltr'>Pene</span> 
     </span>
     <span class='ocr_line' id='line_1_12' title="bbox 288 952 474 991; baseline 0 -1"><span class='ocrx_word' id='word_1_95' title='bbox 288 952 474 991; x_wconf 83' lang='lat' dir='ltr'>tollatur!</span> 
     </span>
    </p>

    <p class='ocr_par' dir='ltr' id='par_1_3' title="bbox 283 1012 1691 1799">
     <span class='ocr_line' id='line_1_13' title="bbox 341 1012 1684 1071; baseline -0.004 -16"><span class='ocrx_word' id='word_1_96' title='bbox 341 1020 397 1056; x_wconf 87' lang='lat' dir='ltr'>At</span> <span class='ocrx_word' id='word_1_97' title='bbox 419 1032 539 1071; x_wconf 87' lang='lat' dir='ltr'>quam</span> <span class='ocrx_word' id='word_1_98' title='bbox 562 1017 768 1055; x_wconf 82' lang='lat' dir='ltr'>nobilitata</span> <span class='ocrx_word' id='word_1_99' title='bbox 788 1017 842 1054; x_wconf 90' lang='lat' dir='ltr'>est</span> <span class='ocrx_word' id='word_1_100' title='bbox 864 1025 929 1054; x_wconf 83' lang='lat' dir='ltr'>tua</span> <span class='ocrx_word' id='word_1_101' title='bbox 956 1016 1024 1053; x_wconf 81' lang='lat' dir='ltr'>illa</span> <span class='ocrx_word' id='word_1_102' title='bbox 1047 1015 1308 1068; x_wconf 79' lang='lat' dir='ltr'>peregrinatio</span> <span class='ocrx_word' id='word_1_103' title='bbox 1327 1015 1339 1051; x_wconf 86' lang='lat'>?</span> <span class='ocrx_word' id='word_1_104' title='bbox 1372 1012 1469 1065; x_wconf 87' lang='lat' dir='ltr'>quid</span> <span class='ocrx_word' id='word_1_105' title='bbox 1500 1013 1684 1066; x_wconf 86' lang='lat' dir='ltr'>prandio-</span> 
     </span>
     <span class='ocr_line' id='line_1_14' title="bbox 286 1079 1686 1137; baseline -0.004 -15"><span class='ocrx_word' id='word_1_106' title='bbox 286 1098 375 1123; x_wconf 85' lang='lat' dir='ltr'>rum</span> <span class='ocrx_word' id='word_1_107' title='bbox 407 1093 627 1137; x_wconf 84' lang='lat' dir='ltr'>apparatus,</span> <span class='ocrx_word' id='word_1_108' title='bbox 661 1083 758 1136; x_wconf 87' lang='lat' dir='ltr'>quid</span> <span class='ocrx_word' id='word_1_109' title='bbox 791 1081 979 1120; x_wconf 83' lang='lat' dir='ltr'>furiosam</span> <span class='ocrx_word' id='word_1_110' title='bbox 1010 1081 1270 1119; x_wconf 80' lang='lat' dir='ltr'>vinolentiam</span> <span class='ocrx_word' id='word_1_111' title='bbox 1299 1089 1422 1124; x_wconf 88' lang='lat' dir='ltr'>tuam,</span> <span class='ocrx_word' id='word_1_112' title='bbox 1456 1079 1686 1133; x_wconf 84' lang='lat' dir='ltr'>proferam?</span> 
     </span>
     <span class='ocr_line' id='line_1_15' title="bbox 285 1147 1685 1198; baseline -0.005 -9"><span class='ocrx_word' id='word_1_113' title='bbox 285 1152 376 1189; x_wconf 86' lang='lat' dir='ltr'>Tua</span> <span class='ocrx_word' id='word_1_114' title='bbox 407 1150 476 1188; x_wconf 83' lang='lat' dir='ltr'>ista</span> <span class='ocrx_word' id='word_1_115' title='bbox 508 1150 745 1188; x_wconf 85' lang='lat' dir='ltr'>detrimenta</span> <span class='ocrx_word' id='word_1_116' title='bbox 777 1149 894 1187; x_wconf 89' lang='lat' dir='ltr'>sunt:</span> <span class='ocrx_word' id='word_1_117' title='bbox 929 1148 997 1186; x_wconf 86' lang='lat' dir='ltr'>illa</span> <span class='ocrx_word' id='word_1_118' title='bbox 1029 1147 1169 1185; x_wconf 88' lang='lat' dir='ltr'>nostra.</span> <span class='ocrx_word' id='word_1_119' title='bbox 1214 1147 1370 1198; x_wconf 83' lang='lat' dir='ltr'>Agrum</span> <span class='ocrx_word' id='word_1_120' title='bbox 1405 1147 1685 1198; x_wconf 85' lang='lat' dir='ltr'>Campanum,</span> 
     </span>
     <span class='ocr_line' id='line_1_16' title="bbox 286 1212 1687 1269; baseline -0.003 -16"><span class='ocrx_word' id='word_1_121' title='bbox 286 1217 357 1269; x_wconf 87' lang='lat' dir='ltr'>qui</span> <span class='ocrx_word' id='word_1_122' title='bbox 378 1230 473 1254; x_wconf 88' lang='lat' dir='ltr'>cum</span> <span class='ocrx_word' id='word_1_123' title='bbox 495 1216 541 1253; x_wconf 88' lang='lat' dir='ltr'>de</span> <span class='ocrx_word' id='word_1_124' title='bbox 563 1216 820 1268; x_wconf 68' lang='lat' dir='ltr'>vectigalibus</span> <span class='ocrx_word' id='word_1_125' title='bbox 843 1214 1105 1259; x_wconf 81' lang='lat' dir='ltr'>eximebatur,</span> <span class='ocrx_word' id='word_1_126' title='bbox 1138 1221 1182 1251; x_wconf 89' lang='lat' dir='ltr'>ut</span> <span class='ocrx_word' id='word_1_127' title='bbox 1203 1213 1403 1251; x_wconf 87' lang='lat' dir='ltr'>militibus</span> <span class='ocrx_word' id='word_1_128' title='bbox 1425 1212 1595 1256; x_wconf 86' lang='lat' dir='ltr'>daretur,</span> <span class='ocrx_word' id='word_1_129' title='bbox 1627 1221 1687 1249; x_wconf 84' lang='lat' dir='ltr'>ta-</span> 
     </span>
     <span class='ocr_line' id='line_1_17' title="bbox 288 1277 1689 1334; baseline -0.003 -14"><span class='ocrx_word' id='word_1_130' title='bbox 288 1296 380 1320; x_wconf 86' lang='lat' dir='ltr'>men</span> <span class='ocrx_word' id='word_1_131' title='bbox 402 1282 531 1334; x_wconf 82' lang='lat' dir='ltr'>infligi</span> <span class='ocrx_word' id='word_1_132' title='bbox 562 1295 753 1334; x_wconf 86' lang='lat' dir='ltr'>magnum</span> <span class='ocrx_word' id='word_1_133' title='bbox 785 1281 1012 1333; x_wconf 83' lang='lat' dir='ltr'>reipublicae</span> <span class='ocrx_word' id='word_1_134' title='bbox 1042 1280 1186 1318; x_wconf 91' lang='lat' dir='ltr'>vulnus</span> <span class='ocrx_word' id='word_1_135' title='bbox 1216 1279 1482 1332; x_wconf 68' lang='lat' dir='ltr'>putabamus’3</span> <span class='ocrx_word' id='word_1_136' title='bbox 1515 1277 1623 1317; x_wconf 91' lang='lat' dir='ltr'>hunc</span> <span class='ocrx_word' id='word_1_137' title='bbox 1646 1287 1689 1317; x_wconf 85' lang='lat' dir='ltr'>tu</span> 
     </span>
     <span class='ocr_line' id='line_1_18' title="bbox 287 1344 1690 1401; baseline -0.003 -15"><span class='ocrx_word' id='word_1_138' title='bbox 287 1348 632 1401; x_wconf 84' lang='lat' dir='ltr'>compransoribus</span> <span class='ocrx_word' id='word_1_139' title='bbox 651 1348 744 1392; x_wconf 87' lang='lat' dir='ltr'>tuis,</span> <span class='ocrx_word' id='word_1_140' title='bbox 764 1356 802 1384; x_wconf 89' lang='lat' dir='ltr'>et</span> <span class='ocrx_word' id='word_1_141' title='bbox 823 1346 1102 1391; x_wconf 86' lang='lat' dir='ltr'>collusoribus,</span> <span class='ocrx_word' id='word_1_142' title='bbox 1121 1345 1338 1383; x_wconf 81' lang='lat' dir='ltr'>dividebas.</span> <span class='ocrx_word' id='word_1_143' title='bbox 1362 1345 1516 1383; x_wconf 85' lang='lat' dir='ltr'>Mimos</span> <span class='ocrx_word' id='word_1_144' title='bbox 1539 1344 1629 1383; x_wconf 88' lang='lat' dir='ltr'>dico</span> <span class='ocrx_word' id='word_1_145' title='bbox 1650 1353 1690 1382; x_wconf 83' lang='lat' dir='ltr'>et</span> 
     </span>
     <span class='ocr_line' id='line_1_19' title="bbox 288 1411 1690 1466; baseline -0.004 -13"><span class='ocrx_word' id='word_1_146' title='bbox 288 1415 446 1460; x_wconf 88' lang='lat' dir='ltr'>mimas,</span> <span class='ocrx_word' id='word_1_147' title='bbox 480 1415 611 1452; x_wconf 82' lang='lat' dir='ltr'>Patres</span> <span class='ocrx_word' id='word_1_148' title='bbox 643 1413 870 1466; x_wconf 87' lang='lat' dir='ltr'>conscripti,</span> <span class='ocrx_word' id='word_1_149' title='bbox 904 1414 944 1450; x_wconf 93' lang='lat' dir='ltr'>in</span> <span class='ocrx_word' id='word_1_150' title='bbox 975 1426 1067 1465; x_wconf 86' lang='lat' dir='ltr'>agro</span> <span class='ocrx_word' id='word_1_151' title='bbox 1090 1414 1294 1464; x_wconf 87' lang='lat' dir='ltr'>Campano</span> <span class='ocrx_word' id='word_1_152' title='bbox 1314 1411 1544 1450; x_wconf 85' lang='lat' dir='ltr'>collocatos.</span> <span class='ocrx_word' id='word_1_153' title='bbox 1579 1411 1690 1463; x_wconf 77' lang='lat' dir='ltr'>Qid</span> 
     </span>
     <span class='ocr_line' id='line_1_20' title="bbox 283 1477 1689 1534; baseline -0.004 -15"><span class='ocrx_word' id='word_1_154' title='bbox 283 1483 368 1534; x_wconf 85' lang='lat' dir='ltr'>jam</span> <span class='ocrx_word' id='word_1_155' title='bbox 389 1495 528 1534; x_wconf 86' lang='lat' dir='ltr'>querar</span> <span class='ocrx_word' id='word_1_156' title='bbox 544 1481 590 1519; x_wconf 91' lang='lat' dir='ltr'>de</span> <span class='ocrx_word' id='word_1_157' title='bbox 611 1494 703 1533; x_wconf 82' lang='lat' dir='ltr'>agro</span> <span class='ocrx_word' id='word_1_158' title='bbox 725 1480 948 1518; x_wconf 87' lang='lat' dir='ltr'>Leontino?</span> <span class='ocrx_word' id='word_1_159' title='bbox 972 1477 1294 1531; x_wconf 82' lang='lat' dir='ltr'>quandoquidem</span> <span class='ocrx_word' id='word_1_160' title='bbox 1311 1477 1370 1516; x_wconf 88' lang='lat' dir='ltr'>hae</span> <span class='ocrx_word' id='word_1_161' title='bbox 1387 1477 1589 1530; x_wconf 86' lang='lat' dir='ltr'>quondam</span> <span class='ocrx_word' id='word_1_162' title='bbox 1605 1490 1689 1514; x_wconf 87' lang='lat' dir='ltr'>ara-</span> 
     </span>
     <span class='ocr_line' id='line_1_21' title="bbox 288 1543 1690 1599; baseline -0.004 -14"><span class='ocrx_word' id='word_1_163' title='bbox 288 1549 431 1592; x_wconf 86' lang='lat' dir='ltr'>tiones,</span> <span class='ocrx_word' id='word_1_164' title='bbox 466 1549 668 1599; x_wconf 82' lang='lat' dir='ltr'>Campana</span> <span class='ocrx_word' id='word_1_165' title='bbox 691 1556 730 1584; x_wconf 88' lang='lat' dir='ltr'>et</span> <span class='ocrx_word' id='word_1_166' title='bbox 762 1547 971 1589; x_wconf 85' lang='lat' dir='ltr'>Leontina,</span> <span class='ocrx_word' id='word_1_167' title='bbox 1005 1546 1044 1582; x_wconf 90' lang='lat' dir='ltr'>in</span> <span class='ocrx_word' id='word_1_168' title='bbox 1076 1544 1215 1598; x_wconf 89' lang='lat' dir='ltr'>populi</span> <span class='ocrx_word' id='word_1_169' title='bbox 1246 1544 1419 1581; x_wconf 88' lang='lat' dir='ltr'>Romani</span> <span class='ocrx_word' id='word_1_170' title='bbox 1448 1543 1690 1595; x_wconf 86' lang='lat' dir='ltr'>patrimonio</span> 
     </span>
     <span class='ocr_line' id='line_1_22' title="bbox 289 1608 1691 1666; baseline -0.004 -15"><span class='ocrx_word' id='word_1_171' title='bbox 289 1613 427 1666; x_wconf 85' lang='lat' dir='ltr'>grandi</span> <span class='ocrx_word' id='word_1_172' title='bbox 463 1612 614 1650; x_wconf 67' lang='lat' dir='ltr'>foenore</span> <span class='ocrx_word' id='word_1_173' title='bbox 650 1622 688 1650; x_wconf 85' lang='lat' dir='ltr'>et</span> <span class='ocrx_word' id='word_1_174' title='bbox 723 1611 929 1650; x_wconf 59' lang='lat' dir='ltr'>fruCIuosae</span> <span class='ocrx_word' id='word_1_175' title='bbox 964 1610 1205 1648; x_wconf 82' lang='lat' dir='ltr'>ferebantur.</span> <span class='ocrx_word' id='word_1_176' title='bbox 1253 1609 1417 1647; x_wconf 75' lang='lat' dir='ltr'>Medico</span> <span class='ocrx_word' id='word_1_177' title='bbox 1454 1609 1527 1646; x_wconf 91' lang='lat' dir='ltr'>tria</span> <span class='ocrx_word' id='word_1_178' title='bbox 1561 1608 1691 1646; x_wconf 80' lang='lat' dir='ltr'>millia</span> 
     </span>
     <span class='ocr_line' id='line_1_23' title="bbox 285 1674 1689 1732; baseline -0.004 -15"><span class='ocrx_word' id='word_1_179' title='bbox 285 1681 489 1732; x_wconf 87' lang='lat' dir='ltr'>jugerum,</span> <span class='ocrx_word' id='word_1_180' title='bbox 522 1677 626 1732; x_wconf 79' lang='lat' dir='ltr'>quasl</span> <span class='ocrx_word' id='word_1_181' title='bbox 651 1688 687 1716; x_wconf 91' lang='lat' dir='ltr'>te</span> <span class='ocrx_word' id='word_1_182' title='bbox 708 1677 892 1723; x_wconf 66' lang='lat' dir='ltr'>sanasset,</span> <span class='ocrx_word' id='word_1_183' title='bbox 926 1676 1073 1715; x_wconf 86' lang='lat' dir='ltr'>rhetori</span> <span class='ocrx_word' id='word_1_184' title='bbox 1095 1676 1188 1721; x_wconf 80' lang='lat' dir='ltr'>duo,</span> <span class='ocrx_word' id='word_1_185' title='bbox 1221 1676 1325 1728; x_wconf 84' lang='lat' dir='ltr'>quafi</span> <span class='ocrx_word' id='word_1_186' title='bbox 1353 1675 1541 1713; x_wconf 83' lang='lat' dir='ltr'>disertum</span> <span class='ocrx_word' id='word_1_187' title='bbox 1562 1674 1689 1713; x_wconf 87' lang='lat' dir='ltr'>facere</span> 
     </span>
     <span class='ocr_line' id='line_1_24' title="bbox 289 1743 1253 1799; baseline -0.005 -15"><span class='ocrx_word' id='word_1_188' title='bbox 289 1745 487 1799; x_wconf 77' lang='lat' dir='ltr'>potuisset.</span> <span class='ocrx_word' id='word_1_189' title='bbox 523 1745 595 1783; x_wconf 88' lang='lat' dir='ltr'>Sed</span> <span class='ocrx_word' id='word_1_190' title='bbox 617 1744 662 1782; x_wconf 87' lang='lat' dir='ltr'>ad</span> <span class='ocrx_word' id='word_1_191' title='bbox 684 1745 758 1782; x_wconf 88' lang='lat' dir='ltr'>iter</span> <span class='ocrx_word' id='word_1_192' title='bbox 780 1744 1014 1795; x_wconf 84' lang='lat' dir='ltr'>Italiamque</span> <span class='ocrx_word' id='word_1_193' title='bbox 1036 1743 1253 1781; x_wconf 80' lang='lat' dir='ltr'>redeamus.</span> 
     </span>
    </p>

    <p class='ocr_par' dir='ltr' id='par_1_4' title="bbox 287 1806 1696 2461">
     <span class='ocr_line' id='line_1_25' title="bbox 347 1806 1689 1861; baseline -0.004 -11"><span class='ocrx_word' id='word_1_194' title='bbox 347 1813 437 1850; x_wconf 91' lang='lat' dir='ltr'>XL.</span> <span class='ocrx_word' id='word_1_195' title='bbox 462 1811 671 1849; x_wconf 82' lang='lat' dir='ltr'>Deduxisti</span> <span class='ocrx_word' id='word_1_196' title='bbox 692 1811 891 1848; x_wconf 83' lang='lat' dir='ltr'>coloniam</span> <span class='ocrx_word' id='word_1_197' title='bbox 909 1809 1142 1854; x_wconf 87' lang='lat' dir='ltr'>Cafilinum,</span> <span class='ocrx_word' id='word_1_198' title='bbox 1161 1822 1241 1861; x_wconf 87' lang='lat' dir='ltr'>quo</span> <span class='ocrx_word' id='word_1_199' title='bbox 1264 1807 1389 1846; x_wconf 80' lang='lat' dir='ltr'>Caesar</span> <span class='ocrx_word' id='word_1_200' title='bbox 1404 1816 1493 1845; x_wconf 88' lang='lat' dir='ltr'>ante</span> <span class='ocrx_word' id='word_1_201' title='bbox 1515 1806 1689 1846; x_wconf 81' lang='lat' dir='ltr'>deduxe-</span> 
     </span>
     <span class='ocr_line' id='line_1_26' title="bbox 292 1874 1691 1930; baseline -0.004 -13"><span class='ocrx_word' id='word_1_202' title='bbox 292 1887 363 1917; x_wconf 87' lang='lat' dir='ltr'>rat.</span> <span class='ocrx_word' id='word_1_203' title='bbox 397 1878 641 1916; x_wconf 87' lang='lat' dir='ltr'>Consuluisti</span> <span class='ocrx_word' id='word_1_204' title='bbox 663 1891 726 1916; x_wconf 91' lang='lat' dir='ltr'>me</span> <span class='ocrx_word' id='word_1_205' title='bbox 747 1891 814 1930; x_wconf 90' lang='lat' dir='ltr'>per</span> <span class='ocrx_word' id='word_1_206' title='bbox 834 1877 964 1915; x_wconf 83' lang='lat' dir='ltr'>literas</span> <span class='ocrx_word' id='word_1_207' title='bbox 987 1877 1033 1915; x_wconf 91' lang='lat' dir='ltr'>de</span> <span class='ocrx_word' id='word_1_208' title='bbox 1056 1877 1192 1930; x_wconf 85' lang='lat' dir='ltr'>Capua</span> <span class='ocrx_word' id='word_1_209' title='bbox 1213 1884 1255 1913; x_wconf 88' lang='lat' dir='ltr'>tu</span> <span class='ocrx_word' id='word_1_210' title='bbox 1277 1874 1438 1928; x_wconf 89' lang='lat' dir='ltr'>quidem</span> <span class='ocrx_word' id='word_1_211' title='bbox 1457 1890 1465 1913; x_wconf 92' lang='lat'><strong>:</strong></span> <span class='ocrx_word' id='word_1_212' title='bbox 1499 1874 1563 1913; x_wconf 89' lang='lat' dir='ltr'>sed</span> <span class='ocrx_word' id='word_1_213' title='bbox 1584 1874 1691 1913; x_wconf 88' lang='lat' dir='ltr'>idem</span> 
     </span>
     <span class='ocr_line' id='line_1_27' title="bbox 291 1941 1690 1998; baseline -0.004 -14"><span class='ocrx_word' id='word_1_214' title='bbox 291 1945 339 1984; x_wconf 91' lang='lat' dir='ltr'>de</span> <span class='ocrx_word' id='word_1_215' title='bbox 361 1945 533 1984; x_wconf 85' lang='lat' dir='ltr'>Cafilino</span> <span class='ocrx_word' id='word_1_216' title='bbox 554 1944 831 1998; x_wconf 72' lang='lat' dir='ltr'>respondissem</span> <span class='ocrx_word' id='word_1_217' title='bbox 850 1959 858 1982; x_wconf 80' lang='grc' dir='ltr'>ε</span> <span class='ocrx_word' id='word_1_218' title='bbox 892 1943 1078 1996; x_wconf 85' lang='lat' dir='ltr'>poffesne,</span> <span class='ocrx_word' id='word_1_219' title='bbox 1111 1942 1182 1981; x_wconf 89' lang='lat' dir='ltr'>ubi</span> <span class='ocrx_word' id='word_1_220' title='bbox 1202 1942 1360 1980; x_wconf 84' lang='lat' dir='ltr'>colonia</span> <span class='ocrx_word' id='word_1_221' title='bbox 1378 1941 1483 1987; x_wconf 85' lang='lat' dir='ltr'>effet,</span> <span class='ocrx_word' id='word_1_222' title='bbox 1511 1955 1558 1980; x_wconf 90' lang='lat' dir='ltr'>eo</span> <span class='ocrx_word' id='word_1_223' title='bbox 1578 1941 1690 1980; x_wconf 88' lang='lat' dir='ltr'>colo-</span> 
     </span>
     <span class='ocr_line' id='line_1_28' title="bbox 292 2008 1692 2064; baseline -0.004 -14"><span class='ocrx_word' id='word_1_224' title='bbox 292 2011 398 2050; x_wconf 88' lang='lat' dir='ltr'>niam</span> <span class='ocrx_word' id='word_1_225' title='bbox 420 2025 562 2050; x_wconf 87' lang='lat' dir='ltr'>novam</span> <span class='ocrx_word' id='word_1_226' title='bbox 587 2012 677 2064; x_wconf 89' lang='lat' dir='ltr'>jure</span> <span class='ocrx_word' id='word_1_227' title='bbox 707 2010 930 2049; x_wconf 84' lang='lat' dir='ltr'>deducere?</span> <span class='ocrx_word' id='word_1_228' title='bbox 968 2009 1139 2062; x_wconf 88' lang='lat' dir='ltr'>Negavi,</span> <span class='ocrx_word' id='word_1_229' title='bbox 1170 2008 1212 2046; x_wconf 89' lang='lat' dir='ltr'>in</span> <span class='ocrx_word' id='word_1_230' title='bbox 1243 2022 1327 2046; x_wconf 86' lang='lat' dir='ltr'>eam</span> <span class='ocrx_word' id='word_1_231' title='bbox 1358 2008 1572 2053; x_wconf 85' lang='lat' dir='ltr'>coloniam,</span> <span class='ocrx_word' id='word_1_232' title='bbox 1604 2021 1692 2061; x_wconf 66' lang='lat' dir='ltr'>quat</span> 
     </span>
     <span class='ocr_line' id='line_1_29' title="bbox 291 2074 1696 2130; baseline -0.002 -15"><span class='ocrx_word' id='word_1_233' title='bbox 291 2077 382 2115; x_wconf 85' lang='lat' dir='ltr'>effet</span> <span class='ocrx_word' id='word_1_234' title='bbox 402 2077 599 2130; x_wconf 87' lang='lat' dir='ltr'>auspicato</span> <span class='ocrx_word' id='word_1_235' title='bbox 621 2077 799 2121; x_wconf 59' lang='lat' dir='ltr'>deducta,</span> <span class='ocrx_word' id='word_1_236' title='bbox 831 2075 927 2113; x_wconf 89' lang='lat' dir='ltr'>dum</span> <span class='ocrx_word' id='word_1_237' title='bbox 948 2075 1038 2113; x_wconf 83' lang='lat' dir='ltr'>effet</span> <span class='ocrx_word' id='word_1_238' title='bbox 1060 2075 1289 2119; x_wconf 83' lang='lat' dir='ltr'>incolumis,</span> <span class='ocrx_word' id='word_1_239' title='bbox 1322 2074 1521 2113; x_wconf 89' lang='lat' dir='ltr'>coloniam</span> <span class='ocrx_word' id='word_1_240' title='bbox 1548 2086 1696 2113; x_wconf 83' lang='lat' dir='ltr'>novam·</span> 
     </span>
     <span class='ocr_line' id='line_1_30' title="bbox 287 2141 1692 2195; baseline -0.001 -15"><span class='ocrx_word' id='word_1_241' title='bbox 287 2144 376 2195; x_wconf 88' lang='lat' dir='ltr'>jure</span> <span class='ocrx_word' id='word_1_242' title='bbox 397 2142 538 2181; x_wconf 89' lang='lat' dir='ltr'>deduci</span> <span class='ocrx_word' id='word_1_243' title='bbox 558 2159 566 2181; x_wconf 92' lang='lat'>:</span> <span class='ocrx_word' id='word_1_244' title='bbox 601 2143 763 2180; x_wconf 88' lang='lat' dir='ltr'>colonos</span> <span class='ocrx_word' id='word_1_245' title='bbox 787 2155 908 2179; x_wconf 89' lang='lat' dir='ltr'>novos</span> <span class='ocrx_word' id='word_1_246' title='bbox 930 2142 1098 2180; x_wconf 87' lang='lat' dir='ltr'>adscribi</span> <span class='ocrx_word' id='word_1_247' title='bbox 1119 2141 1223 2194; x_wconf 86' lang='lat' dir='ltr'>poffe</span> <span class='ocrx_word' id='word_1_248' title='bbox 1244 2141 1432 2194; x_wconf 88' lang='lat' dir='ltr'>rescripfi.</span> <span class='ocrx_word' id='word_1_249' title='bbox 1470 2142 1537 2180; x_wconf 91' lang='lat' dir='ltr'>Tu</span> <span class='ocrx_word' id='word_1_250' title='bbox 1559 2150 1692 2179; x_wconf 88' lang='lat' dir='ltr'>autem</span> 
     </span>
     <span class='ocr_line' id='line_1_31' title="bbox 294 2207 1692 2261; baseline -0.001 -15"><span class='ocrx_word' id='word_1_251' title='bbox 294 2209 503 2246; x_wconf 86' lang='lat' dir='ltr'>insolentia</span> <span class='ocrx_word' id='word_1_252' title='bbox 531 2209 677 2253; x_wconf 80' lang='lat' dir='ltr'>elatus,</span> <span class='ocrx_word' id='word_1_253' title='bbox 709 2208 821 2246; x_wconf 81' lang='lat' dir='ltr'>omni</span> <span class='ocrx_word' id='word_1_254' title='bbox 851 2207 1115 2261; x_wconf 85' lang='lat' dir='ltr'>auspiciorum</span> <span class='ocrx_word' id='word_1_255' title='bbox 1143 2209 1232 2260; x_wconf 86' lang='lat' dir='ltr'>jure</span> <span class='ocrx_word' id='word_1_256' title='bbox 1261 2208 1439 2253; x_wconf 86' lang='lat' dir='ltr'>turbato,</span> <span class='ocrx_word' id='word_1_257' title='bbox 1473 2207 1692 2245; x_wconf 83' lang='lat' dir='ltr'>Cafilinum</span> 
     </span>
     <span class='ocr_line' id='line_1_32' title="bbox 294 2273 1693 2328; baseline -0.001 -16"><span class='ocrx_word' id='word_1_258' title='bbox 294 2275 493 2312; x_wconf 88' lang='lat' dir='ltr'>coloniam</span> <span class='ocrx_word' id='word_1_259' title='bbox 526 2274 741 2319; x_wconf 66' lang='lat' dir='ltr'>deduxisti,</span> <span class='ocrx_word' id='word_1_260' title='bbox 774 2288 853 2327; x_wconf 91' lang='lat' dir='ltr'>quo</span> <span class='ocrx_word' id='word_1_261' title='bbox 885 2284 964 2312; x_wconf 85' lang='lat' dir='ltr'>erat</span> <span class='ocrx_word' id='word_1_262' title='bbox 997 2275 1131 2328; x_wconf 82' lang='lat' dir='ltr'>paucis</span> <span class='ocrx_word' id='word_1_263' title='bbox 1163 2274 1276 2312; x_wconf 85' lang='lat' dir='ltr'>annis</span> <span class='ocrx_word' id='word_1_264' title='bbox 1309 2282 1398 2312; x_wconf 89' lang='lat' dir='ltr'>ante</span> <span class='ocrx_word' id='word_1_265' title='bbox 1430 2273 1614 2317; x_wconf 61' lang='lat' dir='ltr'>deducta,</span> <span class='ocrx_word' id='word_1_266' title='bbox 1647 2281 1693 2311; x_wconf 90' lang='lat' dir='ltr'>ut</span> 
     </span>
     <span class='ocr_line' id='line_1_33' title="bbox 294 2338 1690 2392; baseline -0.001 -15"><span class='ocrx_word' id='word_1_267' title='bbox 294 2340 487 2378; x_wconf 84' lang='lat' dir='ltr'>vexillum</span> <span class='ocrx_word' id='word_1_268' title='bbox 521 2340 699 2385; x_wconf 82' lang='lat' dir='ltr'>tolleres,</span> <span class='ocrx_word' id='word_1_269' title='bbox 731 2349 769 2378; x_wconf 88' lang='lat' dir='ltr'>et</span> <span class='ocrx_word' id='word_1_270' title='bbox 801 2349 971 2379; x_wconf 84' lang='lat' dir='ltr'>aratrum</span> <span class='ocrx_word' id='word_1_271' title='bbox 1004 2340 1348 2385; x_wconf 86' lang='lat' dir='ltr'>circumduceres;</span> <span class='ocrx_word' id='word_1_272' title='bbox 1382 2341 1494 2392; x_wconf 86' lang='lat' dir='ltr'>cujus</span> <span class='ocrx_word' id='word_1_273' title='bbox 1528 2338 1690 2391; x_wconf 88' lang='lat' dir='ltr'>quidem</span> 
     </span>
     <span class='ocr_line' id='line_1_34' title="bbox 296 2405 1694 2461; baseline -0.003 -16"><span class='ocrx_word' id='word_1_274' title='bbox 296 2421 452 2445; x_wconf 89' lang='lat' dir='ltr'>vomere</span> <span class='ocrx_word' id='word_1_275' title='bbox 484 2416 636 2459; x_wconf 80' lang='lat' dir='ltr'>portam</span> <span class='ocrx_word' id='word_1_276' title='bbox 660 2407 804 2459; x_wconf 88' lang='lat' dir='ltr'>Capuae</span> <span class='ocrx_word' id='word_1_277' title='bbox 834 2421 932 2460; x_wconf 85' lang='lat' dir='ltr'>pene</span> <span class='ocrx_word' id='word_1_278' title='bbox 962 2406 1234 2461; x_wconf 85' lang='lat' dir='ltr'>perstrinxisti,</span> <span class='ocrx_word' id='word_1_279' title='bbox 1269 2416 1311 2444; x_wconf 92' lang='lat' dir='ltr'>ut</span> <span class='ocrx_word' id='word_1_280' title='bbox 1333 2406 1507 2444; x_wconf 85' lang='lat' dir='ltr'>florentis</span> <span class='ocrx_word' id='word_1_281' title='bbox 1530 2405 1694 2444; x_wconf 61' lang='lat' dir='ltr'>coloniae</span> 
     </span>
    </p>
   </div>
   <div class='ocr_carea' id='block_1_3' title="bbox 296 2474 1388 2576">
    <p class='ocr_par' dir='ltr' id='par_1_5' title="bbox 296 2474 1388 2576">
     <span class='ocr_line' id='line_1_35' title="bbox 296 2474 818 2513; baseline 0.004 -2"><span class='ocrx_word' id='word_1_282' title='bbox 296 2474 539 2513; x_wconf 87' lang='lat' dir='ltr'>territorium</span> <span class='ocrx_word' id='word_1_283' title='bbox 561 2474 818 2513; x_wconf 82' lang='lat' dir='ltr'>minueretur.</span> 
     </span>
     <span class='ocr_line' id='line_1_36' title="bbox 1269 2537 1388 2576; baseline 0.017 -2"><span class='ocrx_word' id='word_1_284' title='bbox 1269 2539 1291 2574; x_wconf 81' lang='lat' dir='ltr'>S</span> <span class='ocrx_word' id='word_1_285' title='bbox 1323 2537 1344 2574; x_wconf 87' lang='lat' dir='ltr'>s</span> <span class='ocrx_word' id='word_1_286' title='bbox 1367 2550 1388 2576; x_wconf 91' lang='lat'>2</span> 
     </span>
    </p>
   </div>
  </div>
 </body>
</html>
