2076 2860
438 220 512 268 134
910 215 1354 253 oRATio

432 327 525 351 cum
546 313 751 351 sustentare
768 313 832 350 vix
848 311 970 364 poffes
987 324 1198 350 mcerorem
1214 320 1344 355 tuum,
1363 309 1619 363 doloremque
1635 310 1820 352 deceffio-

434 380 508 423 nis,
528 378 832 416 Samothraciam
850 386 886 415 te
906 378 1097 429 primum,
1121 377 1205 430 post
1225 376 1315 414 inde
1336 376 1529 422 Thasum,
1547 391 1640 416 cum
1661 379 1739 416 tuis
1761 387 1820 416 te-

436 446 534 482 neris
557 444 818 488 saltatoribus,
844 452 882 481 et
903 457 996 481 cum
1017 443 1240 486 Autobulo,
1272 442 1528 488 Athamante,
1559 453 1598 482 et
1619 443 1820 488 Timocle,

435 510 611 548 formosis
633 509 835 554 fratribus,
865 510 1069 548 contulisti
1087 511 1100 547 ?
1133 509 1257 561 Qid,
1290 509 1414 562 quod,
1436 524 1530 548 cum
1551 510 1641 548 inde
1664 519 1701 548 te
1721 510 1821 548 reci-

431 578 557 628 piens,
588 577 626 613 in
648 575 741 613 villa
761 574 988 620 Euchadiae,
1012 589 1097 627 quae
1117 574 1196 612 fuit
1216 589 1315 613 uxor
1336 575 1526 627 Exegisti,
1543 575 1701 628 jacuisti
1719 589 1821 613 moe-

434 656 518 680 rens
540 642 691 694 aliquot
712 642 793 679 dies
812 661 822 686 ;
855 651 971 694 atque
991 641 1083 679 inde
1103 640 1300 679 obsoletus
1326 640 1657 687 Thessalonicam,
1689 641 1822 679 omni-

434 708 505 745 bus
521 708 793 752 inscientibus,
812 709 1024 760 nostuque,
1039 706 1203 744 venisti?
1223 707 1293 758 qui
1308 721 1401 744 cum
1415 707 1649 746 concursum
1664 707 1823 759 ploran-

434 773 551 818 tium,
570 787 612 810 ac
634 772 901 825 tempestatem
919 771 1180 824 querelarum,
1203 770 1302 808 ferre
1319 785 1397 809 non
1418 771 1555 824 poffes,
1574 773 1615 809 in
1631 771 1825 824 oppidum

433 839 591 876 devium
615 840 790 876 Beroeam
812 836 1019 891 profugisti
1038 853 1046 875 :
1080 851 1159 890 quo
1180 837 1221 874 in
1242 837 1389 889 oppido
1411 851 1503 875 cum
1525 836 1599 875 tibi
1620 837 1685 889 spe
1705 836 1798 874 falsa
1812 866 1822 881 ,

432 905 541 956 quod
577 906 644 956 Q
666 904 914 942 Ancharium
950 918 1027 942 non
1062 903 1134 941 effe
1166 902 1427 941 successurum
1460 913 1614 956 putares
1630 933 1641 948 ‚
1673 905 1823 942 animos

435 985 568 1009 rumor
589 971 750 1009 inflasset
768 991 778 1016 3
812 984 891 1023 quo
913 979 949 1008 te
970 969 1090 1009 modo
1111 970 1156 1007 ad
1178 979 1286 1008 tuam
1311 971 1669 1023 intemperantiam,
1702 970 1822 1009 scele-

434 1046 526 1080 rate,
559 1036 780 1074 innovasti?

489 1103 707 1141 XXXVII.
741 1103 868 1140 Mitto
907 1116 1046 1141 aurum
1085 1101 1332 1141 coronarium
1351 1131 1361 1146 ,
1399 1103 1506 1154 quod
1541 1111 1578 1140 te
1612 1101 1825 1140 diutiffime

434 1169 557 1213 torfit,
589 1183 683 1206 cum
704 1169 823 1207 modo
843 1169 977 1214 velles,
1008 1169 1128 1207 modo
1149 1169 1288 1207 nolles.
1322 1169 1406 1206 Lex
1426 1170 1533 1206 enim
1553 1169 1686 1220 generi
1707 1168 1766 1206 tui
1787 1177 1825 1206 et

435 1236 604 1280 decerni,
627 1249 669 1272 ac
691 1236 878 1287 accipere,
897 1228 1064 1280 vetabat,
1089 1236 1157 1273 nifi
1179 1235 1335 1273 decreto
1357 1234 1575 1287 triumpho.
1600 1236 1646 1273 In
1663 1248 1744 1286 quo
1765 1243 1824 1279 tu,

434 1311 591 1353 accepta
612 1310 740 1338 tamen
771 1310 808 1338 et
837 1301 1017 1338 devorata
1036 1301 1217 1352 pecunia,
1252 1309 1294 1337 ut
1325 1301 1363 1337 in
1393 1299 1633 1338 Achaeorum
1661 1290 1826 1339 centum

434 1367 605 1411 talentis,
628 1380 806 1404 evomere
829 1380 905 1403 non
927 1374 1102 1418 poteras:
1126 1366 1315 1403 vocabula
1336 1374 1489 1403 tantum
1509 1365 1767 1417 pecuniarum
1787 1374 1826 1405 et

432 1447 573 1485 genera
587 1433 779 1471 mutabas.
803 1433 930 1471 Mitto
947 1432 1162 1486 diplomata
1183 1441 1264 1470 tota
1280 1432 1319 1469 in
1341 1432 1542 1484 provincia
1557 1431 1693 1484 paffim
1713 1432 1823 1470 data:

433 1500 552 1537 mitto
574 1513 783 1537 numerum
805 1499 978 1544 navium,
1010 1498 1282 1550 summamque
1303 1497 1461 1550 praedae:
1495 1499 1613 1536 mitto
1634 1498 1826 1536 rationem

432 1566 556 1603 exacti
573 1566 831 1618 imperatique
847 1564 1061 1604 frumenti:
1085 1566 1204 1603 mitto
1218 1573 1391 1616 ereptam
1408 1564 1630 1602 libertatem
1650 1564 1825 1617 populi3‚

433 1645 475 1668 ac
498 1631 674 1683 singulis,
697 1632 767 1683 qui
787 1640 896 1669 erant
911 1631 1038 1669 affe&i
1058 1631 1229 1683 praemiis
1247 1630 1508 1668 nominatim:
1532 1643 1703 1682 quorum
1723 1628 1827 1668 nihil

434 1696 501 1742 est,
519 1697 625 1749 quod
647 1711 725 1735 non
747 1697 792 1735 s1t
812 1698 897 1749 lege
912 1698 1033 1749 Julia‚
1057 1711 1105 1735 ne
1126 1696 1210 1735 fieri
1230 1696 1360 1741 liceat,
1383 1696 1576 1734 sancitum
1596 1695 1821 1749 diligenter.

492 1764 697 1808 AEtoliam‚
729 1777 814 1815 quae
834 1764 972 1816 procul
995 1777 1015 1800 a
1035 1763 1206 1801 barbaris
1227 1763 1423 1814 disjundta
1442 1763 1642 1814 gentibus,
1673 1763 1716 1801 in
1743 1763 1829 1801 finu

434 1830 540 1882 pacis
562 1829 696 1880 posita,
729 1829 859 1866 medio
880 1827 960 1865 fere
981 1829 1143 1865 Graeciae
1162 1828 1314 1878 gremio
1335 1829 1575 1873 continetur,
1610 1829 1667 1880 (O
1695 1841 1826 1880 poena,

438 1894 474 1931 O
507 1893 609 1931 furia
640 1893 834 1931 sociorum
851 1893 888 1943 !)
922 1892 1112 1931 decedens
1144 1892 1324 1930 miseram
1356 1892 1571 1945 perdidisti.
1608 1893 1799 1931 Arfinoen
1814 1922 1826 1939 ,

437 1960 625 2004 Stratum,
645 1959 911 2012 Naupactum,
929 1968 973 1996 ut
994 1949 1112 1996 modo
1130 1967 1213 1996 tute
1233 1957 1425 2003 indicasti,
1444 1957 1596 1996 nobiles
1618 1958 1748 2003 urbes,
1766 1967 1827 1996 at-

437 2038 512 2076 que
534 2025 681 2077 plenas,
704 2024 835 2063 fateris
853 2024 900 2062 ab
921 2023 1097 2064 hostibus
1115 2024 1186 2061 effe
1207 2033 1350 2076 captas.
1372 2024 1529 2075 Qibus
1551 2032 1682 2062 autem
1703 2023 1826 2062 hosti-

438 2091 510 2128 bus
526 2092 538 2127 ?
557 2104 698 2142 nempe
719 2091 781 2136 iis,
804 2103 902 2142 quos
924 2099 982 2135 tu,
1006 2090 1227 2128 Ambraciae
1248 2089 1395 2134 sedens,
1419 2090 1548 2142 primo
1570 2099 1638 2127 tuo
1659 2089 1827 2128 adventu

437 2170 483 2193 ex
506 2156 661 2207 oppidis
684 2156 924 2207 Agrinarum
945 2166 1060 2208 atque
1082 2156 1288 2207 Dolopum
1309 2155 1539 2207 demigrare,
1557 2165 1594 2193 et
1611 2169 1689 2193 aras
1707 2165 1745 2193 et
1762 2155 1826 2194 fo-

439 2235 503 2258 cos
527 2222 759 2272 relinquere,
791 2221 966 2273 coegisti.
1005 2222 1096 2259 Hoc
1119 2231 1160 2258 tu
1183 2222 1222 2258 in
1244 2222 1368 2265 exitu,
1400 2221 1579 2273 praeclare
1600 2222 1826 2274 imperator,

439 2301 530 2324 cum
562 2287 635 2324 tibi
666 2286 712 2323 ad
742 2286 919 2339 pristinas
941 2287 1068 2324 clades
1090 2286 1248 2324 acceffio
1270 2286 1399 2324 fuiffet
1421 2287 1578 2325 AEtoliae
1599 2287 1827 2340 repentinus

440 2354 636 2398 interitus,
658 2355 875 2392 exercitum
897 2353 1071 2391 dimifisti
1092 2369 1100 2391 ε
1125 2367 1252 2404 neque
1274 2353 1395 2391 ullam
1417 2368 1589 2406 poenam,
1611 2368 1698 2406 quae
1719 2362 1829 2391 tanto

439 2419 603 2458 facinori
625 2419 829 2457 deberetur
845 2450 854 2464 ‚
887 2434 965 2458 non
987 2419 1157 2457 maluisti
1179 2419 1305 2456 subire
1321 2449 1331 2464 ‚
1363 2433 1481 2471 quam
1504 2433 1714 2459 numerum
1736 2429 1825 2457 tuo-

438 2498 528 2523 rum
549 2485 740 2530 militum,
773 2485 1044 2538 reliquiasque,
1076 2484 1322 2537 cognoscere.
