<?xml version="1.0" encoding="UTF-8"?>
<!DOCTYPE html PUBLIC "-//W3C//DTD XHTML 1.0 Transitional//EN"
    "http://www.w3.org/TR/xhtml1/DTD/xhtml1-transitional.dtd">
<html xmlns="http://www.w3.org/1999/xhtml" xml:lang="en" lang="en">
 <head>
  <title>
</title>
<meta http-equiv="Content-Type" content="text/html;charset=utf-8" />
  <meta name='ocr-system' content='tesseract 3.04.00' />
  <meta name='ocr-capabilities' content='ocr_page ocr_carea ocr_par ocr_line ocrx_word'/>
</head>
<body>
  <div class='ocr_page' id='page_1' title='image "./operacumindicibu06ciceuoft_0268.png"; bbox 0 0 2076 2860; ppageno 0'>
   <div class='ocr_carea' id='block_1_1' title="bbox 459 212 1382 273">
    <p class='ocr_par' dir='ltr' id='par_1_1' title="bbox 459 212 1382 273">
     <span class='ocr_line' id='line_1_1' title="bbox 459 212 1382 273; baseline -0.008 -15"><span class='ocrx_word' id='word_1_1' title='bbox 459 218 534 273; x_wconf 80' lang='lat'>258</span> <span class='ocrx_word' id='word_1_2' title='bbox 934 212 1382 253; x_wconf 82' lang='lat' dir='ltr'>0RAT1o</span> 
     </span>
    </p>
   </div>
   <div class='ocr_carea' id='block_1_2' title="bbox 453 312 1857 2562">
    <p class='ocr_par' dir='ltr' id='par_1_2' title="bbox 454 312 1857 1299">
     <span class='ocr_line' id='line_1_2' title="bbox 512 312 1853 369; baseline -0.002 -11"><span class='ocrx_word' id='word_1_3' title='bbox 512 320 628 358; x_wconf 88' lang='lat' dir='ltr'>VIII.</span> <span class='ocrx_word' id='word_1_4' title='bbox 649 317 764 363; x_wconf 86' lang='lat' dir='ltr'>Vide,</span> <span class='ocrx_word' id='word_1_5' title='bbox 780 315 877 369; x_wconf 87' lang='lat' dir='ltr'>quid</span> <span class='ocrx_word' id='word_1_6' title='bbox 892 314 1077 361; x_wconf 86' lang='lat' dir='ltr'>licentiae,</span> <span class='ocrx_word' id='word_1_7' title='bbox 1095 314 1234 360; x_wconf 84' lang='lat' dir='ltr'>Caesar,</span> <span class='ocrx_word' id='word_1_8' title='bbox 1253 315 1367 353; x_wconf 87' lang='lat' dir='ltr'>nobis</span> <span class='ocrx_word' id='word_1_9' title='bbox 1386 323 1451 353; x_wconf 86' lang='lat' dir='ltr'>tua</span> <span class='ocrx_word' id='word_1_10' title='bbox 1465 312 1679 355; x_wconf 83' lang='lat' dir='ltr'>liberalitas</span> <span class='ocrx_word' id='word_1_11' title='bbox 1696 315 1776 361; x_wconf 87' lang='lat' dir='ltr'>det,</span> <span class='ocrx_word' id='word_1_12' title='bbox 1791 316 1853 355; x_wconf 90' lang='lat' dir='ltr'>vel</span> 
     </span>
     <span class='ocr_line' id='line_1_3' title="bbox 455 381 1853 440; baseline -0.002 -15"><span class='ocrx_word' id='word_1_13' title='bbox 455 387 586 440; x_wconf 88' lang='lat' dir='ltr'>potius</span> <span class='ocrx_word' id='word_1_14' title='bbox 608 385 790 424; x_wconf 82' lang='lat' dir='ltr'>audaciae.</span> <span class='ocrx_word' id='word_1_15' title='bbox 835 383 874 421; x_wconf 88' lang='lat' dir='ltr'>Si</span> <span class='ocrx_word' id='word_1_16' title='bbox 895 382 1137 435; x_wconf 86' lang='lat' dir='ltr'>responderit</span> <span class='ocrx_word' id='word_1_17' title='bbox 1157 382 1337 428; x_wconf 84' lang='lat' dir='ltr'>Tubero,</span> <span class='ocrx_word' id='word_1_18' title='bbox 1369 381 1565 428; x_wconf 85' lang='lat' dir='ltr'>Africam,</span> <span class='ocrx_word' id='word_1_19' title='bbox 1597 396 1678 436; x_wconf 91' lang='lat' dir='ltr'>quo</span> <span class='ocrx_word' id='word_1_20' title='bbox 1699 383 1853 422; x_wconf 85' lang='lat' dir='ltr'>senatus</span> 
     </span>
     <span class='ocr_line' id='line_1_4' title="bbox 455 447 1854 503; baseline -0.001 -12"><span class='ocrx_word' id='word_1_21' title='bbox 455 467 547 491; x_wconf 90' lang='lat' dir='ltr'>eum</span> <span class='ocrx_word' id='word_1_22' title='bbox 569 451 722 503; x_wconf 89' lang='lat' dir='ltr'>sorsque</span> <span class='ocrx_word' id='word_1_23' title='bbox 742 448 911 494; x_wconf 84' lang='lat' dir='ltr'>miserat,</span> <span class='ocrx_word' id='word_1_24' title='bbox 944 448 1019 486; x_wconf 89' lang='lat' dir='ltr'>tibi</span> <span class='ocrx_word' id='word_1_25' title='bbox 1039 457 1191 502; x_wconf 87' lang='lat' dir='ltr'>patrem</span> <span class='ocrx_word' id='word_1_26' title='bbox 1212 447 1326 486; x_wconf 91' lang='lat' dir='ltr'>suum</span> <span class='ocrx_word' id='word_1_27' title='bbox 1348 447 1585 487; x_wconf 86' lang='lat' dir='ltr'>traditurum</span> <span class='ocrx_word' id='word_1_28' title='bbox 1604 447 1740 496; x_wconf 79' lang='lat' dir='ltr'>fuiffe3</span> <span class='ocrx_word' id='word_1_29' title='bbox 1773 463 1854 489; x_wconf 92' lang='lat' dir='ltr'>non</span> 
     </span>
     <span class='ocr_line' id='line_1_5' title="bbox 455 513 1853 568; baseline -0.001 -12"><span class='ocrx_word' id='word_1_30' title='bbox 455 517 645 556; x_wconf 78' lang='lat' dir='ltr'>dubitabo</span> <span class='ocrx_word' id='word_1_31' title='bbox 666 514 769 568; x_wconf 86' lang='lat' dir='ltr'>apud</span> <span class='ocrx_word' id='word_1_32' title='bbox 790 514 921 568; x_wconf 89' lang='lat' dir='ltr'>ipsum</span> <span class='ocrx_word' id='word_1_33' title='bbox 943 522 994 560; x_wconf 90' lang='lat' dir='ltr'>te,</span> <span class='ocrx_word' id='word_1_34' title='bbox 1026 515 1140 567; x_wconf 83' lang='lat' dir='ltr'>cujus</span> <span class='ocrx_word' id='word_1_35' title='bbox 1162 513 1202 553; x_wconf 91' lang='lat' dir='ltr'>id</span> <span class='ocrx_word' id='word_1_36' title='bbox 1222 527 1314 553; x_wconf 90' lang='lat' dir='ltr'>eum</span> <span class='ocrx_word' id='word_1_37' title='bbox 1335 513 1461 552; x_wconf 88' lang='lat' dir='ltr'>faeere</span> <span class='ocrx_word' id='word_1_38' title='bbox 1482 513 1679 561; x_wconf 77' lang='lat' dir='ltr'><strong>interfuit,</strong></span> <span class='ocrx_word' id='word_1_39' title='bbox 1706 515 1853 568; x_wconf 87' lang='lat' dir='ltr'>gravis-</span> 
     </span>
     <span class='ocr_line' id='line_1_6' title="bbox 454 580 1856 636; baseline -0.001 -14"><span class='ocrx_word' id='word_1_40' title='bbox 454 584 559 623; x_wconf 77' lang='lat' dir='ltr'>simis</span> <span class='ocrx_word' id='word_1_41' title='bbox 580 583 707 621; x_wconf 86' lang='lat' dir='ltr'>verbis</span> <span class='ocrx_word' id='word_1_42' title='bbox 729 583 813 636; x_wconf 83' lang='lat' dir='ltr'>ejus</span> <span class='ocrx_word' id='word_1_43' title='bbox 834 582 1045 621; x_wconf 88' lang='lat' dir='ltr'>confilium</span> <span class='ocrx_word' id='word_1_44' title='bbox 1066 580 1347 635; x_wconf 80' lang='lat' dir='ltr'>reprehendere</span> <span class='ocrx_word' id='word_1_45' title='bbox 1366 596 1374 620; x_wconf 92' lang='lat'>:</span> <span class='ocrx_word' id='word_1_46' title='bbox 1408 595 1488 620; x_wconf 91' lang='lat' dir='ltr'>non</span> <span class='ocrx_word' id='word_1_47' title='bbox 1514 582 1636 627; x_wconf 89' lang='lat' dir='ltr'>enim,</span> <span class='ocrx_word' id='word_1_48' title='bbox 1668 581 1695 619; x_wconf 88' lang='lat' dir='ltr'><strong>fi</strong></span> <span class='ocrx_word' id='word_1_49' title='bbox 1717 582 1793 621; x_wconf 89' lang='lat' dir='ltr'>tibi</span> <span class='ocrx_word' id='word_1_50' title='bbox 1812 596 1856 622; x_wconf 92' lang='lat' dir='ltr'>ea</span> 
     </span>
     <span class='ocr_line' id='line_1_7' title="bbox 456 646 1855 702; baseline -0.001 -14"><span class='ocrx_word' id='word_1_51' title='bbox 456 663 513 689; x_wconf 84' lang='lat' dir='ltr'>res</span> <span class='ocrx_word' id='word_1_52' title='bbox 535 659 642 702; x_wconf 83' lang='lat' dir='ltr'>grata</span> <span class='ocrx_word' id='word_1_53' title='bbox 662 648 806 694; x_wconf 73' lang='lat' dir='ltr'>fuisset,</span> <span class='ocrx_word' id='word_1_54' title='bbox 829 648 920 687; x_wconf 82' lang='lat' dir='ltr'>effet</span> <span class='ocrx_word' id='word_1_55' title='bbox 940 648 1060 686; x_wconf 88' lang='lat' dir='ltr'>etiam</span> <span class='ocrx_word' id='word_1_56' title='bbox 1080 647 1257 701; x_wconf 85' lang='lat' dir='ltr'>probata.</span> <span class='ocrx_word' id='word_1_57' title='bbox 1287 646 1359 685; x_wconf 89' lang='lat' dir='ltr'>Sed</span> <span class='ocrx_word' id='word_1_58' title='bbox 1375 648 1459 700; x_wconf 87' lang='lat' dir='ltr'>jam</span> <span class='ocrx_word' id='word_1_59' title='bbox 1478 646 1555 686; x_wconf 93' lang='lat' dir='ltr'>hoc</span> <span class='ocrx_word' id='word_1_60' title='bbox 1577 656 1709 686; x_wconf 91' lang='lat' dir='ltr'>totum</span> <span class='ocrx_word' id='word_1_61' title='bbox 1730 648 1855 687; x_wconf 89' lang='lat' dir='ltr'>omit-</span> 
     </span>
     <span class='ocr_line' id='line_1_8' title="bbox 455 713 1855 768; baseline -0.001 -13"><span class='ocrx_word' id='word_1_62' title='bbox 455 726 510 762; x_wconf 91' lang='lat' dir='ltr'>to,</span> <span class='ocrx_word' id='word_1_63' title='bbox 534 730 614 755; x_wconf 89' lang='lat' dir='ltr'>non</span> <span class='ocrx_word' id='word_1_64' title='bbox 635 724 714 754; x_wconf 88' lang='lat' dir='ltr'>tam</span> <span class='ocrx_word' id='word_1_65' title='bbox 737 724 780 754; x_wconf 91' lang='lat' dir='ltr'>ut</span> <span class='ocrx_word' id='word_1_66' title='bbox 802 729 850 753; x_wconf 89' lang='lat' dir='ltr'>ne</span> <span class='ocrx_word' id='word_1_67' title='bbox 870 714 1070 753; x_wconf 84' lang='lat' dir='ltr'>offendam</span> <span class='ocrx_word' id='word_1_68' title='bbox 1092 723 1176 753; x_wconf 84' lang='lat' dir='ltr'>tuas</span> <span class='ocrx_word' id='word_1_69' title='bbox 1197 713 1492 767; x_wconf 74' lang='lat' dir='ltr'>patientissimas</span> <span class='ocrx_word' id='word_1_70' title='bbox 1513 727 1637 759; x_wconf 86' lang='lat' dir='ltr'>aures,</span> <span class='ocrx_word' id='word_1_71' title='bbox 1665 727 1785 768; x_wconf 90' lang='lat' dir='ltr'>quam</span> <span class='ocrx_word' id='word_1_72' title='bbox 1806 728 1855 753; x_wconf 90' lang='lat' dir='ltr'>ne</span> 
     </span>
     <span class='ocr_line' id='line_1_9' title="bbox 455 779 1855 835; baseline -0.001 -14"><span class='ocrx_word' id='word_1_73' title='bbox 455 783 634 828; x_wconf 86' lang='lat' dir='ltr'>Tubero,</span> <span class='ocrx_word' id='word_1_74' title='bbox 658 782 765 835; x_wconf 90' lang='lat' dir='ltr'>quod</span> <span class='ocrx_word' id='word_1_75' title='bbox 786 795 991 835; x_wconf 80' lang='lat' dir='ltr'>nunquam</span> <span class='ocrx_word' id='word_1_76' title='bbox 1013 782 1216 834; x_wconf 87' lang='lat' dir='ltr'>cogitavit,</span> <span class='ocrx_word' id='word_1_77' title='bbox 1239 780 1410 819; x_wconf 70' lang='lat' dir='ltr'>faCturus</span> <span class='ocrx_word' id='word_1_78' title='bbox 1432 779 1545 819; x_wconf 82' lang='lat' dir='ltr'>fuisse</span> <span class='ocrx_word' id='word_1_79' title='bbox 1565 780 1755 820; x_wconf 84' lang='lat' dir='ltr'>videatur.</span> <span class='ocrx_word' id='word_1_80' title='bbox 1771 782 1855 820; x_wconf 87' lang='lat' dir='ltr'>Ve-</span> 
     </span>
     <span class='ocr_line' id='line_1_10' title="bbox 456 846 1856 902; baseline -0.001 -14"><span class='ocrx_word' id='word_1_81' title='bbox 456 850 623 888; x_wconf 81' lang='lat' dir='ltr'>niebatis</span> <span class='ocrx_word' id='word_1_82' title='bbox 645 850 769 902; x_wconf 86' lang='lat' dir='ltr'>igitur</span> <span class='ocrx_word' id='word_1_83' title='bbox 789 851 828 888; x_wconf 86' lang='lat' dir='ltr'>in</span> <span class='ocrx_word' id='word_1_84' title='bbox 852 848 1032 887; x_wconf 79' lang='lat' dir='ltr'>Africam</span> <span class='ocrx_word' id='word_1_85' title='bbox 1053 848 1314 902; x_wconf 82' lang='lat' dir='ltr'>provinciam,</span> <span class='ocrx_word' id='word_1_86' title='bbox 1341 862 1461 887; x_wconf 88' lang='lat' dir='ltr'>unam</span> <span class='ocrx_word' id='word_1_87' title='bbox 1482 862 1530 886; x_wconf 85' lang='lat' dir='ltr'>ex</span> <span class='ocrx_word' id='word_1_88' title='bbox 1550 848 1738 886; x_wconf 88' lang='lat' dir='ltr'>omnibus</span> <span class='ocrx_word' id='word_1_89' title='bbox 1759 846 1856 887; x_wconf 87' lang='lat' dir='ltr'>huic</span> 
     </span>
     <span class='ocr_line' id='line_1_11' title="bbox 456 915 1857 968; baseline -0.001 -13"><span class='ocrx_word' id='word_1_90' title='bbox 456 917 628 955; x_wconf 65' lang='lat' dir='ltr'>vietoriae</span> <span class='ocrx_word' id='word_1_91' title='bbox 644 916 816 954; x_wconf 80' lang='lat' dir='ltr'>maxime</span> <span class='ocrx_word' id='word_1_92' title='bbox 838 915 1038 954; x_wconf 80' lang='lat' dir='ltr'>infestam:</span> <span class='ocrx_word' id='word_1_93' title='bbox 1062 915 1103 953; x_wconf 89' lang='lat' dir='ltr'>in</span> <span class='ocrx_word' id='word_1_94' title='bbox 1120 928 1197 968; x_wconf 83' lang='lat' dir='ltr'>qua</span> <span class='ocrx_word' id='word_1_95' title='bbox 1211 924 1290 952; x_wconf 89' lang='lat' dir='ltr'>erat</span> <span class='ocrx_word' id='word_1_96' title='bbox 1307 929 1373 953; x_wconf 86' lang='lat' dir='ltr'>rex</span> <span class='ocrx_word' id='word_1_97' title='bbox 1389 915 1695 968; x_wconf 87' lang='lat' dir='ltr'>potentiffimus,</span> <span class='ocrx_word' id='word_1_98' title='bbox 1716 915 1857 954; x_wconf 89' lang='lat' dir='ltr'>inimi-</span> 
     </span>
     <span class='ocr_line' id='line_1_12' title="bbox 456 980 1854 1035; baseline -0.001 -15"><span class='ocrx_word' id='word_1_99' title='bbox 456 996 525 1021; x_wconf 87' lang='lat' dir='ltr'>cus</span> <span class='ocrx_word' id='word_1_100' title='bbox 547 981 642 1020; x_wconf 91' lang='lat' dir='ltr'>huic</span> <span class='ocrx_word' id='word_1_101' title='bbox 663 981 804 1027; x_wconf 85' lang='lat' dir='ltr'>causae,</span> <span class='ocrx_word' id='word_1_102' title='bbox 836 982 961 1019; x_wconf 84' lang='lat' dir='ltr'>aliena</span> <span class='ocrx_word' id='word_1_103' title='bbox 980 981 1177 1027; x_wconf 85' lang='lat' dir='ltr'>voluntas,</span> <span class='ocrx_word' id='word_1_104' title='bbox 1209 989 1426 1019; x_wconf 85' lang='lat' dir='ltr'>conventus</span> <span class='ocrx_word' id='word_1_105' title='bbox 1448 980 1574 1027; x_wconf 87' lang='lat' dir='ltr'>firmi,</span> <span class='ocrx_word' id='word_1_106' title='bbox 1603 991 1721 1035; x_wconf 89' lang='lat' dir='ltr'>atque</span> <span class='ocrx_word' id='word_1_107' title='bbox 1741 994 1854 1034; x_wconf 83' lang='lat' dir='ltr'>mag-</span> 
     </span>
     <span class='ocr_line' id='line_1_13' title="bbox 455 1046 1854 1100; baseline -0.001 -13"><span class='ocrx_word' id='word_1_108' title='bbox 455 1049 511 1087; x_wconf 90' lang='lat' dir='ltr'>ni.</span> <span class='ocrx_word' id='word_1_109' title='bbox 540 1048 700 1100; x_wconf 85' lang='lat' dir='ltr'>Qaero,</span> <span class='ocrx_word' id='word_1_110' title='bbox 723 1047 820 1099; x_wconf 91' lang='lat' dir='ltr'>quid</span> <span class='ocrx_word' id='word_1_111' title='bbox 841 1047 981 1085; x_wconf 62' lang='lat' dir='ltr'>faeruri</span> <span class='ocrx_word' id='word_1_112' title='bbox 1002 1046 1197 1085; x_wconf 85' lang='lat' dir='ltr'>fuiffetis?</span> <span class='ocrx_word' id='word_1_113' title='bbox 1221 1060 1462 1100; x_wconf 87' lang='lat' dir='ltr'>quanquam,</span> <span class='ocrx_word' id='word_1_114' title='bbox 1486 1047 1583 1100; x_wconf 90' lang='lat' dir='ltr'>quid</span> <span class='ocrx_word' id='word_1_115' title='bbox 1603 1046 1744 1085; x_wconf 67' lang='lat' dir='ltr'>faeturi</span> <span class='ocrx_word' id='word_1_116' title='bbox 1764 1046 1854 1085; x_wconf 90' lang='lat' dir='ltr'>fue-</span> 
     </span>
     <span class='ocr_line' id='line_1_14' title="bbox 456 1112 1855 1167; baseline -0.001 -13"><span class='ocrx_word' id='word_1_117' title='bbox 456 1115 558 1161; x_wconf 84' lang='lat' dir='ltr'>ritis,</span> <span class='ocrx_word' id='word_1_118' title='bbox 590 1128 670 1153; x_wconf 89' lang='lat' dir='ltr'>non</span> <span class='ocrx_word' id='word_1_119' title='bbox 691 1114 888 1160; x_wconf 86' lang='lat' dir='ltr'>dubitem,</span> <span class='ocrx_word' id='word_1_120' title='bbox 911 1128 1005 1153; x_wconf 89' lang='lat' dir='ltr'>cum</span> <span class='ocrx_word' id='word_1_121' title='bbox 1025 1114 1194 1159; x_wconf 90' lang='lat' dir='ltr'>videam,</span> <span class='ocrx_word' id='word_1_122' title='bbox 1216 1114 1314 1167; x_wconf 89' lang='lat' dir='ltr'>quid</span> <span class='ocrx_word' id='word_1_123' title='bbox 1334 1113 1522 1153; x_wconf 87' lang='lat' dir='ltr'>feceritis.</span> <span class='ocrx_word' id='word_1_124' title='bbox 1546 1112 1747 1152; x_wconf 90' lang='lat' dir='ltr'>Prohibiti</span> <span class='ocrx_word' id='word_1_125' title='bbox 1767 1113 1855 1152; x_wconf 87' lang='lat' dir='ltr'>estis</span> 
     </span>
     <span class='ocr_line' id='line_1_15' title="bbox 456 1179 1853 1234; baseline 0 -15"><span class='ocrx_word' id='word_1_126' title='bbox 456 1181 497 1219; x_wconf 89' lang='lat' dir='ltr'>in</span> <span class='ocrx_word' id='word_1_127' title='bbox 518 1181 722 1234; x_wconf 87' lang='lat' dir='ltr'>provincia</span> <span class='ocrx_word' id='word_1_128' title='bbox 741 1180 861 1219; x_wconf 90' lang='lat' dir='ltr'>vestra</span> <span class='ocrx_word' id='word_1_129' title='bbox 881 1180 1022 1234; x_wconf 88' lang='lat' dir='ltr'>pedem</span> <span class='ocrx_word' id='word_1_130' title='bbox 1042 1194 1207 1233; x_wconf 85' lang='lat' dir='ltr'>ponere,</span> <span class='ocrx_word' id='word_1_131' title='bbox 1239 1189 1278 1218; x_wconf 93' lang='lat' dir='ltr'>et</span> <span class='ocrx_word' id='word_1_132' title='bbox 1297 1179 1514 1233; x_wconf 87' lang='lat' dir='ltr'>prohibiti,</span> <span class='ocrx_word' id='word_1_133' title='bbox 1546 1189 1591 1218; x_wconf 92' lang='lat' dir='ltr'>ut</span> <span class='ocrx_word' id='word_1_134' title='bbox 1610 1179 1853 1233; x_wconf 85' lang='lat' dir='ltr'>perhibetis,</span> 
     </span>
     <span class='ocr_line' id='line_1_16' title="bbox 458 1247 902 1299; baseline 0 -14"><span class='ocrx_word' id='word_1_135' title='bbox 458 1247 610 1286; x_wconf 87' lang='lat' dir='ltr'>summa</span> <span class='ocrx_word' id='word_1_136' title='bbox 630 1261 724 1285; x_wconf 88' lang='lat' dir='ltr'>cum</span> <span class='ocrx_word' id='word_1_137' title='bbox 745 1247 902 1299; x_wconf 85' lang='lat' dir='ltr'>injuria.</span> 
     </span>
    </p>

    <p class='ocr_par' dir='ltr' id='par_1_3' title="bbox 455 1310 1855 2027">
     <span class='ocr_line' id='line_1_17' title="bbox 513 1310 1855 1366; baseline -0.001 -15"><span class='ocrx_word' id='word_1_138' title='bbox 513 1313 729 1366; x_wconf 85' lang='lat' dir='ltr'>Qomodo</span> <span class='ocrx_word' id='word_1_139' title='bbox 750 1313 789 1350; x_wconf 91' lang='lat' dir='ltr'>id</span> <span class='ocrx_word' id='word_1_140' title='bbox 813 1312 981 1351; x_wconf 88' lang='lat' dir='ltr'>tulistis?</span> <span class='ocrx_word' id='word_1_141' title='bbox 1004 1321 1173 1365; x_wconf 62' lang='lat' dir='ltr'>acceptat</span> <span class='ocrx_word' id='word_1_142' title='bbox 1194 1312 1348 1364; x_wconf 83' lang='lat' dir='ltr'>injuriae</span> <span class='ocrx_word' id='word_1_143' title='bbox 1364 1312 1564 1364; x_wconf 87' lang='lat' dir='ltr'>querelam</span> <span class='ocrx_word' id='word_1_144' title='bbox 1580 1311 1627 1349; x_wconf 89' lang='lat' dir='ltr'>ad</span> <span class='ocrx_word' id='word_1_145' title='bbox 1643 1324 1764 1364; x_wconf 89' lang='lat' dir='ltr'>quem</span> <span class='ocrx_word' id='word_1_146' title='bbox 1785 1310 1855 1349; x_wconf 89' lang='lat' dir='ltr'>de-</span> 
     </span>
     <span class='ocr_line' id='line_1_18' title="bbox 457 1377 1855 1432; baseline -0.002 -14"><span class='ocrx_word' id='word_1_147' title='bbox 457 1380 600 1418; x_wconf 84' lang='lat' dir='ltr'>tulistis</span> <span class='ocrx_word' id='word_1_148' title='bbox 618 1380 630 1417; x_wconf 91' lang='lat'>?</span> <span class='ocrx_word' id='word_1_149' title='bbox 662 1393 805 1432; x_wconf 87' lang='lat' dir='ltr'>nempe</span> <span class='ocrx_word' id='word_1_150' title='bbox 825 1378 871 1416; x_wconf 86' lang='lat' dir='ltr'>ad</span> <span class='ocrx_word' id='word_1_151' title='bbox 892 1393 998 1423; x_wconf 89' lang='lat' dir='ltr'>eum,</span> <span class='ocrx_word' id='word_1_152' title='bbox 1031 1379 1144 1430; x_wconf 89' lang='lat' dir='ltr'>cujus</span> <span class='ocrx_word' id='word_1_153' title='bbox 1166 1378 1437 1416; x_wconf 63' lang='lat' dir='ltr'>aurftoritatem</span> <span class='ocrx_word' id='word_1_154' title='bbox 1459 1377 1595 1423; x_wconf 88' lang='lat' dir='ltr'>secuti,</span> <span class='ocrx_word' id='word_1_155' title='bbox 1627 1378 1668 1415; x_wconf 90' lang='lat' dir='ltr'>in</span> <span class='ocrx_word' id='word_1_156' title='bbox 1691 1377 1855 1416; x_wconf 89' lang='lat' dir='ltr'>societa-</span> 
     </span>
     <span class='ocr_line' id='line_1_19' title="bbox 457 1444 1854 1497; baseline -0.003 -13"><span class='ocrx_word' id='word_1_157' title='bbox 457 1455 537 1485; x_wconf 88' lang='lat' dir='ltr'>tem</span> <span class='ocrx_word' id='word_1_158' title='bbox 559 1446 654 1484; x_wconf 89' lang='lat' dir='ltr'>belli</span> <span class='ocrx_word' id='word_1_159' title='bbox 676 1446 880 1484; x_wconf 86' lang='lat' dir='ltr'>veneratis.</span> <span class='ocrx_word' id='word_1_160' title='bbox 914 1445 1035 1497; x_wconf 84' lang='lat' dir='ltr'>Qod</span> <span class='ocrx_word' id='word_1_161' title='bbox 1063 1445 1089 1482; x_wconf 89' lang='lat' dir='ltr'>si</span> <span class='ocrx_word' id='word_1_162' title='bbox 1119 1444 1415 1483; x_wconf 72' lang='lat' dir='ltr'>Caesariscausa</span> <span class='ocrx_word' id='word_1_163' title='bbox 1442 1445 1482 1482; x_wconf 89' lang='lat' dir='ltr'>in</span> <span class='ocrx_word' id='word_1_164' title='bbox 1510 1444 1757 1497; x_wconf 88' lang='lat' dir='ltr'>provinciam</span> <span class='ocrx_word' id='word_1_165' title='bbox 1785 1457 1854 1481; x_wconf 90' lang='lat' dir='ltr'>ve-</span> 
     </span>
     <span class='ocr_line' id='line_1_20' title="bbox 456 1509 1853 1565; baseline -0.002 -15"><span class='ocrx_word' id='word_1_166' title='bbox 456 1513 649 1558; x_wconf 68' lang='lat' dir='ltr'>niebatis,</span> <span class='ocrx_word' id='word_1_167' title='bbox 681 1512 728 1550; x_wconf 86' lang='lat' dir='ltr'>ad</span> <span class='ocrx_word' id='word_1_168' title='bbox 749 1526 841 1550; x_wconf 89' lang='lat' dir='ltr'>eum</span> <span class='ocrx_word' id='word_1_169' title='bbox 868 1511 1045 1565; x_wconf 64' lang='lat' dir='ltr'>profee&#39;m</span> <span class='ocrx_word' id='word_1_170' title='bbox 1072 1511 1217 1549; x_wconf 79' lang='lat' dir='ltr'>exclusi</span> <span class='ocrx_word' id='word_1_171' title='bbox 1246 1511 1448 1563; x_wconf 85' lang='lat' dir='ltr'>provincia</span> <span class='ocrx_word' id='word_1_172' title='bbox 1468 1509 1677 1548; x_wconf 71' lang='lat' dir='ltr'>venissetis.</span> <span class='ocrx_word' id='word_1_173' title='bbox 1710 1509 1853 1548; x_wconf 91' lang='lat' dir='ltr'>Venis-</span> 
     </span>
     <span class='ocr_line' id='line_1_21' title="bbox 457 1576 1855 1631; baseline -0.002 -14"><span class='ocrx_word' id='word_1_174' title='bbox 457 1579 506 1617; x_wconf 85' lang='lat' dir='ltr'>tis</span> <span class='ocrx_word' id='word_1_175' title='bbox 527 1579 574 1617; x_wconf 91' lang='lat' dir='ltr'>ad</span> <span class='ocrx_word' id='word_1_176' title='bbox 596 1579 848 1631; x_wconf 90' lang='lat' dir='ltr'>Pompeium.</span> <span class='ocrx_word' id='word_1_177' title='bbox 883 1579 983 1629; x_wconf 86' lang='lat' dir='ltr'>Qae</span> <span class='ocrx_word' id='word_1_178' title='bbox 1010 1577 1064 1615; x_wconf 87' lang='lat' dir='ltr'>est</span> <span class='ocrx_word' id='word_1_179' title='bbox 1091 1591 1184 1630; x_wconf 88' lang='lat' dir='ltr'>ergo</span> <span class='ocrx_word' id='word_1_180' title='bbox 1208 1577 1311 1630; x_wconf 86' lang='lat' dir='ltr'>apud</span> <span class='ocrx_word' id='word_1_181' title='bbox 1334 1576 1525 1615; x_wconf 85' lang='lat' dir='ltr'>Caesarem</span> <span class='ocrx_word' id='word_1_182' title='bbox 1546 1576 1728 1629; x_wconf 88' lang='lat' dir='ltr'>querela,</span> <span class='ocrx_word' id='word_1_183' title='bbox 1761 1589 1855 1614; x_wconf 90' lang='lat' dir='ltr'>cum</span> 
     </span>
     <span class='ocr_line' id='line_1_22' title="bbox 455 1642 1853 1698; baseline -0.002 -15"><span class='ocrx_word' id='word_1_184' title='bbox 455 1659 547 1684; x_wconf 86' lang='lat' dir='ltr'>eum</span> <span class='ocrx_word' id='word_1_185' title='bbox 569 1645 783 1690; x_wconf 82' lang='lat' dir='ltr'>accusatis,</span> <span class='ocrx_word' id='word_1_186' title='bbox 814 1658 835 1682; x_wconf 88' lang='lat' dir='ltr'>a</span> <span class='ocrx_word' id='word_1_187' title='bbox 855 1658 935 1698; x_wconf 91' lang='lat' dir='ltr'>quo</span> <span class='ocrx_word' id='word_1_188' title='bbox 962 1644 1184 1697; x_wconf 85' lang='lat' dir='ltr'>queramini</span> <span class='ocrx_word' id='word_1_189' title='bbox 1211 1657 1278 1682; x_wconf 84' lang='lat' dir='ltr'>vos</span> <span class='ocrx_word' id='word_1_190' title='bbox 1309 1642 1532 1697; x_wconf 87' lang='lat' dir='ltr'>prohibitos</span> <span class='ocrx_word' id='word_1_191' title='bbox 1560 1651 1698 1681; x_wconf 86' lang='lat' dir='ltr'>contra</span> <span class='ocrx_word' id='word_1_192' title='bbox 1725 1642 1853 1681; x_wconf 81' lang='lat' dir='ltr'>Caesa-</span> 
     </span>
     <span class='ocr_line' id='line_1_23' title="bbox 456 1709 1854 1764; baseline -0.003 -13"><span class='ocrx_word' id='word_1_193' title='bbox 456 1727 539 1751; x_wconf 85' lang='lat' dir='ltr'>rem</span> <span class='ocrx_word' id='word_1_194' title='bbox 559 1712 712 1750; x_wconf 89' lang='lat' dir='ltr'>bellum</span> <span class='ocrx_word' id='word_1_195' title='bbox 732 1712 896 1764; x_wconf 86' lang='lat' dir='ltr'>gerere?</span> <span class='ocrx_word' id='word_1_196' title='bbox 928 1711 1063 1764; x_wconf 88' lang='lat' dir='ltr'>Atque</span> <span class='ocrx_word' id='word_1_197' title='bbox 1094 1712 1136 1749; x_wconf 90' lang='lat' dir='ltr'>in</span> <span class='ocrx_word' id='word_1_198' title='bbox 1167 1709 1245 1748; x_wconf 89' lang='lat' dir='ltr'>hoc</span> <span class='ocrx_word' id='word_1_199' title='bbox 1277 1710 1440 1763; x_wconf 88' lang='lat' dir='ltr'>quidem</span> <span class='ocrx_word' id='word_1_200' title='bbox 1471 1710 1532 1749; x_wconf 92' lang='lat' dir='ltr'>vel</span> <span class='ocrx_word' id='word_1_201' title='bbox 1565 1723 1660 1748; x_wconf 89' lang='lat' dir='ltr'>cum</span> <span class='ocrx_word' id='word_1_202' title='bbox 1690 1709 1854 1748; x_wconf 88' lang='lat' dir='ltr'>menda-</span> 
     </span>
     <span class='ocr_line' id='line_1_24' title="bbox 457 1774 1855 1829; baseline -0.003 -12"><span class='ocrx_word' id='word_1_203' title='bbox 457 1780 545 1824; x_wconf 88' lang='lat' dir='ltr'>cio,</span> <span class='ocrx_word' id='word_1_204' title='bbox 577 1779 603 1817; x_wconf 90' lang='lat' dir='ltr'>s1</span> <span class='ocrx_word' id='word_1_205' title='bbox 639 1778 786 1822; x_wconf 79' lang='lat' dir='ltr'>vultis,</span> <span class='ocrx_word' id='word_1_206' title='bbox 817 1778 977 1829; x_wconf 89' lang='lat' dir='ltr'>gloriari</span> <span class='ocrx_word' id='word_1_207' title='bbox 1012 1791 1080 1829; x_wconf 89' lang='lat' dir='ltr'>per</span> <span class='ocrx_word' id='word_1_208' title='bbox 1112 1791 1176 1815; x_wconf 88' lang='lat' dir='ltr'>me</span> <span class='ocrx_word' id='word_1_209' title='bbox 1208 1777 1328 1822; x_wconf 83' lang='lat' dir='ltr'>licet,</span> <span class='ocrx_word' id='word_1_210' title='bbox 1359 1791 1428 1816; x_wconf 87' lang='lat' dir='ltr'>vos</span> <span class='ocrx_word' id='word_1_211' title='bbox 1463 1777 1709 1829; x_wconf 85' lang='lat' dir='ltr'>provinciam</span> <span class='ocrx_word' id='word_1_212' title='bbox 1742 1774 1855 1814; x_wconf 79' lang='lat' dir='ltr'>fuisse</span> 
     </span>
     <span class='ocr_line' id='line_1_25' title="bbox 459 1841 1854 1895; baseline -0.004 -12"><span class='ocrx_word' id='word_1_213' title='bbox 459 1844 597 1883; x_wconf 79' lang='lat' dir='ltr'>Caesari</span> <span class='ocrx_word' id='word_1_214' title='bbox 620 1843 846 1887; x_wconf 84' lang='lat' dir='ltr'>tradituros,</span> <span class='ocrx_word' id='word_1_215' title='bbox 878 1843 996 1880; x_wconf 82' lang='lat' dir='ltr'>etiam</span> <span class='ocrx_word' id='word_1_216' title='bbox 1018 1842 1044 1879; x_wconf 89' lang='lat' dir='ltr'><strong>fi</strong></span> <span class='ocrx_word' id='word_1_217' title='bbox 1065 1855 1086 1879; x_wconf 86' lang='lat' dir='ltr'>a</span> <span class='ocrx_word' id='word_1_218' title='bbox 1106 1842 1210 1880; x_wconf 86' lang='lat' dir='ltr'>Varo</span> <span class='ocrx_word' id='word_1_219' title='bbox 1231 1851 1269 1880; x_wconf 87' lang='lat' dir='ltr'>et</span> <span class='ocrx_word' id='word_1_220' title='bbox 1294 1842 1530 1895; x_wconf 89' lang='lat' dir='ltr'>quibusdam</span> <span class='ocrx_word' id='word_1_221' title='bbox 1551 1842 1637 1880; x_wconf 84' lang='lat' dir='ltr'>aliis</span> <span class='ocrx_word' id='word_1_222' title='bbox 1659 1841 1854 1894; x_wconf 89' lang='lat' dir='ltr'>prohibiti</span> 
     </span>
     <span class='ocr_line' id='line_1_26' title="bbox 458 1907 1853 1962; baseline -0.002 -13"><span class='ocrx_word' id='word_1_223' title='bbox 458 1911 581 1949; x_wconf 83' lang='lat' dir='ltr'>effetis</span> <span class='ocrx_word' id='word_1_224' title='bbox 602 1926 610 1948; x_wconf 90' lang='lat'>:</span> <span class='ocrx_word' id='word_1_225' title='bbox 643 1923 716 1962; x_wconf 82' lang='lat' dir='ltr'>ego</span> <span class='ocrx_word' id='word_1_226' title='bbox 751 1917 883 1947; x_wconf 88' lang='lat' dir='ltr'>autem</span> <span class='ocrx_word' id='word_1_227' title='bbox 918 1907 1137 1947; x_wconf 88' lang='lat' dir='ltr'>confitebor</span> <span class='ocrx_word' id='word_1_228' title='bbox 1173 1908 1333 1961; x_wconf 87' lang='lat' dir='ltr'>culpam</span> <span class='ocrx_word' id='word_1_229' title='bbox 1367 1908 1440 1946; x_wconf 85' lang='lat' dir='ltr'>effe</span> <span class='ocrx_word' id='word_1_230' title='bbox 1476 1908 1652 1960; x_wconf 87' lang='lat' dir='ltr'>Ligarii,</span> <span class='ocrx_word' id='word_1_231' title='bbox 1684 1908 1754 1960; x_wconf 91' lang='lat' dir='ltr'>qui</span> <span class='ocrx_word' id='word_1_232' title='bbox 1786 1921 1853 1946; x_wconf 91' lang='lat' dir='ltr'>vos</span> 
     </span>
     <span class='ocr_line' id='line_1_27' title="bbox 457 1974 1179 2027; baseline -0.007 -11"><span class='ocrx_word' id='word_1_233' title='bbox 457 1986 571 2016; x_wconf 82' lang='lat' dir='ltr'>tantae</span> <span class='ocrx_word' id='word_1_234' title='bbox 591 1975 717 2014; x_wconf 84' lang='lat' dir='ltr'>laudis</span> <span class='ocrx_word' id='word_1_235' title='bbox 738 1975 936 2013; x_wconf 88' lang='lat' dir='ltr'>occasione</span> <span class='ocrx_word' id='word_1_236' title='bbox 956 1974 1179 2027; x_wconf 83' lang='lat' dir='ltr'>privaverit.</span> 
     </span>
    </p>

    <p class='ocr_par' dir='ltr' id='par_1_4' title="bbox 453 2039 1855 2562">
     <span class='ocr_line' id='line_1_28' title="bbox 514 2039 1852 2094; baseline -0.003 -13"><span class='ocrx_word' id='word_1_237' title='bbox 514 2044 587 2082; x_wconf 92' lang='lat' dir='ltr'>IX.</span> <span class='ocrx_word' id='word_1_238' title='bbox 623 2041 694 2079; x_wconf 86' lang='lat' dir='ltr'>Sed</span> <span class='ocrx_word' id='word_1_239' title='bbox 715 2041 817 2087; x_wconf 90' lang='lat' dir='ltr'>vide,</span> <span class='ocrx_word' id='word_1_240' title='bbox 840 2040 984 2094; x_wconf 84' lang='lat' dir='ltr'>quaeso,</span> <span class='ocrx_word' id='word_1_241' title='bbox 1009 2041 1057 2079; x_wconf 93' lang='lat' dir='ltr'>C.</span> <span class='ocrx_word' id='word_1_242' title='bbox 1076 2039 1214 2085; x_wconf 81' lang='lat' dir='ltr'>Caesar,</span> <span class='ocrx_word' id='word_1_243' title='bbox 1232 2039 1491 2078; x_wconf 81' lang='lat' dir='ltr'>constantiam</span> <span class='ocrx_word' id='word_1_244' title='bbox 1513 2039 1743 2078; x_wconf 87' lang='lat' dir='ltr'>ornatiffimi</span> <span class='ocrx_word' id='word_1_245' title='bbox 1763 2039 1852 2084; x_wconf 88' lang='lat' dir='ltr'>viri,</span> 
     </span>
     <span class='ocr_line' id='line_1_29' title="bbox 458 2105 1852 2161; baseline -0.004 -13"><span class='ocrx_word' id='word_1_246' title='bbox 458 2112 505 2149; x_wconf 89' lang='lat' dir='ltr'>L.</span> <span class='ocrx_word' id='word_1_247' title='bbox 529 2109 783 2148; x_wconf 83' lang='lat' dir='ltr'>Tuberonis:</span> <span class='ocrx_word' id='word_1_248' title='bbox 817 2121 936 2161; x_wconf 88' lang='lat' dir='ltr'>quam</span> <span class='ocrx_word' id='word_1_249' title='bbox 956 2120 1043 2159; x_wconf 86' lang='lat' dir='ltr'>ego,</span> <span class='ocrx_word' id='word_1_250' title='bbox 1075 2108 1254 2160; x_wconf 85' lang='lat' dir='ltr'>quamvis</span> <span class='ocrx_word' id='word_1_251' title='bbox 1285 2106 1365 2159; x_wconf 87' lang='lat' dir='ltr'>ipse</span> <span class='ocrx_word' id='word_1_252' title='bbox 1390 2106 1613 2159; x_wconf 86' lang='lat' dir='ltr'>probarem,</span> <span class='ocrx_word' id='word_1_253' title='bbox 1645 2114 1690 2143; x_wconf 91' lang='lat' dir='ltr'>ut</span> <span class='ocrx_word' id='word_1_254' title='bbox 1710 2105 1852 2158; x_wconf 92' lang='lat' dir='ltr'>probo,</span> 
     </span>
     <span class='ocr_line' id='line_1_30' title="bbox 455 2173 1853 2226; baseline -0.003 -11"><span class='ocrx_word' id='word_1_255' title='bbox 455 2187 583 2215; x_wconf 86' lang='lat' dir='ltr'>tamen</span> <span class='ocrx_word' id='word_1_256' title='bbox 618 2190 695 2214; x_wconf 87' lang='lat' dir='ltr'>non</span> <span class='ocrx_word' id='word_1_257' title='bbox 728 2188 1094 2220; x_wconf 87' lang='lat' dir='ltr'>commemorarem,</span> <span class='ocrx_word' id='word_1_258' title='bbox 1128 2175 1198 2212; x_wconf 84' lang='lat' dir='ltr'>nifi</span> <span class='ocrx_word' id='word_1_259' title='bbox 1230 2188 1251 2212; x_wconf 85' lang='lat' dir='ltr'>a</span> <span class='ocrx_word' id='word_1_260' title='bbox 1283 2183 1320 2212; x_wconf 92' lang='lat' dir='ltr'>te</span> <span class='ocrx_word' id='word_1_261' title='bbox 1348 2173 1613 2226; x_wconf 74' lang='lat' dir='ltr'>cognovissem</span> <span class='ocrx_word' id='word_1_262' title='bbox 1641 2173 1682 2210; x_wconf 89' lang='lat' dir='ltr'>in</span> <span class='ocrx_word' id='word_1_263' title='bbox 1713 2173 1853 2226; x_wconf 87' lang='lat' dir='ltr'>primis</span> 
     </span>
     <span class='ocr_line' id='line_1_31' title="bbox 455 2239 1855 2293; baseline -0.003 -12"><span class='ocrx_word' id='word_1_264' title='bbox 455 2258 539 2282; x_wconf 76' lang='lat' dir='ltr'>eam</span> <span class='ocrx_word' id='word_1_265' title='bbox 560 2243 748 2280; x_wconf 87' lang='lat' dir='ltr'>virtutem</span> <span class='ocrx_word' id='word_1_266' title='bbox 771 2241 890 2279; x_wconf 88' lang='lat' dir='ltr'>solere</span> <span class='ocrx_word' id='word_1_267' title='bbox 917 2240 1079 2279; x_wconf 79' lang='lat' dir='ltr'>laudari.</span> <span class='ocrx_word' id='word_1_268' title='bbox 1113 2241 1213 2293; x_wconf 83' lang='lat' dir='ltr'>Qae</span> <span class='ocrx_word' id='word_1_269' title='bbox 1240 2240 1318 2278; x_wconf 90' lang='lat' dir='ltr'>fuit</span> <span class='ocrx_word' id='word_1_270' title='bbox 1345 2241 1468 2293; x_wconf 88' lang='lat' dir='ltr'>igitur</span> <span class='ocrx_word' id='word_1_271' title='bbox 1495 2253 1671 2293; x_wconf 82' lang='lat' dir='ltr'>unquam</span> <span class='ocrx_word' id='word_1_272' title='bbox 1699 2239 1740 2277; x_wconf 89' lang='lat' dir='ltr'>in</span> <span class='ocrx_word' id='word_1_273' title='bbox 1770 2239 1855 2278; x_wconf 90' lang='lat' dir='ltr'>ullo</span> 
     </span>
     <span class='ocr_line' id='line_1_32' title="bbox 455 2306 1852 2352; baseline -0.004 -3"><span class='ocrx_word' id='word_1_274' title='bbox 455 2311 615 2349; x_wconf 86' lang='lat' dir='ltr'>homine</span> <span class='ocrx_word' id='word_1_275' title='bbox 638 2318 743 2347; x_wconf 84' lang='lat' dir='ltr'>tanta</span> <span class='ocrx_word' id='word_1_276' title='bbox 764 2308 1004 2346; x_wconf 77' lang='lat' dir='ltr'>constantia?</span> <span class='ocrx_word' id='word_1_277' title='bbox 1037 2307 1309 2346; x_wconf 83' lang='lat' dir='ltr'>Constantiam</span> <span class='ocrx_word' id='word_1_278' title='bbox 1330 2307 1449 2346; x_wconf 91' lang='lat' dir='ltr'>dico?</span> <span class='ocrx_word' id='word_1_279' title='bbox 1473 2307 1617 2352; x_wconf 86' lang='lat' dir='ltr'>nescio,</span> <span class='ocrx_word' id='word_1_280' title='bbox 1639 2319 1687 2345; x_wconf 88' lang='lat' dir='ltr'>an</span> <span class='ocrx_word' id='word_1_281' title='bbox 1708 2306 1852 2345; x_wconf 89' lang='lat' dir='ltr'>melius</span> 
     </span>
     <span class='ocr_line' id='line_1_33' title="bbox 456 2371 1850 2431; baseline -0.003 -16"><span class='ocrx_word' id='word_1_282' title='bbox 456 2376 684 2431; x_wconf 79' lang='lat' dir='ltr'>patientiam</span> <span class='ocrx_word' id='word_1_283' title='bbox 707 2375 851 2428; x_wconf 71' lang='lat' dir='ltr'>possem</span> <span class='ocrx_word' id='word_1_284' title='bbox 874 2374 1015 2412; x_wconf 87' lang='lat' dir='ltr'>dicere.</span> <span class='ocrx_word' id='word_1_285' title='bbox 1058 2375 1217 2426; x_wconf 85' lang='lat' dir='ltr'>Qotus</span> <span class='ocrx_word' id='word_1_286' title='bbox 1238 2374 1345 2411; x_wconf 91' lang='lat' dir='ltr'>enim</span> <span class='ocrx_word' id='word_1_287' title='bbox 1367 2373 1469 2412; x_wconf 88' lang='lat' dir='ltr'>istud</span> <span class='ocrx_word' id='word_1_288' title='bbox 1489 2373 1656 2427; x_wconf 91' lang='lat' dir='ltr'>quisque</span> <span class='ocrx_word' id='word_1_289' title='bbox 1674 2371 1850 2418; x_wconf 76' lang='lat' dir='ltr'>fecisset,</span> 
     </span>
     <span class='ocr_line' id='line_1_34' title="bbox 456 2439 1849 2495; baseline -0.004 -14"><span class='ocrx_word' id='word_1_290' title='bbox 456 2453 499 2481; x_wconf 90' lang='lat' dir='ltr'>ut</span> <span class='ocrx_word' id='word_1_291' title='bbox 529 2439 549 2480; x_wconf 80' lang='lat' dir='ltr'>a</span> <span class='ocrx_word' id='word_1_292' title='bbox 581 2442 725 2495; x_wconf 82' lang='lat' dir='ltr'>quibus</span> <span class='ocrx_word' id='word_1_293' title='bbox 747 2441 924 2494; x_wconf 84' lang='lat' dir='ltr'>partibus</span> <span class='ocrx_word' id='word_1_294' title='bbox 956 2440 996 2477; x_wconf 88' lang='lat' dir='ltr'>in</span> <span class='ocrx_word' id='word_1_295' title='bbox 1027 2439 1253 2478; x_wconf 85' lang='lat' dir='ltr'>diffenfione</span> <span class='ocrx_word' id='word_1_296' title='bbox 1283 2440 1392 2478; x_wconf 87' lang='lat' dir='ltr'>civili</span> <span class='ocrx_word' id='word_1_297' title='bbox 1424 2453 1502 2478; x_wconf 91' lang='lat' dir='ltr'>non</span> <span class='ocrx_word' id='word_1_298' title='bbox 1533 2439 1627 2478; x_wconf 73' lang='lat' dir='ltr'>esset·</span> <span class='ocrx_word' id='word_1_299' title='bbox 1654 2446 1849 2490; x_wconf 87' lang='lat' dir='ltr'>receptus,</span> 
     </span>
     <span class='ocr_line' id='line_1_35' title="bbox 453 2504 1847 2562; baseline -0.005 -15"><span class='ocrx_word' id='word_1_300' title='bbox 453 2510 622 2562; x_wconf 74' lang='lat' dir='ltr'>essetque</span> <span class='ocrx_word' id='word_1_301' title='bbox 651 2508 770 2547; x_wconf 80' lang='lat' dir='ltr'>etiam</span> <span class='ocrx_word' id='word_1_302' title='bbox 801 2522 894 2547; x_wconf 91' lang='lat' dir='ltr'>cum</span> <span class='ocrx_word' id='word_1_303' title='bbox 922 2506 1152 2545; x_wconf 78' lang='lat' dir='ltr'>crudelitate</span> <span class='ocrx_word' id='word_1_304' title='bbox 1181 2507 1358 2559; x_wconf 49' lang='lat' dir='ltr'>rejed‘tu&amp;</span> <span class='ocrx_word' id='word_1_305' title='bbox 1391 2507 1436 2544; x_wconf 83' lang='lat' dir='ltr'>ad</span> <span class='ocrx_word' id='word_1_306' title='bbox 1465 2520 1524 2545; x_wconf 76' lang='lat' dir='ltr'>eas</span> <span class='ocrx_word' id='word_1_307' title='bbox 1554 2505 1651 2560; x_wconf 81' lang='lat' dir='ltr'>ipsas</span> <span class='ocrx_word' id='word_1_308' title='bbox 1674 2504 1847 2542; x_wconf 87' lang='lat' dir='ltr'>rediret?</span> 
     </span>
    </p>
   </div>
  </div>
 </body>
</html>
