2076 2860
616 166 758 207 PRO
819 164 883 204 M.
945 162 1382 202 MARCELLO.
1626 175 1702 215 245

297 269 382 323 ipso
403 269 444 307 in
465 265 639 307 consessu
659 266 802 305 videtis
821 280 830 304 ε
865 278 945 302 non
967 263 1035 302 ille
1056 262 1185 302 hostes
1206 262 1367 301 induxit
1388 262 1428 301 in
1450 263 1617 308 curiam,
1641 263 1705 301 sed

292 335 490 390 judicavit
504 363 516 379 ,
547 347 569 371 a
588 333 787 386 plerisque
808 332 1057 384 ignoratione
1078 331 1211 384 potius
1227 360 1239 376 ‚
1270 339 1309 368 et
1340 329 1436 368 falso
1457 340 1576 383 atque
1597 330 1705 368 inani

299 412 425 448 metu,
448 414 570 454 quam
591 399 824 453 cupiditate,
857 407 924 437 aut
945 397 1193 443 crudelitate,
1218 396 1336 435 civile
1356 396 1510 435 bellurn
1530 395 1603 435 effe
1624 397 1705 435 sus-

299 477 478 522 ceptum.
513 469 607 520 Qo
627 466 793 520 quidem
814 466 855 504 in
877 465 984 503 bello
1006 465 1157 518 semper
1178 464 1225 502 de
1255 477 1349 517 pace
1378 463 1576 516 agendum
1592 493 1603 509 ,
1636 477 1706 501 au-

300 536 492 575 diendum
512 534 650 587 putavi
665 553 677 580 ;
711 533 942 586 semperque
962 531 1073 570 dolui
1095 545 1175 569 non
1197 531 1318 569 modo
1338 544 1476 584 pacem
1491 560 1502 576 ,
1535 530 1599 568 sed
1619 544 1708 568 ora-

300 603 455 642 tionem
488 602 610 640 etiam
644 601 795 655 civium
825 612 963 652 pacem
992 597 1325 650 efflagitantium,
1357 596 1567 650 repudiari.
1620 597 1708 635 Ne-

301 683 379 722 que
398 668 508 707 enim
528 679 602 720 ego
622 666 691 704 illa
704 695 716 711 ,
749 679 820 703 nec
842 665 924 703 ulla
944 677 1120 716 unquam
1135 693 1147 708 ,
1179 663 1335 701 secutus
1366 663 1452 700 sum
1482 676 1587 700 arma
1607 662 1708 700 civi-

301 734 381 780 lia3
414 734 645 786 semperque
665 745 753 770 mea
773 731 934 769 consilia
953 730 1059 783 pacis
1080 739 1119 767 et
1140 738 1240 781 togae
1262 729 1365 766 socia
1379 758 1390 773 ‚
1423 742 1500 766 non
1526 728 1621 766 belli
1647 737 1708 766 at-

301 814 380 853 que
400 813 617 844 armorum,
643 798 821 836 fuerunt.
855 797 1080 835 Hominem
1101 796 1188 834 sum
1209 795 1363 833 secutus
1386 795 1539 847 privato
1559 794 1708 839 officio,

303 880 383 904 non
406 866 571 919 publico
590 881 599 903 :
633 873 871 916 tantumque
891 862 995 915 apud
1016 876 1081 900 me
1100 862 1201 914 grati
1223 861 1347 899 animi
1369 860 1496 898 fidelis
1518 861 1713 898 memoria

303 933 451 978 valuit,
484 941 529 970 ut
562 930 671 969 nulla
702 943 782 968 non
814 928 935 967 modo
968 928 1187 981 cupiditate
1202 958 1212 973 ,
1246 927 1310 965 sed
1342 941 1390 965 ne
1423 927 1487 980 spe
1520 927 1683 979 quidem
1698 956 1710 972 ,

302 998 474 1052 prudens
496 1007 535 1036 et
555 998 695 1042 sciens,
728 1006 918 1049 tanquam
938 995 985 1033 ad
1006 995 1215 1033 interitum
1237 1007 1390 1032 ruerem
1412 993 1698 1031 voluntarium.

360 1064 483 1117 Qod
503 1064 667 1118 quidem
688 1077 825 1102 meum
841 1062 1052 1100 confilium
1069 1062 1238 1100 minime
1254 1061 1468 1099 obscurum
1485 1059 1579 1098 fuit.
1604 1061 1713 1099 Nam

305 1139 344 1170 et
373 1133 415 1169 in
444 1131 523 1169 hoc
553 1130 690 1168 ordine
705 1159 715 1175 ,
749 1130 902 1181 integra
931 1143 970 1166 re
985 1158 996 1174 ,
1027 1128 1156 1166 multa
1176 1127 1223 1165 de
1244 1141 1339 1180 pace
1361 1127 1473 1171 dixi;
1506 1136 1544 1164 et
1566 1127 1606 1164 in
1629 1126 1714 1178 ipso

306 1198 416 1235 bello
434 1197 571 1235 eadem
591 1198 711 1234 etiam
732 1210 826 1234 cum
847 1196 987 1248 capitis
1011 1195 1090 1233 mei
1111 1194 1289 1248 periculo
1312 1193 1421 1231 sensi.
1455 1194 1518 1230 Ex
1539 1206 1619 1245 quo
1642 1206 1713 1230 ne-

307 1277 374 1302 mo
395 1264 470 1301 erit
490 1273 571 1300 tam
592 1262 760 1314 injustus
781 1276 914 1300 rerum
935 1261 1158 1306 aestimator,
1189 1261 1259 1313 qui
1281 1260 1452 1304 dubitet,
1476 1274 1562 1312 quae
1586 1260 1713 1297 Caesa-

308 1331 360 1369 ris
382 1330 564 1369 voluntas
586 1329 633 1366 de
654 1329 761 1367 bello
782 1329 903 1367 fuerit
918 1358 928 1373 ,
961 1342 1055 1366 cum
1086 1328 1191 1381 pacis
1223 1329 1397 1365 auctores
1429 1326 1714 1364 conservandos

307 1396 439 1435 statim
460 1396 668 1441 censuerit,
695 1396 844 1434 caeteris
866 1395 987 1433 fuerit
1008 1395 1157 1433 iratior.
1190 1396 1326 1446 Atque
1349 1394 1388 1431 id
1410 1393 1542 1431 minus
1565 1394 1715 1431 mirum

307 1463 462 1502 fortaffe
484 1472 585 1508 tum,
603 1476 698 1501 cum
717 1462 809 1500 effet
829 1463 1002 1500 incertus
1025 1461 1169 1505 exitus,
1188 1469 1226 1498 et
1247 1474 1389 1512 anceps
1412 1459 1572 1497 fortuna
1592 1460 1711 1497 belli:

308 1531 379 1583 qui
408 1543 499 1568 vero
529 1530 653 1567 victor
680 1529 785 1581 pacis
807 1530 981 1565 auctores
1003 1527 1138 1578 diligit
1154 1556 1164 1571 ,
1198 1527 1229 1563 is
1251 1526 1428 1577 proseffito
1450 1526 1645 1570 declarat,
1679 1525 1715 1562 se

308 1594 486 1634 maluisse
506 1608 586 1632 non
608 1594 810 1639 dimicare,
843 1606 963 1646 quam
983 1594 1153 1630 vincere.

366 1663 441 1700 VI.
475 1662 610 1713 Atque
630 1659 750 1712 hujus
773 1659 936 1712 quidem
958 1660 1012 1697 rei
1034 1659 1098 1697 M.
1116 1658 1313 1696 Marcello
1330 1657 1415 1695 sum
1434 1656 1554 1695 testis.
1578 1655 1717 1695 Nostri

310 1728 420 1766 enim
441 1727 570 1765 sensus
593 1735 637 1764 ut
658 1728 699 1764 in
720 1741 813 1779 pace
834 1726 1010 1779 semper,
1044 1726 1094 1763 fic
1125 1734 1214 1763 tum
1238 1725 1358 1761 etiam
1379 1724 1418 1760 in
1451 1724 1557 1761 bello
1572 1752 1584 1768 ,
1616 1736 1715 1760 con-

311 1794 519 1847 gruebant.
554 1794 722 1845 Qoties
744 1786 816 1845 ego
837 1807 944 1837 eum,
967 1802 1006 1830 et
1026 1801 1176 1845 quanto
1198 1805 1291 1828 cum
1313 1790 1462 1834 dolore,
1493 1789 1589 1834 vidi,
1623 1802 1718 1827 cum

310 1859 562 1898 insolentiam
584 1868 783 1896 certorum
804 1857 1033 1902 hominum,
1067 1866 1155 1895 tum
1176 1857 1295 1894 etiam
1323 1855 1441 1908 ipsius
1463 1856 1635 1893 victoriae
1655 1854 1715 1893 fe-

310 1927 534 1971 rocitatem,
557 1925 910 1963 extimescentem?
935 1925 1028 1974 Qo
1049 1923 1196 1975 gratior
1218 1932 1283 1959 tua
1303 1921 1532 1966 liberalitas,
1557 1922 1606 1959 C.
1628 1921 1716 1959 Cae-

312 1993 384 2039 sar,
417 1994 547 2038 nobis,
579 1993 649 2045 qui
680 1992 748 2029 illa
775 1991 963 2036 vidimus,
996 1990 1112 2027 debet
1133 1989 1232 2027 effe:
1267 2003 1346 2026 non
1368 1989 1476 2026 enim
1492 1990 1578 2041 jam
1598 1988 1718 2027 causae

313 2060 403 2099 sunt
424 2061 527 2098 inter
548 2059 598 2104 se,
631 2058 695 2096 sed
715 2058 900 2102 victoriae,
933 2056 1217 2109 comparandae.

370 2127 558 2164 Vidimus
582 2134 690 2162 tuam
712 2124 916 2161 victoriam
938 2122 1165 2175 praeliorum
1185 2122 1295 2160 exitu
1318 2122 1568 2159 terminatam
1587 2141 1598 2166 ;
1631 2121 1717 2173 gla-

316 2191 428 2229 dium
459 2192 598 2243 vagina
630 2203 799 2227 vacuum
831 2190 872 2227 in
905 2188 1003 2227 urbe
1035 2202 1114 2227 non
1141 2173 1336 2226 xvidimus.
1371 2190 1483 2240 Qos
1516 2188 1717 2225 amisimus

317 2257 420 2294 cives
436 2285 447 2301 ,
479 2269 543 2294 eos
575 2255 718 2293 Martis
748 2255 806 2292 vis
832 2255 1003 2307 perculit
1018 2284 1028 2300 ‚
1061 2268 1141 2293 non
1162 2255 1219 2292 ira
1237 2254 1409 2293 victoriae
1429 2268 1437 2292 z
1473 2263 1516 2291 ut
1538 2253 1718 2291 dubitare

318 2322 456 2360 debeat
477 2335 609 2365 nem0,
641 2321 739 2373 quin
762 2320 925 2366 multos,
958 2322 983 2359 fi
1006 2321 1089 2359 fieri
1111 2320 1248 2373 posset,
1282 2321 1330 2358 C.
1357 2319 1482 2357 Caesar
1511 2319 1716 2357 zib-inferis

318 2388 530 2432 excitaret3
565 2388 755 2440 quoniam
775 2401 822 2425 ex
843 2387 977 2425 eadem
998 2388 1080 2426 acie
1101 2387 1316 2431 conservat,
1346 2400 1445 2437 quos
1469 2384 1606 2436 potest.
1641 2385 1716 2421 Al-

318 2454 439 2494 terius
461 2468 550 2492 vero
573 2454 706 2506 partis,
739 2453 842 2492 nihil
863 2454 1034 2508 amplius
1055 2452 1200 2497 dicam,
1224 2442 1352 2505 ¹quain
1374 2451 1428 2495 id,
1453 2449 1558 2502 quod
1580 2463 1716 2488 omnes
