2076 2860
698 126 841 168 PRO
901 121 965 162 M.
1034 112 1297 156 CAELIO.
1639 115 1707 142 101

301 238 516 301 prosiluisse
537 236 657 279 dicas,
686 241 805 284 atque
826 235 915 266 ante
937 233 1112 274 tempus,
1136 231 1217 256 non
1238 211 1407 267 reperio.
1441 209 1615 247 Fuerant
1636 203 1714 242 hoc

303 310 429 364 rogati
445 327 457 353 3
481 305 638 344 fuerant
657 299 706 337 ad
726 297 829 335 hanc
851 305 935 331 rem
955 285 1158 330 collocati,
1181 292 1226 321 ut
1246 290 1460 321 venenum,
1484 283 1529 312 ut
1550 271 1712 314 infidiae,

303 376 459 417 facinus
481 370 653 421 denique
674 363 804 417 ipsum
826 368 871 398 ut
892 353 1100 396 manifesto
1121 343 1539 402 comprehenderetur.

361 443 637 481 Potueruntne
657 429 815 470 meliori
837 436 1016 477 tempore
1038 418 1213 474 prosilire
1229 444 1239 460 ,
1271 425 1392 466 quam
1414 422 1508 448 cum
1530 403 1713 446 Licinius

306 507 500 549 venisset?
533 516 628 542 cum
650 500 691 537 in
713 509 833 536 manu
855 498 1006 531 teneret
1026 485 1167 525 veneni
1192 479 1383 536 pyxidem
1402 478 1414 515 ?
1447 488 1533 528 quae
1564 472 1591 510 fi
1622 483 1716 509 cum

304 579 390 631 jam
410 582 491 612 erat
511 569 654 609 tradita
674 563 806 607 servis,
824 557 1022 598 evasissent
1039 552 1170 592 subito
1186 563 1235 587 ex
1251 545 1401 586 balneis
1419 539 1598 580 mulieris
1615 536 1718 575 ami-

309 645 362 690 ci,
378 639 666 690 Liciniumque
682 623 1069 683 comprehendissent
1078 640 1090 666 ;
1109 617 1340 670 imploraret
1354 609 1570 650 hominum
1584 605 1719 648 fidem,

312 722 431 765 atque
452 723 473 746 a
493 706 529 745 se
550 704 662 742 illam
685 697 875 753 pyxidem
895 691 1080 731 traditam
1103 689 1332 740 pernegaret
1349 694 1357 717 :
1382 689 1503 731 quem
1520 671 1723 726 quomodo

315 778 377 816 illi
399 766 760 828 reprehenderent?
793 759 928 801 vidisse
959 757 995 795 se
1025 750 1232 793 dicerent?
1266 747 1445 800 primum
1475 741 1522 779 ad
1553 740 1588 778 se
1610 752 1723 777 revo-

318 851 451 884 carent
471 836 640 878 maximi
660 829 848 872 facinoris
869 826 1022 864 crimen
1040 840 1051 865 ;
1085 815 1226 857 deinde
1247 814 1288 852 id
1309 812 1346 851 se
1366 808 1501 849 vidiffe
1523 807 1698 844 dicerent
1715 833 1725 849 ,

319 909 442 966 quod,
475 919 555 960 quo
576 904 666 941 loco
687 894 874 937 collocati
894 890 1067 933 fuerant,
1092 898 1171 924 non
1194 879 1408 936 potuiffent
1429 874 1574 914 videre.
1599 874 1728 911 Tem-

321 990 415 1032 pore
435 974 560 1027 igitur
580 968 664 1022 ipso
686 965 722 1004 se
743 959 997 1002 ostenderunt
1011 986 1022 1001 ,
1055 966 1150 992 cum
1181 947 1364 988 Licinius
1392 941 1553 982 venisset
1568 971 1579 986 ,
1612 938 1730 992 pyxi-

323 1044 415 1082 dem
435 1038 640 1094 expediret
655 1065 666 1081 ,
698 1042 864 1071 manum
885 1023 1103 1080 porrigeret
1118 1049 1129 1065 ‚
1161 1027 1361 1055 venenum
1383 1010 1564 1049 traderet.
1603 1006 1652 1044 M
1661 1005 1733 1043 imi

325 1124 418 1164 ergo
439 1108 494 1147 est
508 1108 594 1160 jam
614 1102 760 1144 exitus,
792 1109 873 1135 non
893 1090 1061 1132 fabulae:
1094 1087 1137 1125 in
1158 1097 1238 1138 quo
1259 1095 1354 1120 cum
1374 1076 1547 1117 clausula
1568 1087 1648 1112 non
1670 1073 1735 1110 in-

326 1177 485 1217 venitur
500 1204 511 1219 ‚
542 1170 652 1223 fugit
670 1165 814 1219 aliquis
837 1177 857 1200 e
877 1158 1061 1200 manibus
1080 1174 1092 1200 5
1125 1149 1267 1191 deinde
1288 1145 1449 1187 scabilla
1469 1148 1709 1193 concrepant
1724 1168 1736 1182 ‚

331 1243 501 1283 aulaeum
521 1237 694 1277 tollitur.

388 1307 589 1349 XXVIII.
623 1305 769 1355 Qaero
790 1297 913 1341 enim,
946 1307 1016 1332 cur
1038 1288 1246 1330 Licinium
1268 1282 1524 1323 titubantem,
1557 1275 1739 1314 haefitan-

335 1388 432 1422 tem,
450 1374 673 1416 cedentem,
691 1368 828 1420 fugere
849 1370 1077 1403 conantem,
1095 1351 1321 1395 mulieraria
1341 1360 1481 1387 manus
1504 1343 1572 1383 ista
1588 1343 1635 1380 de
1657 1354 1742 1379 ma-

337 1444 455 1484 nibus
477 1438 676 1482 emiserit,
695 1448 766 1474 cur
787 1445 866 1471 non
889 1421 1292 1480 comprehenderint3
1312 1430 1381 1455 cur
1403 1426 1483 1452 non
1506 1410 1623 1463 ipsius
1645 1420 1743 1445 con-

338 1511 513 1555 feffione,
532 1506 756 1546 multorum
772 1499 915 1542 oculis,
934 1491 1121 1534 facinoris
1144 1488 1316 1538 denique
1337 1495 1446 1526 voce,
1471 1477 1571 1517 tanti
1593 1473 1745 1513 sceleris

341 1579 494 1617 crimen
515 1570 769 1626 exprefferint
788 1568 800 1604 ?
834 1567 900 1603 An
922 1560 1134 1601 timebant,
1157 1568 1206 1592 ne
1228 1561 1287 1590 tot
1308 1562 1449 1590 unum,
1473 1544 1645 1583 valentes
1669 1541 1747 1577 im-

343 1643 553 1685 becillum,
584 1638 728 1676 alacres
751 1629 1021 1686 perterritum,
1054 1623 1231 1675 superare
1255 1630 1334 1655 non
1357 1612 1508 1667 poffent
1528 1611 1540 1647 ?
1573 1607 1751 1646 Nullum

344 1714 626 1763 argumentum
643 1703 683 1740 in
701 1714 755 1745 re,
774 1696 884 1736 nulla
899 1691 1068 1745 suspicio
1090 1689 1131 1726 in
1153 1684 1278 1728 causa,
1302 1680 1437 1720 nullus
1459 1676 1589 1715 exitus
1611 1672 1750 1711 crimi-

346 1777 424 1821 nis,
451 1772 680 1826 reperietur.
714 1767 853 1817 Itaque
873 1760 957 1799 haec
979 1755 1091 1796 causa
1110 1753 1159 1792 ab
1181 1746 1440 1803 argumentis,
1472 1758 1493 1781 a
1513 1741 1753 1793 conjectura,

347 1842 396 1882 ab
417 1841 465 1879 iis
487 1836 606 1890 signis
622 1865 633 1881 ,
665 1831 812 1886 quibus
834 1827 975 1866 veritas
998 1819 1183 1861 illustrari
1214 1816 1311 1855 solet
1325 1844 1336 1860 ,
1369 1812 1416 1850 ad
1438 1809 1549 1848 testes
1572 1816 1655 1844 tota
1676 1815 1755 1842 tra-

351 1909 467 1948 ducta
485 1905 561 1944 est:
587 1914 686 1956 quos
704 1897 868 1953 quidem
889 1906 963 1946 ego
983 1889 1112 1933 testes,
1130 1885 1308 1938 JudiceS,
1332 1894 1412 1919 non
1434 1876 1553 1916 modo
1575 1874 1652 1912 sine
1674 1871 1758 1910 ullo

351 1978 511 2019 timore,
544 1970 608 2010 sed
628 1968 749 2008 etiam
770 1977 864 2004 cum
885 1961 1017 2012 aliqua
1037 1956 1102 2009 spe
1123 1948 1410 1992 delectationis,
1441 1944 1620 1997 expecto.

410 2037 614 2093 Praegestit
632 2035 788 2074 animus
805 2031 890 2083 jam
910 2025 1041 2065 videre
1057 2053 1067 2068 ,
1100 2020 1278 2075 primum
1298 2016 1426 2054 lautos
1443 2014 1608 2065 juvenes
1625 2037 1636 2052 ,
1668 2019 1759 2044 mu-

355 2109 463 2150 lieris
485 2107 606 2144 beatae
628 2115 670 2140 ac
693 2097 840 2138 nobilis
858 2092 1071 2133 familiares
1084 2107 1096 2135 ;
1115 2085 1256 2125 deinde
1277 2082 1398 2121 fortes
1420 2079 1540 2122 viros,
1562 2075 1610 2114 ab
1633 2074 1762 2125 impe-

359 2175 499 2217 ratrice
519 2173 561 2210 in
582 2166 731 2208 insidiis
753 2174 870 2216 atque
892 2162 932 2199 in
955 2156 1130 2212 praefidio
1151 2152 1381 2191 balnearum
1402 2147 1567 2185 locatos.
1591 2142 1655 2180 Ex
1672 2139 1765 2192 qui-

362 2244 436 2282 bus
457 2237 670 2292 requiram,
703 2243 877 2285 quonam
898 2225 1018 2266 modo
1037 2220 1242 2264 latuerint,
1274 2225 1341 2255 aut
1362 2214 1457 2253 ubi:
1481 2207 1661 2249 alveusne
1683 2206 1766 2250 ille,

363 2323 413 2349 an
434 2317 558 2359 equus
575 2302 773 2354 Trojanus
795 2296 931 2340 fuerit,
954 2292 1024 2346 qui
1045 2298 1105 2329 tot
1125 2286 1293 2326 invietos
1314 2283 1433 2326 viros,
1465 2275 1660 2316 muliebre
1680 2272 1767 2310 bel-

366 2377 454 2415 lum
475 2378 668 2425 gerentes,
700 2365 836 2406 tulerit
857 2376 899 2401 ac
922 2358 1079 2400 texerit.
1122 2353 1230 2394 Illud
1251 2363 1342 2390 vero
1363 2345 1593 2400 respondere
1614 2352 1769 2392 cogam,

370 2437 521 2483 cur'tot
542 2436 632 2481 viri,
654 2447 697 2474 ac
718 2432 830 2476 tales,
852 2429 962 2468 hunc
983 2434 1022 2465 et
1044 2435 1185 2468 unum,
1203 2429 1242 2458 et
1264 2428 1344 2458 tam
1367 2410 1636 2454 imbecillum,
1653 2418 1774 2459 quam
