2076 2860
419 191 495 232 372
770 178 848 217 IN
907 177 972 216 M.
1034 177 1460 216 ANTONIUM

417 289 644 325 tenuerunt,
677 279 869 318 lenonum
896 287 936 317 et
966 279 1194 317 latronum:
1230 279 1282 317 ita
1309 278 1533 317 domesticis
1562 277 1718 331 stupris,
1750 278 1817 318 fo-

417 347 592 385 renfibus
626 345 849 399 parricidiis
887 345 1124 390 delectatur,
1162 356 1206 383 ut
1245 345 1404 384 mulieri
1438 346 1558 384 citius
1593 345 1815 384 avariffimae

417 414 604 466 paruerit,
637 426 758 464 quam
780 411 943 457 senatui,
975 412 1205 465 populoque
1226 412 1425 450 Romano.

476 480 552 517 ΙΙΙ.
577 480 730 531 Itaque,
748 477 857 531 quod
877 478 995 531 paulo
1011 488 1100 516 ante
1115 477 1195 516 feci
1215 478 1256 515 in
1278 478 1425 522 senatu,
1444 476 1587 515 faciam
1606 477 1710 530 apud
1730 490 1813 516 vos.

419 544 643 590 Testificor,
676 544 883 588 denuntio,
914 553 1004 582 ante
1036 544 1221 597 praedico,
1252 542 1356 581 nihil
1392 543 1456 581 M.
1488 543 1718 581 Antonium
1746 556 1816 581 eo-

419 625 523 656 rum,
556 625 642 664 quae
668 611 758 649 sunt
785 611 923 663 legatis
945 610 1142 655 mandata,
1172 609 1398 648 faetumm:
1431 608 1670 647 vastaturum
1689 622 1816 661 agros,

419 677 627 716 Mutinam
646 677 903 722 obsessurum,
935 677 1122 721 delectus,
1154 689 1231 729 qua
1251 675 1380 728 poffit,
1411 674 1658 714 habiturum.
1707 676 1744 713 Is
1765 674 1820 713 est

419 744 529 782 enim
548 743 632 789 ille,
665 745 735 797 qui
756 744 908 797 semper
927 743 1079 781 senatus
1096 742 1299 795 judicium
1327 751 1367 780 et
1393 742 1681 787 auctoritatem,
1711 740 1815 779 sem-

418 823 489 862 per
507 809 755 848 voluntatem
775 810 937 848 vestram
958 809 1283 862 potestatemque,
1315 808 1612 861 contempserit.
1654 808 1723 846 An
1749 807 1820 846 ille

419 875 462 913 id
493 875 625 922 faciat,
659 877 767 928 quod
796 876 914 929 paulo
946 886 1035 914 ante
1066 876 1270 914 decretum
1302 875 1369 920 est,
1402 884 1447 913 ut
1479 874 1697 913 exercitum
1721 873 1821 912 citra

420 940 571 980 flumen
604 942 873 987 Rubiconem,
906 942 975 994 qui
1008 941 1098 980 finis
1131 941 1185 980 est
1217 941 1374 986 Galliae,
1405 940 1609 985 educeret,
1641 939 1739 978 dum
1769 952 1819 978 ne

421 1007 584 1060 propius
615 1007 755 1046 urbem
786 1008 958 1046 Romam
983 1020 1052 1046 cc.
1075 1007 1180 1046 mill.
1203 1006 1427 1045 admoveret
1446 1008 1458 1044 ?
1490 1005 1586 1045 huic
1607 1005 1818 1044 denuntia-

422 1073 524 1111 tioni
552 1073 623 1112 ille
654 1074 816 1126 pareat?
847 1073 917 1111 ille
948 1073 985 1110 se
1012 1072 1134 1111 fluvio
1161 1072 1374 1110 Rubicone
1403 1084 1472 1110 cc.
1504 1071 1609 1110 mill.
1642 1072 1818 1110 circum-

421 1138 612 1191 scriptum
629 1138 701 1176 effe
716 1139 916 1191 patiatur?
939 1139 1036 1176 Non
1057 1139 1090 1176 is
1111 1137 1164 1175 est
1184 1137 1410 1175 Antonius:
1436 1150 1541 1181 nam,
1563 1137 1590 1174 fi
1611 1136 1716 1181 effet,
1739 1149 1820 1174 non

423 1204 689 1250 commififfet,
708 1214 752 1242 ut
768 1206 802 1242 ei
824 1204 992 1248 senatus,
1015 1213 1203 1256 tanquam
1223 1203 1416 1242 Annibali
1437 1203 1554 1241 initio
1575 1203 1672 1240 belli
1692 1203 1819 1240 Puni-

423 1271 475 1316 ci,
505 1270 767 1315 denuntiaret,
791 1284 839 1308 ne
862 1279 1111 1322 oppugnaret
1132 1270 1365 1320 Saguntum.
1400 1268 1520 1320 Qod
1541 1281 1632 1306 vero
1651 1269 1819 1310 itaavo-

423 1347 534 1376 catur
554 1351 574 1375 a
596 1337 772 1382 Mutina,
805 1346 848 1374 ut
868 1336 916 1374 ab
938 1336 1049 1380 urbe,
1082 1346 1269 1387 tanquam
1291 1334 1471 1387 pestifera
1490 1334 1663 1380 flamma,
1689 1348 1819 1373 arcea-

424 1417 512 1449 tur,
536 1417 655 1456 quam
675 1401 794 1440 habet
814 1401 1108 1454 ignominiam?
1141 1401 1249 1453 quod
1263 1400 1465 1453 judicium
1486 1400 1668 1439 senatus?
1692 1401 1819 1452 Qid,

423 1469 531 1521 quod
557 1482 578 1506 a
606 1468 737 1506 senatu
765 1467 907 1506 dantur
926 1467 1109 1505 mandata
1127 1467 1282 1519 legatis,
1314 1475 1359 1503 ut
1380 1466 1434 1504 D.
1458 1467 1629 1504 Brutum
1649 1466 1818 1504 milites-

423 1549 500 1588 que
528 1536 610 1587 ejus
638 1534 791 1579 adeant,
821 1533 947 1586 iisque
974 1533 1255 1577 demonstrent,
1287 1531 1441 1570 summa
1467 1533 1507 1570 in
1530 1532 1821 1586 rempublicam

422 1603 563 1640 merita
594 1600 863 1653 beneficiaque
894 1614 1031 1638 eorum
1059 1609 1167 1652 grata
1198 1599 1270 1637 effe
1297 1598 1446 1637 senatui
1474 1599 1703 1652 populoque
1733 1599 1821 1638 Ro-

422 1681 554 1713 mano,
586 1666 718 1720 eisque
749 1680 835 1705 eam
866 1680 950 1704 rem
979 1679 1131 1718 magnae
1158 1664 1265 1704 laudi
1292 1678 1517 1718 magnoque
1537 1661 1680 1703 honori
1701 1663 1818 1704 fore?

423 1734 677 1773 passurumne
698 1733 862 1771 censetis
883 1733 1125 1777 Antonium,
1143 1732 1307 1770 introire
1323 1731 1530 1769 Mutinam
1549 1731 1726 1784 legatos?
1748 1744 1820 1770 ex-

424 1801 479 1839 ire
500 1799 591 1837 inde
612 1808 699 1837 tuto
718 1801 731 1836 ?
765 1800 987 1852 Nunquam
1007 1799 1191 1851 patietur,
1221 1796 1324 1835 mihi
1346 1797 1493 1836 credite
1511 1811 1520 1837 z
1554 1797 1646 1837 novi
1665 1797 1819 1836 violen-

425 1866 537 1909 tiam,
570 1864 661 1902 novi
683 1863 988 1916 impudentiam,
1021 1864 1113 1901 novi
1133 1862 1351 1900 audaciam.

481 1931 571 1970 Nec
598 1943 688 1967 vero
715 1929 762 1967 de
790 1929 861 1966 illo
892 1929 991 1966 ficut
1019 1928 1066 1966 de
1097 1927 1260 1966 homine
1287 1928 1422 1980 aliquo
1449 1927 1653 1973 debemus,
1685 1927 1749 1965 sed
1776 1936 1822 1966 ut

425 1997 473 2036 de
504 1995 837 2049 importunissima
867 1995 1012 2040 bellua,
1044 1995 1230 2047 cogitare.
1278 1994 1378 2046 Qae
1410 2007 1503 2032 cum
1535 1994 1590 2032 ita
1620 1994 1708 2039 fint,
1740 2007 1821 2032 non

425 2063 592 2102 omnino
613 2061 843 2100 dissolutum
863 2061 930 2106 est,
963 2060 1071 2114 quod
1103 2060 1274 2099 decrevit
1301 2060 1468 2098 senatus.
1520 2059 1656 2098 Habet
1674 2059 1821 2098 atroci-

426 2129 517 2168 tatis
537 2127 689 2180 aliquid
709 2127 854 2179 legatio
873 2142 881 2165 :
916 2127 1069 2165 utinam
1089 2125 1192 2165 nihil
1213 2125 1375 2165 haberet
1394 2139 1512 2164 morae
1532 2125 1539 2163 !
1573 2125 1696 2172 Nam,
1726 2138 1822 2164 cum

428 2194 623 2248 plerisque
643 2194 684 2232 in
706 2193 821 2232 rebus
842 2193 1022 2245 gerendis
1043 2193 1201 2231 tarditas
1223 2202 1262 2231 et
1281 2191 1576 2246 procrastinatio
1591 2191 1723 2230 odiosa
1741 2191 1818 2238 est;

428 2271 516 2299 tum
536 2258 613 2298 hoc
636 2258 788 2297 bellum
807 2258 961 2310 indiget
981 2258 1206 2297 celeritatis.
1240 2257 1558 2296 Succurrendum
1573 2256 1627 2294 est
1647 2257 1702 2296 D.
1716 2257 1820 2295 Bru-

428 2338 471 2366 to
489 2342 498 2365 z
530 2339 667 2364 omnes
688 2325 864 2378 undique
884 2325 1007 2377 copiae
1027 2324 1261 2377 colligendae
1280 2340 1288 2362 ι
1312 2323 1452 2362 horam
1473 2324 1644 2362 eximere
1666 2323 1818 2362 nullam

428 2394 469 2431 in
492 2393 560 2432 tali
579 2392 664 2430 cive
685 2384 887 2430 liberando
908 2391 986 2428 fine
1006 2390 1146 2429 scelere
1167 2404 1246 2428 non
1266 2389 1482 2443 possumus.

483 2459 548 2496 An
584 2458 651 2496 ille
686 2471 765 2496 non
799 2457 956 2512 potuit,
995 2457 1019 2495 fi
1056 2457 1282 2496 Antonium
1316 2455 1545 2502 consulem,
1581 2456 1608 2494 fi
1644 2453 1818 2494 Galliam
