2076 2860
409 234 481 271 190
879 217 1320 254 ORATIO

402 315 522 352 modo
543 313 754 352 defensioni
775 325 882 356 meze,
904 324 1039 356 verum
1060 310 1178 348 etiam
1199 310 1411 354 silentium,
1429 309 1683 362 pollicentur.
1703 311 1784 349 Re-

402 382 510 434 liqua
530 396 618 418 vero
639 378 869 422 multitudo,
902 391 987 429 quae
1007 377 1169 429 quidem
1189 376 1241 414 est
1262 377 1425 421 civium,
1458 386 1538 415 tota
1558 377 1684 416 nostra
1703 377 1756 415 est
1775 392 1783 415 ε

403 462 529 500 neque
544 460 679 485 eorum
696 445 918 497 quisquam,
937 457 1034 496 quos
1052 442 1226 495 undique
1242 443 1439 480 intuentes
1456 457 1502 482 ex
1523 442 1599 481 hoc
1622 444 1704 497 ipso
1724 443 1785 482 lo-

403 527 450 550 co
466 514 638 556 cernitis,
658 511 760 548 unde
776 510 905 562 aliqua
921 522 1005 562 pars
1027 508 1104 546 fori
1124 508 1268 561 adspici
1285 508 1423 561 potest,
1441 518 1479 547 et
1494 508 1613 561 hujus
1634 510 1788 548 exitum

396 579 540 630 judicii
555 565 814 629 expectantes,
833 588 912 612 non
928 588 1022 612 cum
1039 574 1175 611 virtuti
1191 574 1360 612 Milonis
1377 574 1495 619 favet,
1512 584 1599 613 tum
1612 575 1660 613 de
1675 575 1726 620 se,
1741 574 1789 612 de

401 645 533 682 liberis
556 643 647 688 suis,
666 642 712 680 de
732 641 868 694 patria,
886 640 933 678 de
953 640 1139 685 fortunis,
1161 638 1353 678 hodierno
1369 640 1431 678 die
1451 641 1638 679 decertari
1659 649 1786 694 putat.

458 712 511 748 ΙΙ.
546 711 684 747 Unum
715 721 838 761 genus
869 707 923 744 est
950 706 1151 744 adversum
1180 704 1445 759 infestumque
1474 707 1603 752 nobis,
1635 721 1786 752 eorum,

401 790 501 828 quos
524 776 568 814 P.
593 774 726 813 Clodii
748 773 857 811 furor
877 773 1020 825 rapinis
1036 802 1046 817 ‚
1079 780 1116 810 et
1137 771 1328 809 incendiis
1345 801 1355 816 ‚
1387 780 1425 809 et
1449 773 1635 810 omnibus
1655 773 1788 810 exitiis

402 842 596 895 publiciS,
627 841 733 893 pavit
752 855 760 878 :
794 840 864 892 qui
883 838 1059 877 hesterna
1077 838 1196 875 etiam
1215 838 1407 875 concione
1427 837 1582 876 incitati
1604 838 1714 883 sunt,
1747 846 1792 876 ut

404 909 514 946 vobis
536 922 629 945 voce
650 906 844 960 praeirent,
876 905 972 958 quid
987 904 1231 957 judicaretis.
1263 905 1448 956 Qorum
1468 905 1630 951 clamor,
1654 905 1680 944 fi
1701 905 1790 957 quis

404 974 505 1013 forte
526 973 644 1011 fuerit
660 1003 669 1018 ‚
701 972 907 1010 admonere
928 985 994 1009 vos
1017 970 1176 1008 debebit
1191 1000 1201 1014 ,
1234 979 1277 1008 ut
1298 983 1388 1008 eum
1409 972 1536 1009 civem
1564 971 1762 1009 retineatis
1777 1000 1789 1015 ‚

404 1041 474 1093 qui
495 1040 644 1092 semper
663 1052 785 1091 genus
806 1037 907 1075 illud
928 1036 1154 1081 hominum,
1186 1035 1449 1088 clamoresque
1480 1037 1689 1082 maximos,
1719 1050 1792 1089 pro

404 1106 524 1144 vestra
544 1106 663 1143 salute
685 1104 872 1156 neglexit.
906 1102 1177 1154 Qamobrem
1198 1101 1320 1139 adeste
1341 1102 1481 1139 animis
1498 1131 1508 1147 ,
1535 1102 1694 1153 Judices
1710 1131 1721 1146 ‚
1753 1110 1791 1140 et

406 1173 605 1215 timorem,
628 1171 653 1208 s1
674 1183 794 1222 quem
814 1168 982 1213 habetis,
1004 1167 1202 1220 deponite.
1222 1168 1343 1212 Nam,
1366 1168 1392 1205 s1
1414 1180 1588 1219 unquam
1609 1167 1656 1206 de
1676 1167 1790 1206 bonis

404 1247 442 1275 et
463 1237 633 1275 fortibus
655 1236 746 1273 viris
762 1265 772 1279 ,
805 1235 830 1272 s1
852 1248 1027 1286 unquam
1049 1234 1095 1271 de
1125 1233 1222 1271 bene
1243 1233 1393 1271 meritis
1415 1233 1568 1271 civibus
1585 1262 1594 1277 ,
1627 1233 1791 1286 potestas

405 1303 516 1340 vobis
532 1301 736 1354 judicandi
758 1300 834 1338 fuit
852 1320 861 1344 ;
896 1300 920 1337 fi
942 1300 1109 1351 denique
1131 1312 1306 1350 unquam
1327 1298 1437 1336 locus
1464 1298 1792 1350 amplissimorum

405 1369 589 1407 ordinum
611 1368 767 1405 delcetis
788 1367 879 1404 viris
901 1366 1012 1403 datus
1033 1365 1100 1409 est,
1119 1365 1188 1402 ubi
1203 1365 1269 1402 sua
1284 1364 1408 1402 studia
1422 1378 1511 1416 erga
1525 1363 1646 1403 fortes
1663 1374 1702 1403 et
1718 1365 1791 1403 bo-

408 1448 476 1473 nos
497 1436 615 1479 cives,
638 1447 722 1484 quae
743 1432 856 1470 vultu
877 1442 915 1470 et
936 1431 1062 1469 verbis
1086 1430 1180 1483 saepe
1201 1429 1486 1482 fignificaffent,
1519 1444 1557 1467 re
1577 1440 1615 1469 et
1637 1430 1792 1469 senten-

408 1502 472 1539 tiis
493 1501 729 1547 declararent
748 1514 756 1537 :
790 1498 866 1536 hoc
887 1497 1062 1551 profecto
1084 1506 1259 1549 tempore
1278 1510 1363 1535 eam
1384 1495 1612 1549 potestatem
1632 1510 1795 1536 omnem

408 1580 473 1605 vos
494 1567 662 1611 habetis,
694 1575 738 1603 ut
758 1564 946 1608 statuatis,
979 1573 1113 1601 utrum
1134 1576 1219 1608 nos,
1252 1563 1321 1616 qui
1342 1562 1492 1616 semper
1511 1562 1640 1601 vestrae
1659 1564 1794 1601 aueto-

409 1634 512 1671 ritati
532 1633 655 1670 dediti
677 1630 842 1675 fuimus,
874 1630 1024 1683 semper
1045 1629 1175 1668 miseri
1195 1630 1426 1682 lugeamus;
1453 1642 1515 1673 an,
1539 1629 1607 1667 diu
1627 1630 1755 1668 vexati
1775 1643 1798 1666 a

409 1699 672 1752 perditiffimis
693 1698 861 1742 civibus,
892 1696 1102 1748 aliquando
1122 1710 1190 1749 per
1215 1709 1281 1734 vos
1302 1710 1345 1734 ac
1366 1694 1528 1734 vestram
1548 1694 1682 1740 fidem,
1713 1696 1794 1734 vir-

410 1765 874 1817 tutem·sapientiamque,
906 1776 1138 1800 recreemur.

464 1831 574 1882 Qid
604 1831 711 1867 enim
741 1830 854 1866 nobis
884 1828 1053 1872 duobus,
1085 1827 1261 1878 JudiceS,
1293 1827 1552 1865 laboriofius?
1583 1827 1682 1879 quid
1709 1841 1796 1866 ma-

408 1898 468 1950 gis
491 1884 720 1939 sollicitum,
743 1895 866 1945 magis
887 1893 1120 1937 exercitum,
1143 1891 1223 1929 dici
1243 1900 1309 1930 aut
1328 1891 1426 1943 fingi
1446 1892 1571 1944 potest
1590 1894 1602 1930 ?
1626 1893 1710 1944 qui,
1732 1892 1797 1944 spe

409 1962 735 2015 ampliffimorum
752 1960 1003 2012 praemiorum
1018 1949 1064 1996 ad
1080 1957 1366 2010 rempublicam
1381 1957 1552 2003 adducti,
1575 1967 1683 1996 metu
1703 1971 1796 1996 cru-

409 2028 690 2066 delissimorum
711 2025 995 2078 suppliciorum
1011 2037 1137 2062 carere
1154 2037 1232 2061 non
1251 2023 1448 2075 possumus
1465 2025 1478 2061 ?
1502 2023 1700 2075 Equidem
1720 2037 1796 2061 cae-

412 2104 508 2132 teras
531 2091 773 2144 tempestates
800 2100 838 2128 et
868 2090 1056 2143 procellas
1087 2091 1127 2127 in
1158 2090 1237 2127 illis
1268 2089 1456 2127 duntaxat
1486 2089 1669 2127 fluctibus
1699 2103 1797 2127 con-

412 2160 574 2197 cionum
607 2158 755 2209 semper
786 2157 919 2209 putavi
952 2155 1101 2193 Miloni
1133 2155 1204 2193 effe
1237 2154 1452 2192 subeundas
1468 2184 1479 2200 ,
1511 2155 1617 2206 quod
1649 2154 1798 2207 semper

413 2240 483 2279 pro
505 2225 617 2262 bonis
639 2232 773 2261 contra
794 2222 994 2275 improbos
1017 2221 1178 2259 senserat
1197 2237 1204 2259 :
1239 2222 1278 2258 in
1303 2221 1457 2273 judicio
1485 2235 1575 2259 vero
1589 2250 1600 2266 ‚
1632 2230 1669 2258 et
1689 2222 1731 2259 in
1752 2234 1798 2259 eo

413 2291 589 2334 confilio,
622 2291 660 2326 in
693 2302 772 2340 quo
799 2302 845 2325 ex
874 2288 1024 2325 cunetis
1056 2287 1260 2325 ordinibus
1291 2287 1514 2339 ampliffimi
1543 2287 1616 2324 viri
1640 2287 1797 2338 judica-

415 2367 498 2395 rent
515 2386 524 2401 ,
558 2368 760 2407 nunquam
787 2353 1002 2391 existimavi
1023 2353 1130 2405 spem
1157 2353 1279 2390 ullam
1300 2353 1371 2390 effe
1397 2352 1600 2391 habituros
1629 2353 1797 2391 Milonis

415 2423 612 2466 inimicos,
644 2421 690 2458 ad
710 2421 792 2473 ejus
814 2434 891 2458 non
914 2419 1076 2457 salutem
1097 2418 1216 2457 modo
1235 2419 1557 2472 extinguendam,
1588 2418 1651 2458 sed
1680 2418 1799 2458 etiam'

414 2490 579 2542 gloriam
601 2501 668 2541 per
689 2488 782 2526 tales
804 2487 904 2525 viros
927 2485 1233 2539 infringendam.
