<?xml version="1.0" encoding="UTF-8"?>
<!DOCTYPE html PUBLIC "-//W3C//DTD XHTML 1.0 Transitional//EN"
    "http://www.w3.org/TR/xhtml1/DTD/xhtml1-transitional.dtd">
<html xmlns="http://www.w3.org/1999/xhtml" xml:lang="en" lang="en">
 <head>
  <title>
</title>
<meta http-equiv="Content-Type" content="text/html;charset=utf-8" />
  <meta name='ocr-system' content='tesseract 3.04.00' />
  <meta name='ocr-capabilities' content='ocr_page ocr_carea ocr_par ocr_line ocrx_word'/>
</head>
<body>
  <div class='ocr_page' id='page_1' title='image "./operacumindicibu06ciceuoft_0098.png"; bbox 0 0 2076 2860; ppageno 0'>
   <div class='ocr_carea' id='block_1_1' title="bbox 385 178 1309 223">
    <p class='ocr_par' dir='ltr' id='par_1_1' title="bbox 385 178 1309 223">
     <span class='ocr_line' id='line_1_1' title="bbox 385 178 1309 223; baseline 0.004 -11"><span class='ocrx_word' id='word_1_1' title='bbox 385 185 432 223; x_wconf 56' lang='lat'>53</span> <span class='ocrx_word' id='word_1_2' title='bbox 860 178 1309 218; x_wconf 86' lang='lat' dir='ltr'><strong>ORATIO</strong></span> 
     </span>
    </p>
   </div>
   <div class='ocr_carea' id='block_1_2' title="bbox 382 276 1789 2507">
    <p class='ocr_par' dir='ltr' id='par_1_2' title="bbox 382 276 1785 1571">
     <span class='ocr_line' id='line_1_2' title="bbox 382 276 1778 332; baseline -0.003 -14"><span class='ocrx_word' id='word_1_3' title='bbox 382 281 443 317; x_wconf 72' lang='lat' dir='ltr'>vol</span> <span class='ocrx_word' id='word_1_4' title='bbox 453 281 524 325; x_wconf 85' lang='lat' dir='ltr'>uit,</span> <span class='ocrx_word' id='word_1_5' title='bbox 556 279 727 332; x_wconf 75' lang='lat' dir='ltr'>quaefivit</span> <span class='ocrx_word' id='word_1_6' title='bbox 749 291 959 322; x_wconf 87' lang='lat' dir='ltr'>venenum,</span> <span class='ocrx_word' id='word_1_7' title='bbox 983 276 1211 315; x_wconf 85' lang='lat' dir='ltr'>sollicitavit</span> <span class='ocrx_word' id='word_1_8' title='bbox 1231 289 1329 328; x_wconf 83' lang='lat' dir='ltr'>quos</span> <span class='ocrx_word' id='word_1_9' title='bbox 1352 276 1498 328; x_wconf 87' lang='lat' dir='ltr'>potuit,</span> <span class='ocrx_word' id='word_1_10' title='bbox 1522 276 1685 328; x_wconf 87' lang='lat' dir='ltr'>paravit,</span> <span class='ocrx_word' id='word_1_11' title='bbox 1716 276 1778 314; x_wconf 90' lang='lat' dir='ltr'>lo-</span> 
     </span>
     <span class='ocr_line' id='line_1_3' title="bbox 383 341 1778 396; baseline -0.004 -12"><span class='ocrx_word' id='word_1_12' title='bbox 383 360 475 384; x_wconf 67' lang='lat' dir='ltr'>cum</span> <span class='ocrx_word' id='word_1_13' title='bbox 497 346 714 389; x_wconf 84' lang='lat' dir='ltr'>constituit,</span> <span class='ocrx_word' id='word_1_14' title='bbox 737 344 885 382; x_wconf 85' lang='lat' dir='ltr'>attulit.</span> <span class='ocrx_word' id='word_1_15' title='bbox 910 344 1108 396; x_wconf 85' lang='lat' dir='ltr'>Magnum</span> <span class='ocrx_word' id='word_1_16' title='bbox 1130 342 1258 380; x_wconf 85' lang='lat' dir='ltr'>rursus</span> <span class='ocrx_word' id='word_1_17' title='bbox 1280 341 1417 380; x_wconf 87' lang='lat' dir='ltr'>odium</span> <span class='ocrx_word' id='word_1_18' title='bbox 1438 342 1552 380; x_wconf 87' lang='lat' dir='ltr'>video</span> <span class='ocrx_word' id='word_1_19' title='bbox 1572 355 1666 380; x_wconf 89' lang='lat' dir='ltr'>cum</span> <span class='ocrx_word' id='word_1_20' title='bbox 1686 355 1778 380; x_wconf 85' lang='lat' dir='ltr'>cru-</span> 
     </span>
     <span class='ocr_line' id='line_1_4' title="bbox 382 407 1778 452; baseline -0.002 -4"><span class='ocrx_word' id='word_1_21' title='bbox 382 411 573 449; x_wconf 78' lang='lat' dir='ltr'>delifiimo</span> <span class='ocrx_word' id='word_1_22' title='bbox 601 409 764 448; x_wconf 88' lang='lat' dir='ltr'>discidio</span> <span class='ocrx_word' id='word_1_23' title='bbox 791 409 972 448; x_wconf 76' lang='lat' dir='ltr'>extitisse.</span> <span class='ocrx_word' id='word_1_24' title='bbox 1017 410 1095 447; x_wconf 88' lang='lat' dir='ltr'>Res</span> <span class='ocrx_word' id='word_1_25' title='bbox 1116 408 1169 446; x_wconf 87' lang='lat' dir='ltr'>est</span> <span class='ocrx_word' id='word_1_26' title='bbox 1196 408 1326 446; x_wconf 89' lang='lat' dir='ltr'>omnis</span> <span class='ocrx_word' id='word_1_27' title='bbox 1350 408 1389 445; x_wconf 92' lang='lat' dir='ltr'>in</span> <span class='ocrx_word' id='word_1_28' title='bbox 1411 407 1484 445; x_wconf 85' lang='lat' dir='ltr'>hac</span> <span class='ocrx_word' id='word_1_29' title='bbox 1505 407 1617 445; x_wconf 84' lang='lat' dir='ltr'>causa</span> <span class='ocrx_word' id='word_1_30' title='bbox 1637 408 1778 452; x_wconf 85' lang='lat' dir='ltr'>nobis,</span> 
     </span>
     <span class='ocr_line' id='line_1_5' title="bbox 384 473 1779 527; baseline -0.002 -13"><span class='ocrx_word' id='word_1_31' title='bbox 384 477 568 527; x_wconf 76' lang='lat' dir='ltr'>judices,</span> <span class='ocrx_word' id='word_1_32' title='bbox 601 489 694 513; x_wconf 88' lang='lat' dir='ltr'>cum</span> <span class='ocrx_word' id='word_1_33' title='bbox 727 473 894 519; x_wconf 90' lang='lat' dir='ltr'>Clodia,</span> <span class='ocrx_word' id='word_1_34' title='bbox 926 474 1091 512; x_wconf 83' lang='lat' dir='ltr'>muliere</span> <span class='ocrx_word' id='word_1_35' title='bbox 1119 488 1198 512; x_wconf 89' lang='lat' dir='ltr'>non</span> <span class='ocrx_word' id='word_1_36' title='bbox 1227 473 1354 511; x_wconf 90' lang='lat' dir='ltr'>solum</span> <span class='ocrx_word' id='word_1_37' title='bbox 1383 473 1536 519; x_wconf 84' lang='lat' dir='ltr'>nobili,</span> <span class='ocrx_word' id='word_1_38' title='bbox 1569 473 1632 512; x_wconf 87' lang='lat' dir='ltr'>sed</span> <span class='ocrx_word' id='word_1_39' title='bbox 1660 474 1779 512; x_wconf 86' lang='lat' dir='ltr'>etiam</span> 
     </span>
     <span class='ocr_line' id='line_1_6' title="bbox 384 539 1778 593; baseline -0.001 -14"><span class='ocrx_word' id='word_1_40' title='bbox 384 552 474 579; x_wconf 70' lang='lat' dir='ltr'>nota</span> <span class='ocrx_word' id='word_1_41' title='bbox 492 558 500 580; x_wconf 92' lang='grc'>;</span> <span class='ocrx_word' id='word_1_42' title='bbox 534 542 580 579; x_wconf 91' lang='lat' dir='ltr'>de</span> <span class='ocrx_word' id='word_1_43' title='bbox 601 555 677 593; x_wconf 86' lang='lat' dir='ltr'>qua</span> <span class='ocrx_word' id='word_1_44' title='bbox 696 554 769 593; x_wconf 88' lang='lat' dir='ltr'>ego</span> <span class='ocrx_word' id='word_1_45' title='bbox 791 539 893 578; x_wconf 83' lang='lat' dir='ltr'>nihil</span> <span class='ocrx_word' id='word_1_46' title='bbox 914 540 1043 578; x_wconf 90' lang='lat' dir='ltr'>dicam</span> <span class='ocrx_word' id='word_1_47' title='bbox 1059 569 1069 585; x_wconf 95' lang='lat'>,</span> <span class='ocrx_word' id='word_1_48' title='bbox 1103 540 1172 578; x_wconf 74' lang='lat' dir='ltr'>nisi</span> <span class='ocrx_word' id='word_1_49' title='bbox 1201 539 1424 593; x_wconf 84' lang='lat' dir='ltr'>depellendi</span> <span class='ocrx_word' id='word_1_50' title='bbox 1452 540 1631 578; x_wconf 89' lang='lat' dir='ltr'>criminis</span> <span class='ocrx_word' id='word_1_51' title='bbox 1654 540 1778 578; x_wconf 84' lang='lat' dir='ltr'>causa.</span> 
     </span>
     <span class='ocr_line' id='line_1_7' title="bbox 384 604 1781 659; baseline 0 -16"><span class='ocrx_word' id='word_1_52' title='bbox 384 608 456 644; x_wconf 73' lang='lat' dir='ltr'>Sed</span> <span class='ocrx_word' id='word_1_53' title='bbox 477 607 668 658; x_wconf 84' lang='lat' dir='ltr'>intelligis</span> <span class='ocrx_word' id='word_1_54' title='bbox 690 620 761 659; x_wconf 84' lang='lat' dir='ltr'>pro</span> <span class='ocrx_word' id='word_1_55' title='bbox 787 615 853 643; x_wconf 85' lang='lat' dir='ltr'>tua</span> <span class='ocrx_word' id='word_1_56' title='bbox 878 605 1074 659; x_wconf 85' lang='lat' dir='ltr'>praestanti</span> <span class='ocrx_word' id='word_1_57' title='bbox 1101 604 1333 658; x_wconf 88' lang='lat' dir='ltr'>prudentia,</span> <span class='ocrx_word' id='word_1_58' title='bbox 1368 606 1445 644; x_wconf 90' lang='lat' dir='ltr'>Cn.</span> <span class='ocrx_word' id='word_1_59' title='bbox 1470 606 1655 650; x_wconf 86' lang='lat' dir='ltr'>Domiti,</span> <span class='ocrx_word' id='word_1_60' title='bbox 1687 619 1781 644; x_wconf 90' lang='lat' dir='ltr'>cum</span> 
     </span>
     <span class='ocr_line' id='line_1_8' title="bbox 383 671 1783 723; baseline 0 -13"><span class='ocrx_word' id='word_1_61' title='bbox 383 673 455 710; x_wconf 83' lang='lat' dir='ltr'>hac</span> <span class='ocrx_word' id='word_1_62' title='bbox 485 673 562 711; x_wconf 81' lang='lat' dir='ltr'>sola</span> <span class='ocrx_word' id='word_1_63' title='bbox 589 687 671 710; x_wconf 88' lang='lat' dir='ltr'>rem</span> <span class='ocrx_word' id='word_1_64' title='bbox 699 672 770 710; x_wconf 81' lang='lat' dir='ltr'>effe</span> <span class='ocrx_word' id='word_1_65' title='bbox 797 671 941 710; x_wconf 85' lang='lat' dir='ltr'>nobis:</span> <span class='ocrx_word' id='word_1_66' title='bbox 974 685 1060 723; x_wconf 84' lang='lat' dir='ltr'>quae</span> <span class='ocrx_word' id='word_1_67' title='bbox 1087 671 1113 708; x_wconf 89' lang='lat' dir='ltr'><strong>fi</strong></span> <span class='ocrx_word' id='word_1_68' title='bbox 1142 671 1178 708; x_wconf 89' lang='lat' dir='ltr'>se</span> <span class='ocrx_word' id='word_1_69' title='bbox 1205 685 1345 709; x_wconf 85' lang='lat' dir='ltr'>aurum</span> <span class='ocrx_word' id='word_1_70' title='bbox 1374 672 1497 710; x_wconf 84' lang='lat' dir='ltr'>Caelio</span> <span class='ocrx_word' id='word_1_71' title='bbox 1519 672 1783 710; x_wconf 78' lang='lat' dir='ltr'>commodasse</span> 
     </span>
     <span class='ocr_line' id='line_1_9' title="bbox 384 736 1779 790; baseline 0 -14"><span class='ocrx_word' id='word_1_72' title='bbox 384 754 463 777; x_wconf 89' lang='lat' dir='ltr'>non</span> <span class='ocrx_word' id='word_1_73' title='bbox 495 740 607 784; x_wconf 83' lang='lat' dir='ltr'>dicit,</span> <span class='ocrx_word' id='word_1_74' title='bbox 640 739 666 776; x_wconf 88' lang='lat' dir='ltr'>fi</span> <span class='ocrx_word' id='word_1_75' title='bbox 698 752 893 777; x_wconf 89' lang='lat' dir='ltr'>venenum</span> <span class='ocrx_word' id='word_1_76' title='bbox 925 738 972 775; x_wconf 83' lang='lat' dir='ltr'>ab</span> <span class='ocrx_word' id='word_1_77' title='bbox 1005 736 1082 775; x_wconf 94' lang='lat' dir='ltr'>hoc</span> <span class='ocrx_word' id='word_1_78' title='bbox 1110 737 1181 775; x_wconf 89' lang='lat' dir='ltr'>fibi</span> <span class='ocrx_word' id='word_1_79' title='bbox 1210 746 1389 790; x_wconf 89' lang='lat' dir='ltr'>paratum</span> <span class='ocrx_word' id='word_1_80' title='bbox 1416 737 1489 775; x_wconf 87' lang='lat' dir='ltr'>effe</span> <span class='ocrx_word' id='word_1_81' title='bbox 1516 751 1595 775; x_wconf 92' lang='lat' dir='ltr'>non</span> <span class='ocrx_word' id='word_1_82' title='bbox 1621 739 1779 790; x_wconf 84' lang='lat' dir='ltr'>arguit;</span> 
     </span>
     <span class='ocr_line' id='line_1_10' title="bbox 384 803 1782 858; baseline 0.001 -17"><span class='ocrx_word' id='word_1_83' title='bbox 384 806 604 858; x_wconf 75' lang='lat' dir='ltr'>petulanter</span> <span class='ocrx_word' id='word_1_84' title='bbox 625 804 808 850; x_wconf 87' lang='lat' dir='ltr'>facimus,</span> <span class='ocrx_word' id='word_1_85' title='bbox 826 804 853 842; x_wconf 82' lang='lat' dir='ltr'><strong>fi</strong></span> <span class='ocrx_word' id='word_1_86' title='bbox 874 803 1213 842; x_wconf 80' lang='lat' dir='ltr'>matremfamilias</span> <span class='ocrx_word' id='word_1_87' title='bbox 1235 803 1358 849; x_wconf 90' lang='lat' dir='ltr'>secus,</span> <span class='ocrx_word' id='word_1_88' title='bbox 1377 817 1496 855; x_wconf 87' lang='lat' dir='ltr'>quam</span> <span class='ocrx_word' id='word_1_89' title='bbox 1513 812 1782 842; x_wconf 87' lang='lat' dir='ltr'>matronarum</span> 
     </span>
     <span class='ocr_line' id='line_1_11' title="bbox 385 869 1781 925; baseline -0.001 -16"><span class='ocrx_word' id='word_1_90' title='bbox 385 872 561 910; x_wconf 58' lang='lat' dir='ltr'>sanctitas</span> <span class='ocrx_word' id='word_1_91' title='bbox 586 871 769 925; x_wconf 89' lang='lat' dir='ltr'>postulat,</span> <span class='ocrx_word' id='word_1_92' title='bbox 801 872 1080 909; x_wconf 80' lang='lat' dir='ltr'>nominamus:</span> <span class='ocrx_word' id='word_1_93' title='bbox 1115 870 1185 914; x_wconf 90' lang='lat' dir='ltr'>fin,</span> <span class='ocrx_word' id='word_1_94' title='bbox 1217 869 1286 907; x_wconf 91' lang='lat' dir='ltr'>ista</span> <span class='ocrx_word' id='word_1_95' title='bbox 1317 870 1482 908; x_wconf 86' lang='lat' dir='ltr'>muliere</span> <span class='ocrx_word' id='word_1_96' title='bbox 1514 879 1678 916; x_wconf 86' lang='lat' dir='ltr'>remota,</span> <span class='ocrx_word' id='word_1_97' title='bbox 1710 883 1781 908; x_wconf 90' lang='lat' dir='ltr'>nec</span> 
     </span>
     <span class='ocr_line' id='line_1_12' title="bbox 384 936 1781 990; baseline -0.001 -14"><span class='ocrx_word' id='word_1_98' title='bbox 384 940 533 976; x_wconf 77' lang='lat' dir='ltr'>crimen</span> <span class='ocrx_word' id='word_1_99' title='bbox 557 939 686 976; x_wconf 84' lang='lat' dir='ltr'>ullum</span> <span class='ocrx_word' id='word_1_100' title='bbox 714 952 785 976; x_wconf 87' lang='lat' dir='ltr'>nec</span> <span class='ocrx_word' id='word_1_101' title='bbox 813 951 905 990; x_wconf 87' lang='lat' dir='ltr'>opes</span> <span class='ocrx_word' id='word_1_102' title='bbox 933 937 980 974; x_wconf 92' lang='lat' dir='ltr'>ad</span> <span class='ocrx_word' id='word_1_103' title='bbox 1007 936 1321 989; x_wconf 87' lang='lat' dir='ltr'>oppugnandum</span> <span class='ocrx_word' id='word_1_104' title='bbox 1350 936 1521 974; x_wconf 82' lang='lat' dir='ltr'>Caelium</span> <span class='ocrx_word' id='word_1_105' title='bbox 1549 937 1630 975; x_wconf 89' lang='lat' dir='ltr'>illis</span> <span class='ocrx_word' id='word_1_106' title='bbox 1659 937 1781 976; x_wconf 89' lang='lat' dir='ltr'>relin-</span> 
     </span>
     <span class='ocr_line' id='line_1_13' title="bbox 383 1000 1781 1056; baseline -0.001 -14"><span class='ocrx_word' id='word_1_107' title='bbox 383 1014 580 1056; x_wconf 71' lang='lat' dir='ltr'>quentur5</span> <span class='ocrx_word' id='word_1_108' title='bbox 614 1004 710 1056; x_wconf 85' lang='lat' dir='ltr'>quid</span> <span class='ocrx_word' id='word_1_109' title='bbox 738 1003 790 1041; x_wconf 89' lang='lat' dir='ltr'>est</span> <span class='ocrx_word' id='word_1_110' title='bbox 818 1002 939 1048; x_wconf 89' lang='lat' dir='ltr'>aliud,</span> <span class='ocrx_word' id='word_1_111' title='bbox 971 1000 1078 1055; x_wconf 79' lang='lat' dir='ltr'>quod</span> <span class='ocrx_word' id='word_1_112' title='bbox 1111 1016 1181 1040; x_wconf 90' lang='lat' dir='ltr'>nos</span> <span class='ocrx_word' id='word_1_113' title='bbox 1214 1002 1369 1055; x_wconf 89' lang='lat' dir='ltr'>patroni</span> <span class='ocrx_word' id='word_1_114' title='bbox 1402 1001 1528 1040; x_wconf 84' lang='lat' dir='ltr'>facere</span> <span class='ocrx_word' id='word_1_115' title='bbox 1555 1002 1781 1048; x_wconf 85' lang='lat' dir='ltr'>debeamus,</span> 
     </span>
     <span class='ocr_line' id='line_1_14' title="bbox 386 1067 1781 1122; baseline 0 -16"><span class='ocrx_word' id='word_1_116' title='bbox 386 1070 454 1107; x_wconf 81' lang='lat' dir='ltr'>nisi</span> <span class='ocrx_word' id='word_1_117' title='bbox 478 1080 520 1107; x_wconf 84' lang='lat' dir='ltr'>ut</span> <span class='ocrx_word' id='word_1_118' title='bbox 541 1084 604 1108; x_wconf 87' lang='lat' dir='ltr'>eos</span> <span class='ocrx_word' id='word_1_119' title='bbox 622 1100 631 1115; x_wconf 89' lang='lat'>,</span> <span class='ocrx_word' id='word_1_120' title='bbox 664 1070 733 1122; x_wconf 91' lang='lat' dir='ltr'>qui</span> <span class='ocrx_word' id='word_1_121' title='bbox 754 1069 991 1107; x_wconf 67' lang='lat' dir='ltr'>insectantur</span> <span class='ocrx_word' id='word_1_122' title='bbox 1005 1097 1015 1114; x_wconf 89' lang='lat'>‚</span> <span class='ocrx_word' id='word_1_123' title='bbox 1048 1068 1283 1121; x_wconf 85' lang='lat' dir='ltr'>repellamus</span> <span class='ocrx_word' id='word_1_124' title='bbox 1303 1069 1316 1105; x_wconf 91' lang='lat'>?</span> <span class='ocrx_word' id='word_1_125' title='bbox 1350 1068 1471 1120; x_wconf 86' lang='lat' dir='ltr'>Qod</span> <span class='ocrx_word' id='word_1_126' title='bbox 1491 1067 1654 1120; x_wconf 89' lang='lat' dir='ltr'>quidem</span> <span class='ocrx_word' id='word_1_127' title='bbox 1676 1067 1781 1106; x_wconf 91' lang='lat' dir='ltr'>face-</span> 
     </span>
     <span class='ocr_line' id='line_1_15' title="bbox 386 1132 1782 1181; baseline 0 -9"><span class='ocrx_word' id='word_1_128' title='bbox 386 1150 465 1173; x_wconf 75' lang='lat' dir='ltr'>rem</span> <span class='ocrx_word' id='word_1_129' title='bbox 494 1136 780 1181; x_wconf 86' lang='lat' dir='ltr'>vehementius,</span> <span class='ocrx_word' id='word_1_130' title='bbox 814 1135 883 1173; x_wconf 90' lang='lat' dir='ltr'>nifi</span> <span class='ocrx_word' id='word_1_131' title='bbox 916 1134 1203 1173; x_wconf 88' lang='lat' dir='ltr'>intercederent</span> <span class='ocrx_word' id='word_1_132' title='bbox 1230 1132 1332 1172; x_wconf 90' lang='lat' dir='ltr'>mihi</span> <span class='ocrx_word' id='word_1_133' title='bbox 1360 1135 1581 1172; x_wconf 82' lang='lat' dir='ltr'>inimicitiae</span> <span class='ocrx_word' id='word_1_134' title='bbox 1609 1148 1702 1172; x_wconf 90' lang='lat' dir='ltr'>cum</span> <span class='ocrx_word' id='word_1_135' title='bbox 1730 1135 1782 1172; x_wconf 89' lang='lat' dir='ltr'>is-</span> 
     </span>
     <span class='ocr_line' id='line_1_16' title="bbox 386 1199 1784 1253; baseline 0.001 -15"><span class='ocrx_word' id='word_1_136' title='bbox 386 1203 464 1239; x_wconf 87' lang='lat' dir='ltr'>tius</span> <span class='ocrx_word' id='word_1_137' title='bbox 486 1202 662 1240; x_wconf 85' lang='lat' dir='ltr'>mulieris</span> <span class='ocrx_word' id='word_1_138' title='bbox 680 1202 782 1240; x_wconf 88' lang='lat' dir='ltr'>viro:</span> <span class='ocrx_word' id='word_1_139' title='bbox 806 1200 967 1239; x_wconf 88' lang='lat' dir='ltr'>fratrem</span> <span class='ocrx_word' id='word_1_140' title='bbox 988 1200 1097 1239; x_wconf 91' lang='lat' dir='ltr'>volui</span> <span class='ocrx_word' id='word_1_141' title='bbox 1118 1200 1266 1246; x_wconf 80' lang='lat' dir='ltr'>dicere3</span> <span class='ocrx_word' id='word_1_142' title='bbox 1291 1200 1440 1253; x_wconf 87' lang='lat' dir='ltr'>semper</span> <span class='ocrx_word' id='word_1_143' title='bbox 1456 1199 1523 1238; x_wconf 90' lang='lat' dir='ltr'>hic</span> <span class='ocrx_word' id='word_1_144' title='bbox 1544 1214 1651 1239; x_wconf 90' lang='lat' dir='ltr'>erro:</span> <span class='ocrx_word' id='word_1_145' title='bbox 1676 1214 1784 1239; x_wconf 89' lang='lat' dir='ltr'>nunc</span> 
     </span>
     <span class='ocr_line' id='line_1_17' title="bbox 385 1266 1784 1320; baseline -0.001 -14"><span class='ocrx_word' id='word_1_146' title='bbox 385 1282 497 1320; x_wconf 85' lang='lat' dir='ltr'>agam</span> <span class='ocrx_word' id='word_1_147' title='bbox 530 1268 711 1314; x_wconf 90' lang='lat' dir='ltr'>modice,</span> <span class='ocrx_word' id='word_1_148' title='bbox 743 1282 815 1306; x_wconf 90' lang='lat' dir='ltr'>nec</span> <span class='ocrx_word' id='word_1_149' title='bbox 847 1268 1005 1320; x_wconf 90' lang='lat' dir='ltr'>longius</span> <span class='ocrx_word' id='word_1_150' title='bbox 1038 1267 1290 1320; x_wconf 88' lang='lat' dir='ltr'>progrediar,</span> <span class='ocrx_word' id='word_1_151' title='bbox 1321 1281 1442 1320; x_wconf 86' lang='lat' dir='ltr'>quam</span> <span class='ocrx_word' id='word_1_152' title='bbox 1474 1280 1538 1304; x_wconf 89' lang='lat' dir='ltr'>me</span> <span class='ocrx_word' id='word_1_153' title='bbox 1569 1280 1657 1305; x_wconf 90' lang='lat' dir='ltr'>mea</span> <span class='ocrx_word' id='word_1_154' title='bbox 1687 1266 1784 1306; x_wconf 91' lang='lat' dir='ltr'>fides</span> 
     </span>
     <span class='ocr_line' id='line_1_18' title="bbox 384 1333 1784 1387; baseline 0 -15"><span class='ocrx_word' id='word_1_155' title='bbox 384 1344 423 1372; x_wconf 92' lang='lat' dir='ltr'>et</span> <span class='ocrx_word' id='word_1_156' title='bbox 445 1335 554 1372; x_wconf 82' lang='lat' dir='ltr'>causa</span> <span class='ocrx_word' id='word_1_157' title='bbox 575 1334 655 1387; x_wconf 86' lang='lat' dir='ltr'>ipsa</span> <span class='ocrx_word' id='word_1_158' title='bbox 674 1343 802 1387; x_wconf 85' lang='lat' dir='ltr'>coget.</span> <span class='ocrx_word' id='word_1_159' title='bbox 848 1335 992 1387; x_wconf 86' lang='lat' dir='ltr'>Neque</span> <span class='ocrx_word' id='word_1_160' title='bbox 1019 1334 1128 1372; x_wconf 89' lang='lat' dir='ltr'>enim</span> <span class='ocrx_word' id='word_1_161' title='bbox 1157 1334 1370 1371; x_wconf 88' lang='lat' dir='ltr'>muliebres</span> <span class='ocrx_word' id='word_1_162' title='bbox 1402 1347 1579 1386; x_wconf 88' lang='lat' dir='ltr'>unquam</span> <span class='ocrx_word' id='word_1_163' title='bbox 1604 1333 1784 1380; x_wconf 67' lang='lat' dir='ltr'>inimici-3</span> 
     </span>
     <span class='ocr_line' id='line_1_19' title="bbox 386 1388 1784 1453; baseline 0 -15"><span class='ocrx_word' id='word_1_164' title='bbox 386 1402 457 1439; x_wconf 86' lang='lat' dir='ltr'>tias</span> <span class='ocrx_word' id='word_1_165' title='bbox 475 1400 575 1438; x_wconf 89' lang='lat' dir='ltr'>mihi</span> <span class='ocrx_word' id='word_1_166' title='bbox 591 1401 777 1452; x_wconf 87' lang='lat' dir='ltr'>gerendas</span> <span class='ocrx_word' id='word_1_167' title='bbox 794 1401 943 1453; x_wconf 86' lang='lat' dir='ltr'>putavi,</span> <span class='ocrx_word' id='word_1_168' title='bbox 962 1400 1175 1453; x_wconf 86' lang='lat' dir='ltr'>praesertim</span> <span class='ocrx_word' id='word_1_169' title='bbox 1191 1413 1286 1437; x_wconf 89' lang='lat' dir='ltr'>cum</span> <span class='ocrx_word' id='word_1_170' title='bbox 1301 1413 1358 1444; x_wconf 89' lang='lat' dir='ltr'>ea,</span> <span class='ocrx_word' id='word_1_171' title='bbox 1381 1413 1500 1452; x_wconf 87' lang='lat' dir='ltr'>quarn</span> <span class='ocrx_word' id='word_1_172' title='bbox 1521 1413 1658 1438; x_wconf 89' lang='lat' dir='ltr'>omnes</span> <span class='ocrx_word' id='word_1_173' title='bbox 1680 1388 1784 1438; x_wconf 87' lang='lat' dir='ltr'>sem-</span> 
     </span>
     <span class='ocr_line' id='line_1_20' title="bbox 384 1466 1785 1520; baseline -0.001 -15"><span class='ocrx_word' id='word_1_174' title='bbox 384 1481 454 1520; x_wconf 85' lang='lat' dir='ltr'>per</span> <span class='ocrx_word' id='word_1_175' title='bbox 473 1469 640 1505; x_wconf 78' lang='lat' dir='ltr'>amicam</span> <span class='ocrx_word' id='word_1_176' title='bbox 670 1468 853 1505; x_wconf 88' lang='lat' dir='ltr'>omnium</span> <span class='ocrx_word' id='word_1_177' title='bbox 878 1468 1026 1520; x_wconf 87' lang='lat' dir='ltr'>potius,</span> <span class='ocrx_word' id='word_1_178' title='bbox 1059 1480 1179 1519; x_wconf 89' lang='lat' dir='ltr'>quam</span> <span class='ocrx_word' id='word_1_179' title='bbox 1201 1466 1434 1520; x_wconf 87' lang='lat' dir='ltr'>cujusquam</span> <span class='ocrx_word' id='word_1_180' title='bbox 1454 1466 1675 1512; x_wconf 87' lang='lat' dir='ltr'>inimicam,</span> <span class='ocrx_word' id='word_1_181' title='bbox 1707 1480 1785 1520; x_wconf 85' lang='lat' dir='ltr'>pu-</span> 
     </span>
     <span class='ocr_line' id='line_1_21' title="bbox 384 1542 578 1571; baseline 0 0"><span class='ocrx_word' id='word_1_182' title='bbox 384 1542 578 1571; x_wconf 88' lang='lat' dir='ltr'>taverunt.</span> 
     </span>
    </p>

    <p class='ocr_par' dir='ltr' id='par_1_3' title="bbox 385 1597 1789 2507">
     <span class='ocr_line' id='line_1_22' title="bbox 441 1597 1786 1651; baseline -0.001 -14"><span class='ocrx_word' id='word_1_183' title='bbox 441 1601 555 1637; x_wconf 91' lang='lat' dir='ltr'>XIV.</span> <span class='ocrx_word' id='word_1_184' title='bbox 590 1599 661 1637; x_wconf 85' lang='lat' dir='ltr'>Sed</span> <span class='ocrx_word' id='word_1_185' title='bbox 684 1608 814 1638; x_wconf 84' lang='lat' dir='ltr'>tamen</span> <span class='ocrx_word' id='word_1_186' title='bbox 831 1613 878 1637; x_wconf 83' lang='lat' dir='ltr'>ex</span> <span class='ocrx_word' id='word_1_187' title='bbox 899 1599 978 1651; x_wconf 85' lang='lat' dir='ltr'>ipsa</span> <span class='ocrx_word' id='word_1_188' title='bbox 999 1613 1169 1651; x_wconf 83' lang='lat' dir='ltr'>quoeram</span> <span class='ocrx_word' id='word_1_189' title='bbox 1190 1599 1316 1651; x_wconf 85' lang='lat' dir='ltr'>prius,</span> <span class='ocrx_word' id='word_1_190' title='bbox 1333 1607 1469 1636; x_wconf 90' lang='lat' dir='ltr'>utrum</span> <span class='ocrx_word' id='word_1_191' title='bbox 1489 1612 1553 1636; x_wconf 91' lang='lat' dir='ltr'>me</span> <span class='ocrx_word' id='word_1_192' title='bbox 1574 1598 1705 1636; x_wconf 85' lang='lat' dir='ltr'>secum</span> <span class='ocrx_word' id='word_1_193' title='bbox 1727 1597 1786 1637; x_wconf 87' lang='lat' dir='ltr'>se-</span> 
     </span>
     <span class='ocr_line' id='line_1_23' title="bbox 385 1663 1785 1717; baseline -0.001 -14"><span class='ocrx_word' id='word_1_194' title='bbox 385 1679 486 1710; x_wconf 80' lang='lat' dir='ltr'>vere,</span> <span class='ocrx_word' id='word_1_195' title='bbox 519 1675 556 1703; x_wconf 86' lang='lat' dir='ltr'>et</span> <span class='ocrx_word' id='word_1_196' title='bbox 578 1666 759 1717; x_wconf 81' lang='lat' dir='ltr'>graviter,</span> <span class='ocrx_word' id='word_1_197' title='bbox 783 1674 820 1702; x_wconf 86' lang='lat' dir='ltr'>et</span> <span class='ocrx_word' id='word_1_198' title='bbox 841 1664 980 1717; x_wconf 86' lang='lat' dir='ltr'>prisce,</span> <span class='ocrx_word' id='word_1_199' title='bbox 1003 1677 1114 1717; x_wconf 88' lang='lat' dir='ltr'>agere</span> <span class='ocrx_word' id='word_1_200' title='bbox 1136 1664 1274 1709; x_wconf 79' lang='lat' dir='ltr'>malit3</span> <span class='ocrx_word' id='word_1_201' title='bbox 1307 1677 1355 1702; x_wconf 89' lang='lat' dir='ltr'>an</span> <span class='ocrx_word' id='word_1_202' title='bbox 1377 1663 1542 1709; x_wconf 82' lang='lat' dir='ltr'>remiffe‚</span> <span class='ocrx_word' id='word_1_203' title='bbox 1565 1677 1608 1702; x_wconf 86' lang='lat' dir='ltr'>ac</span> <span class='ocrx_word' id='word_1_204' title='bbox 1629 1664 1785 1709; x_wconf 85' lang='lat' dir='ltr'>leniter,</span> 
     </span>
     <span class='ocr_line' id='line_1_24' title="bbox 386 1729 1786 1782; baseline 0 -14"><span class='ocrx_word' id='word_1_205' title='bbox 386 1741 424 1769; x_wconf 87' lang='lat' dir='ltr'>et</span> <span class='ocrx_word' id='word_1_206' title='bbox 446 1732 606 1768; x_wconf 82' lang='lat' dir='ltr'>urbane.</span> <span class='ocrx_word' id='word_1_207' title='bbox 631 1733 668 1768; x_wconf 77' lang='lat' dir='ltr'>Si</span> <span class='ocrx_word' id='word_1_208' title='bbox 687 1731 757 1768; x_wconf 90' lang='lat' dir='ltr'>illo</span> <span class='ocrx_word' id='word_1_209' title='bbox 774 1731 921 1768; x_wconf 88' lang='lat' dir='ltr'>austero</span> <span class='ocrx_word' id='word_1_210' title='bbox 943 1744 1052 1768; x_wconf 86' lang='lat' dir='ltr'>more</span> <span class='ocrx_word' id='word_1_211' title='bbox 1074 1744 1117 1768; x_wconf 91' lang='lat' dir='ltr'>ac</span> <span class='ocrx_word' id='word_1_212' title='bbox 1138 1730 1281 1775; x_wconf 89' lang='lat' dir='ltr'>modo;</span> <span class='ocrx_word' id='word_1_213' title='bbox 1304 1730 1448 1782; x_wconf 88' lang='lat' dir='ltr'>aliquis</span> <span class='ocrx_word' id='word_1_214' title='bbox 1465 1729 1568 1768; x_wconf 89' lang='lat' dir='ltr'>mihi</span> <span class='ocrx_word' id='word_1_215' title='bbox 1585 1730 1632 1768; x_wconf 92' lang='lat' dir='ltr'>ab</span> <span class='ocrx_word' id='word_1_216' title='bbox 1649 1729 1786 1768; x_wconf 89' lang='lat' dir='ltr'>inferis</span> 
     </span>
     <span class='ocr_line' id='line_1_25' title="bbox 386 1795 1786 1847; baseline 0 -13"><span class='ocrx_word' id='word_1_217' title='bbox 386 1796 614 1834; x_wconf 82' lang='lat' dir='ltr'>excitandus</span> <span class='ocrx_word' id='word_1_218' title='bbox 631 1796 698 1840; x_wconf 85' lang='lat' dir='ltr'>est,</span> <span class='ocrx_word' id='word_1_219' title='bbox 714 1810 760 1833; x_wconf 84' lang='lat' dir='ltr'>ex</span> <span class='ocrx_word' id='word_1_220' title='bbox 779 1795 950 1833; x_wconf 83' lang='lat' dir='ltr'>barbatis</span> <span class='ocrx_word' id='word_1_221' title='bbox 968 1795 1063 1840; x_wconf 87' lang='lat' dir='ltr'>illis,</span> <span class='ocrx_word' id='word_1_222' title='bbox 1083 1809 1163 1832; x_wconf 91' lang='lat' dir='ltr'>non</span> <span class='ocrx_word' id='word_1_223' title='bbox 1179 1795 1253 1832; x_wconf 83' lang='lat' dir='ltr'>hac</span> <span class='ocrx_word' id='word_1_224' title='bbox 1270 1795 1448 1840; x_wconf 88' lang='lat' dir='ltr'>barbula,</span> <span class='ocrx_word' id='word_1_225' title='bbox 1467 1809 1544 1847; x_wconf 87' lang='lat' dir='ltr'>qua</span> <span class='ocrx_word' id='word_1_226' title='bbox 1564 1796 1633 1834; x_wconf 89' lang='lat' dir='ltr'>ista</span> <span class='ocrx_word' id='word_1_227' title='bbox 1653 1796 1786 1834; x_wconf 83' lang='lat' dir='ltr'>delec-</span> 
     </span>
     <span class='ocr_line' id='line_1_26' title="bbox 387 1860 1786 1913; baseline -0.001 -13"><span class='ocrx_word' id='word_1_228' title='bbox 387 1872 513 1906; x_wconf 68' lang='lat' dir='ltr'>tatur&#39;,</span> <span class='ocrx_word' id='word_1_229' title='bbox 546 1861 609 1899; x_wconf 88' lang='lat' dir='ltr'>sed</span> <span class='ocrx_word' id='word_1_230' title='bbox 630 1862 697 1899; x_wconf 89' lang='lat' dir='ltr'>illa</span> <span class='ocrx_word' id='word_1_231' title='bbox 717 1861 897 1905; x_wconf 82' lang='lat' dir='ltr'>horrida,</span> <span class='ocrx_word' id='word_1_232' title='bbox 930 1874 1050 1913; x_wconf 89' lang='lat' dir='ltr'>quam</span> <span class='ocrx_word' id='word_1_233' title='bbox 1071 1861 1112 1898; x_wconf 88' lang='lat' dir='ltr'>in</span> <span class='ocrx_word' id='word_1_234' title='bbox 1134 1860 1267 1898; x_wconf 85' lang='lat' dir='ltr'>statuis</span> <span class='ocrx_word' id='word_1_235' title='bbox 1288 1860 1463 1912; x_wconf 90' lang='lat' dir='ltr'>antiquis</span> <span class='ocrx_word' id='word_1_236' title='bbox 1484 1869 1522 1898; x_wconf 93' lang='lat' dir='ltr'>et</span> <span class='ocrx_word' id='word_1_237' title='bbox 1543 1861 1786 1913; x_wconf 87' lang='lat' dir='ltr'>imaginibus</span> 
     </span>
     <span class='ocr_line' id='line_1_27' title="bbox 387 1926 1788 1980; baseline -0.001 -15"><span class='ocrx_word' id='word_1_238' title='bbox 387 1928 564 1966; x_wconf 84' lang='lat' dir='ltr'>videmus</span> <span class='ocrx_word' id='word_1_239' title='bbox 583 1947 594 1972; x_wconf 66' lang='grc' dir='ltr'><strong><em>ς</em></strong></span> <span class='ocrx_word' id='word_1_240' title='bbox 627 1928 696 1979; x_wconf 87' lang='lat' dir='ltr'>qui</span> <span class='ocrx_word' id='word_1_241' title='bbox 717 1928 901 1980; x_wconf 85' lang='lat' dir='ltr'>objurget</span> <span class='ocrx_word' id='word_1_242' title='bbox 922 1926 1146 1971; x_wconf 87' lang='lat' dir='ltr'>mulierem,</span> <span class='ocrx_word' id='word_1_243' title='bbox 1179 1935 1217 1964; x_wconf 91' lang='lat' dir='ltr'>et</span> <span class='ocrx_word' id='word_1_244' title='bbox 1238 1940 1309 1979; x_wconf 89' lang='lat' dir='ltr'>pro</span> <span class='ocrx_word' id='word_1_245' title='bbox 1330 1939 1393 1964; x_wconf 89' lang='lat' dir='ltr'>me</span> <span class='ocrx_word' id='word_1_246' title='bbox 1414 1926 1615 1978; x_wconf 85' lang='lat' dir='ltr'>loquatur,</span> <span class='ocrx_word' id='word_1_247' title='bbox 1647 1940 1697 1965; x_wconf 92' lang='lat' dir='ltr'>ne</span> <span class='ocrx_word' id='word_1_248' title='bbox 1718 1927 1788 1964; x_wconf 88' lang='lat' dir='ltr'>ista</span> 
     </span>
     <span class='ocr_line' id='line_1_28' title="bbox 388 1991 1786 2045; baseline -0.001 -14"><span class='ocrx_word' id='word_1_249' title='bbox 388 1993 489 2031; x_wconf 87' lang='lat' dir='ltr'>mihi</span> <span class='ocrx_word' id='word_1_250' title='bbox 510 1993 611 2031; x_wconf 88' lang='lat' dir='ltr'>forte</span> <span class='ocrx_word' id='word_1_251' title='bbox 632 1993 864 2031; x_wconf 80' lang='lat' dir='ltr'>succenseat.</span> <span class='ocrx_word' id='word_1_252' title='bbox 888 1991 1040 2030; x_wconf 87' lang='lat' dir='ltr'>Existat</span> <span class='ocrx_word' id='word_1_253' title='bbox 1060 1992 1183 2044; x_wconf 86' lang='lat' dir='ltr'>igitur</span> <span class='ocrx_word' id='word_1_254' title='bbox 1203 2006 1250 2030; x_wconf 91' lang='lat' dir='ltr'>ex</span> <span class='ocrx_word' id='word_1_255' title='bbox 1270 1991 1344 2030; x_wconf 82' lang='lat' dir='ltr'>hac</span> <span class='ocrx_word' id='word_1_256' title='bbox 1360 1991 1441 2044; x_wconf 87' lang='lat' dir='ltr'>ipsa</span> <span class='ocrx_word' id='word_1_257' title='bbox 1460 1991 1612 2030; x_wconf 87' lang='lat' dir='ltr'>familia</span> <span class='ocrx_word' id='word_1_258' title='bbox 1626 1993 1786 2045; x_wconf 86' lang='lat' dir='ltr'>aliquis,</span> 
     </span>
     <span class='ocr_line' id='line_1_29' title="bbox 387 2057 1785 2112; baseline -0.001 -14"><span class='ocrx_word' id='word_1_259' title='bbox 387 2074 429 2098; x_wconf 84' lang='lat' dir='ltr'>ac</span> <span class='ocrx_word' id='word_1_260' title='bbox 463 2059 707 2112; x_wconf 85' lang='lat' dir='ltr'>potiffimum</span> <span class='ocrx_word' id='word_1_261' title='bbox 741 2059 878 2097; x_wconf 78' lang='lat' dir='ltr'>Caecus</span> <span class='ocrx_word' id='word_1_262' title='bbox 911 2058 1006 2096; x_wconf 90' lang='lat' dir='ltr'>ille:</span> <span class='ocrx_word' id='word_1_263' title='bbox 1045 2059 1261 2096; x_wconf 87' lang='lat' dir='ltr'>minimum</span> <span class='ocrx_word' id='word_1_264' title='bbox 1293 2059 1400 2096; x_wconf 88' lang='lat' dir='ltr'>enim</span> <span class='ocrx_word' id='word_1_265' title='bbox 1433 2057 1611 2096; x_wconf 87' lang='lat' dir='ltr'>dolorem</span> <span class='ocrx_word' id='word_1_266' title='bbox 1642 2059 1785 2111; x_wconf 86' lang='lat' dir='ltr'>capiet,</span> 
     </span>
     <span class='ocr_line' id='line_1_30' title="bbox 388 2124 1787 2179; baseline -0.001 -16"><span class='ocrx_word' id='word_1_267' title='bbox 388 2127 457 2179; x_wconf 86' lang='lat' dir='ltr'>qui</span> <span class='ocrx_word' id='word_1_268' title='bbox 479 2126 589 2163; x_wconf 85' lang='lat' dir='ltr'>istam</span> <span class='ocrx_word' id='word_1_269' title='bbox 611 2139 689 2163; x_wconf 88' lang='lat' dir='ltr'>non</span> <span class='ocrx_word' id='word_1_270' title='bbox 711 2125 875 2163; x_wconf 88' lang='lat' dir='ltr'>videbit.</span> <span class='ocrx_word' id='word_1_271' title='bbox 910 2125 993 2177; x_wconf 84' lang='lat' dir='ltr'>Qi</span> <span class='ocrx_word' id='word_1_272' title='bbox 1014 2124 1204 2177; x_wconf 61' lang='lat' dir='ltr'>profecto,</span> <span class='ocrx_word' id='word_1_273' title='bbox 1238 2124 1263 2162; x_wconf 88' lang='lat' dir='ltr'>fi</span> <span class='ocrx_word' id='word_1_274' title='bbox 1285 2124 1475 2170; x_wconf 85' lang='lat' dir='ltr'>extiterit,</span> <span class='ocrx_word' id='word_1_275' title='bbox 1498 2125 1549 2163; x_wconf 88' lang='lat' dir='ltr'>fic</span> <span class='ocrx_word' id='word_1_276' title='bbox 1570 2134 1657 2177; x_wconf 87' lang='lat' dir='ltr'>aget</span> <span class='ocrx_word' id='word_1_277' title='bbox 1677 2133 1716 2163; x_wconf 89' lang='lat' dir='ltr'>et</span> <span class='ocrx_word' id='word_1_278' title='bbox 1736 2125 1787 2162; x_wconf 89' lang='lat' dir='ltr'>fic</span> 
     </span>
     <span class='ocr_line' id='line_1_31' title="bbox 388 2189 1788 2244; baseline -0.001 -14"><span class='ocrx_word' id='word_1_279' title='bbox 388 2193 597 2244; x_wconf 84' lang='lat' dir='ltr'>loquetur:</span> <span class='ocrx_word' id='word_1_280' title='bbox 632 2191 797 2235; x_wconf 87' lang='lat' dir='ltr'>Mulier,</span> <span class='ocrx_word' id='word_1_281' title='bbox 831 2190 927 2243; x_wconf 87' lang='lat' dir='ltr'>quid</span> <span class='ocrx_word' id='word_1_282' title='bbox 960 2190 1034 2228; x_wconf 87' lang='lat' dir='ltr'>tibi</span> <span class='ocrx_word' id='word_1_283' title='bbox 1065 2204 1158 2228; x_wconf 91' lang='lat' dir='ltr'>cum</span> <span class='ocrx_word' id='word_1_284' title='bbox 1192 2190 1348 2228; x_wconf 78' lang='lat' dir='ltr'>Caelio?</span> <span class='ocrx_word' id='word_1_285' title='bbox 1381 2190 1478 2243; x_wconf 87' lang='lat' dir='ltr'>quid</span> <span class='ocrx_word' id='word_1_286' title='bbox 1508 2204 1601 2228; x_wconf 90' lang='lat' dir='ltr'>cum</span> <span class='ocrx_word' id='word_1_287' title='bbox 1622 2189 1788 2228; x_wconf 89' lang='lat' dir='ltr'>homine</span> 
     </span>
     <span class='ocr_line' id='line_1_32' title="bbox 387 2255 1787 2308; baseline -0.001 -13"><span class='ocrx_word' id='word_1_288' title='bbox 387 2257 677 2295; x_wconf 84' lang='lat' dir='ltr'>adolescentulo</span> <span class='ocrx_word' id='word_1_289' title='bbox 697 2257 709 2293; x_wconf 90' lang='lat'>?</span> <span class='ocrx_word' id='word_1_290' title='bbox 743 2255 839 2308; x_wconf 86' lang='lat' dir='ltr'>quid</span> <span class='ocrx_word' id='word_1_291' title='bbox 866 2269 960 2293; x_wconf 89' lang='lat' dir='ltr'>cum</span> <span class='ocrx_word' id='word_1_292' title='bbox 987 2255 1114 2293; x_wconf 85' lang='lat' dir='ltr'>alieno</span> <span class='ocrx_word' id='word_1_293' title='bbox 1134 2257 1147 2292; x_wconf 91' lang='lat'>?</span> <span class='ocrx_word' id='word_1_294' title='bbox 1179 2269 1249 2293; x_wconf 85' lang='lat' dir='ltr'>cur</span> <span class='ocrx_word' id='word_1_295' title='bbox 1270 2265 1336 2294; x_wconf 89' lang='lat' dir='ltr'>aut</span> <span class='ocrx_word' id='word_1_296' title='bbox 1364 2265 1444 2294; x_wconf 88' lang='lat' dir='ltr'>tam</span> <span class='ocrx_word' id='word_1_297' title='bbox 1465 2255 1670 2294; x_wconf 84' lang='lat' dir='ltr'>familiaris</span> <span class='ocrx_word' id='word_1_298' title='bbox 1692 2255 1787 2294; x_wconf 92' lang='lat' dir='ltr'>huic</span> 
     </span>
     <span class='ocr_line' id='line_1_33' title="bbox 391 2321 1787 2367; baseline 0 -7"><span class='ocrx_word' id='word_1_299' title='bbox 391 2323 495 2361; x_wconf 81' lang='lat' dir='ltr'>fuisti</span> <span class='ocrx_word' id='word_1_300' title='bbox 512 2352 522 2367; x_wconf 91' lang='lat'>‚</span> <span class='ocrx_word' id='word_1_301' title='bbox 555 2332 598 2359; x_wconf 82' lang='lat' dir='ltr'>ut</span> <span class='ocrx_word' id='word_1_302' title='bbox 622 2336 761 2360; x_wconf 83' lang='lat' dir='ltr'>aurum</span> <span class='ocrx_word' id='word_1_303' title='bbox 783 2321 1053 2360; x_wconf 87' lang='lat' dir='ltr'>commodares</span> <span class='ocrx_word' id='word_1_304' title='bbox 1072 2340 1082 2367; x_wconf 87' lang='lat'>;</span> <span class='ocrx_word' id='word_1_305' title='bbox 1116 2331 1182 2359; x_wconf 88' lang='lat' dir='ltr'>aut</span> <span class='ocrx_word' id='word_1_306' title='bbox 1204 2331 1283 2359; x_wconf 86' lang='lat' dir='ltr'>tam</span> <span class='ocrx_word' id='word_1_307' title='bbox 1305 2322 1468 2360; x_wconf 87' lang='lat' dir='ltr'>inimica</span> <span class='ocrx_word' id='word_1_308' title='bbox 1482 2352 1492 2367; x_wconf 94' lang='lat'>‚</span> <span class='ocrx_word' id='word_1_309' title='bbox 1526 2331 1569 2360; x_wconf 92' lang='lat' dir='ltr'>ut</span> <span class='ocrx_word' id='word_1_310' title='bbox 1590 2335 1787 2360; x_wconf 89' lang='lat' dir='ltr'>venenum</span> 
     </span>
     <span class='ocr_line' id='line_1_34' title="bbox 388 2388 1786 2441; baseline -0.001 -14"><span class='ocrx_word' id='word_1_311' title='bbox 388 2391 546 2428; x_wconf 86' lang='lat' dir='ltr'>timeres</span> <span class='ocrx_word' id='word_1_312' title='bbox 566 2390 578 2426; x_wconf 90' lang='lat'>?</span> <span class='ocrx_word' id='word_1_313' title='bbox 607 2389 701 2427; x_wconf 91' lang='lat' dir='ltr'>Non</span> <span class='ocrx_word' id='word_1_314' title='bbox 723 2398 873 2441; x_wconf 88' lang='lat' dir='ltr'>patrem</span> <span class='ocrx_word' id='word_1_315' title='bbox 895 2397 1010 2426; x_wconf 83' lang='lat' dir='ltr'>tuum</span> <span class='ocrx_word' id='word_1_316' title='bbox 1030 2388 1207 2426; x_wconf 84' lang='lat' dir='ltr'>videras?</span> <span class='ocrx_word' id='word_1_317' title='bbox 1227 2401 1308 2429; x_wconf 85' lang='lat' dir='ltr'>non</span> <span class='ocrx_word' id='word_1_318' title='bbox 1331 2397 1531 2440; x_wconf 88' lang='lat' dir='ltr'>patruum,</span> <span class='ocrx_word' id='word_1_319' title='bbox 1555 2402 1633 2427; x_wconf 91' lang='lat' dir='ltr'>non</span> <span class='ocrx_word' id='word_1_320' title='bbox 1654 2401 1786 2432; x_wconf 88' lang='lat' dir='ltr'>avum,</span> 
     </span>
     <span class='ocr_line' id='line_1_35' title="bbox 388 2451 1789 2507; baseline -0.002 -15"><span class='ocrx_word' id='word_1_321' title='bbox 388 2468 593 2507; x_wconf 84' lang='lat' dir='ltr'>proavum,</span> <span class='ocrx_word' id='word_1_322' title='bbox 615 2462 786 2498; x_wconf 87' lang='lat' dir='ltr'>atavum,</span> <span class='ocrx_word' id='word_1_323' title='bbox 809 2452 982 2492; x_wconf 80' lang='lat' dir='ltr'>audieras</span> <span class='ocrx_word' id='word_1_324' title='bbox 999 2452 1178 2492; x_wconf 88' lang='lat' dir='ltr'>consules</span> <span class='ocrx_word' id='word_1_325' title='bbox 1198 2452 1337 2491; x_wconf 86' lang='lat' dir='ltr'>fuiffe?</span> <span class='ocrx_word' id='word_1_326' title='bbox 1361 2453 1456 2492; x_wconf 89' lang='lat' dir='ltr'>Non</span> <span class='ocrx_word' id='word_1_327' title='bbox 1478 2452 1648 2506; x_wconf 89' lang='lat' dir='ltr'>denique</span> <span class='ocrx_word' id='word_1_328' title='bbox 1669 2451 1789 2491; x_wconf 89' lang='lat' dir='ltr'>modo</span> 
     </span>
    </p>
   </div>
  </div>
 </body>
</html>
