2076 2860
895 176 1126 231 [¹07]

957 374 1070 411 DE

306 587 886 635 PROVINCIIS
969 583 1726 633 CONSULARIBUS

701 792 1059 836 ORATIO
1133 793 1329 833 XXXV.

313 1000 345 1038 Ι.
451 1000 469 1038 Ι
490 998 580 1053 quis
602 997 789 1042 vestrum,
808 996 941 1034 Patres
958 994 1189 1047 conscripti,
1208 995 1402 1047 expectat,
1420 1002 1517 1046 quas
1539 994 1611 1030 iim
1628 1005 1722 1045 pro-

403 1091 406 1094 >
467 1066 615 1105 vincias
638 1065 882 1108 decreturus,
914 1062 1132 1100 confideret
1154 1061 1234 1114 ipse
1257 1061 1405 1106 secum,
1428 1060 1500 1113 qui
1521 1058 1625 1098 mihi
1647 1058 1722 1097 ho-

310 1134 437 1172 mines
459 1147 507 1172 ex
529 1132 745 1186 provinciis
767 1130 1017 1184 potifiimum
1034 1126 1266 1167 detrahendi
1284 1127 1382 1165 fint:
1408 1140 1488 1164 non
1506 1125 1723 1170 dubitabit,

310 1201 409 1255 quid
430 1215 495 1239 me
517 1201 658 1238 sentire
679 1198 903 1243 conveniat,
935 1203 1046 1242 cum,
1079 1195 1180 1249 quid
1199 1194 1301 1233 mihi
1329 1194 1471 1232 sentire
1493 1193 1640 1231 neceffe
1662 1193 1723 1237 fit,

310 1268 510 1321 cogitarit.
559 1269 634 1312 Ac,
668 1267 694 1304 fi
716 1266 900 1319 princeps
926 1278 1012 1303 eam
1035 1263 1270 1302 sententiam
1292 1262 1480 1307 dicerem,
1514 1260 1724 1299 laudaretis

311 1334 517 1388 profecto:
551 1334 578 1372 fi
611 1333 731 1379 solus,
763 1341 869 1371 certe
901 1330 1185 1385 ignosceretis:
1218 1329 1339 1367 etiam
1375 1329 1400 1367 fi
1434 1328 1553 1381 paulo
1589 1327 1724 1366 minus

311 1402 422 1440 utilis
445 1401 563 1440 vobis
582 1399 775 1439 sententia
794 1399 994 1438 videretur
1008 1429 1018 1444 ‚
1051 1397 1207 1436 veniam
1238 1405 1369 1434 tamen
1398 1395 1574 1448 aliquam
1596 1394 1725 1433 dolori

310 1483 401 1508 meo
423 1469 666 1508 tribueretis.
704 1468 830 1507 Nunc
851 1480 964 1512 vero,
997 1467 1130 1504 Patres
1153 1464 1390 1516 conscripti,
1425 1476 1503 1500 non
1526 1476 1642 1515 parva
1661 1461 1723 1500 af-

310 1536 424 1575 ficior
454 1535 673 1589 voluptate,
705 1533 767 1573 vel
799 1532 907 1587 quod
939 1531 1018 1570 hoc
1050 1531 1225 1569 maxime
1255 1528 1485 1581 reipublicae
1515 1527 1723 1573 conducit,

312 1603 464 1654 Syriam
486 1601 849 1653 Macedoniamque
869 1598 1054 1642 decerni,
1087 1605 1132 1634 ut
1159 1596 1274 1634 dolor
1300 1607 1412 1633 meus
1442 1592 1545 1632 nihil
1567 1607 1588 1631 a
1607 1607 1723 1632 com-

313 1668 428 1706 muni
456 1667 630 1706 utilitate
657 1665 880 1710 diffentiat3
914 1664 974 1702 vel
1003 1662 1112 1717 quod
1138 1661 1266 1700 habeo
1294 1662 1494 1699 auctorem
1523 1660 1568 1698 P.
1593 1659 1723 1698 Servi-

314 1735 431 1780 lium,
450 1735 520 1787 qui
541 1744 630 1772 ante
651 1747 716 1771 me
737 1731 972 1771 sententiam
994 1730 1112 1774 dixit,
1129 1729 1261 1767 virum
1277 1727 1551 1771 clariffimum‚
1569 1735 1609 1764 et
1629 1739 1725 1764 cum

313 1802 354 1840 in
377 1800 596 1839 universam
617 1799 925 1852 rempublicam,
944 1806 1032 1835 tum
1048 1796 1168 1834 etiam
1190 1808 1281 1847 erga
1301 1807 1431 1832 meam
1448 1793 1629 1839 salutem,
1648 1791 1726 1830 fide

309 1880 354 1907 ac
375 1866 649 1906 benevolentia
669 1865 871 1919 singulari.

366 1934 489 1987 Qod
521 1934 548 1973 fi
580 1934 650 1972 ille
681 1942 721 1972 et
753 1932 871 1986 paulo
904 1939 1009 1976 ante,
1041 1938 1080 1968 et
1107 1926 1426 1982 quotiescunque
1453 1925 1488 1963 ei
1517 1925 1629 1964 locus
1659 1924 1722 1963 di-

310 2001 427 2042 cendi
448 2014 491 2040 ac
513 2000 681 2054 potestas
702 1999 782 2038 fuit
797 2028 808 2045 ‚
841 1997 1065 2037 Gabinium
1087 2004 1126 2034 et
1148 1994 1333 2033 Pisonem
1349 2023 1360 2039 ‚
1393 1992 1472 2030 duo
1494 1991 1725 2044 reipublicae

311 2077 510 2122 portenta,
533 2081 576 2106 ac
598 2080 699 2121 pene
721 2065 873 2110 funera,
897 2077 992 2102 cum
1013 2070 1175 2116 propter
1194 2061 1287 2099 alias
1310 2059 1457 2104 causas,
1482 2067 1570 2096 tum
1591 2059 1723 2097 maxi-

312 2145 376 2173 me
406 2144 567 2188 propter
587 2133 691 2172 illud
723 2132 874 2184 insigne
895 2130 1020 2169 scelus
1042 2142 1181 2167 eorum
1197 2158 1208 2173 ‚
1242 2136 1281 2165 et
1303 2127 1576 2179 importunam
1597 2125 1639 2162 in
1660 2138 1726 2163 me

312 2201 617 2245 crudelitatem,
651 2213 731 2237 non
764 2199 893 2237 solum
926 2197 1118 2236 sententia
1150 2196 1238 2241 sua,
1271 2194 1334 2232 sed
1363 2195 1483 2232 etiam
1511 2192 1724 2230 verborum

314 2269 517 2321 gravitate,
541 2267 613 2306 effe
636 2266 828 2305 notandos
850 2266 1031 2318 putavit3
1064 2277 1240 2317 quonam
1263 2275 1326 2299 me
1347 2261 1482 2299 animo
1503 2260 1543 2297 in
1565 2272 1630 2297 eos
1651 2258 1725 2297 effe

315 2343 472 2387 oportet
488 2364 498 2379 ,
531 2334 645 2386 cujus
674 2333 734 2370 illi
757 2333 922 2371 salutem
943 2345 1014 2385 pro
1035 2332 1201 2383 pignore
1224 2327 1468 2366 tradiderunt
1489 2325 1535 2363 ad
1557 2325 1723 2377 explen-

316 2401 382 2438 das
412 2400 496 2439 suas
525 2399 794 2453 cupiditates?
829 2399 902 2436 Sed
934 2411 1008 2450 ego
1041 2399 1081 2435 in
1113 2396 1187 2434 hac
1222 2394 1413 2433 sententia
1445 2391 1611 2430 dicenda
1643 2404 1722 2428 non

315 2466 460 2521 parebo
499 2466 628 2506 dolori
668 2479 786 2512 meo,
838 2479 908 2503 nec
958 2462 1170 2502 iracundia?
1209 2462 1386 2500 serviam.
1457 2460 1551 2509 Qo
1590 2457 1725 2494 animo

1329 2528 1365 2562 ()
1400 2539 1419 2563 2
