2076 2860
744 166 818 204 IN
881 166 929 202 L.
992 157 1347 200 PISONEM.
1672 166 1743 204 155

342 269 637 325 receptaculum
657 274 836 304 veterum
858 260 1042 300 Catilinae
1063 257 1257 300 militum,
1281 252 1484 292 castellum
1505 249 1665 288 forenfis
1688 247 1745 284 la-

344 337 519 382 trocinii,
543 333 703 372 bustum
719 331 855 383 legum
872 326 1055 366 omnium
1071 338 1114 362 ac
1132 322 1387 374 religionum.
1412 319 1603 356 Eratssnon
1621 315 1748 353 solum

344 404 486 442 domus
508 413 608 444 mea,
642 397 705 436 sed
731 405 863 435 totum
885 392 1097 436 Palatium,
1131 389 1279 432 senatu,
1312 384 1516 439 equitibus
1538 382 1747 424 Romanis,

345 469 504 509 civitate
517 465 644 511 omni,
661 463 775 503 Italia
790 462 945 504 cuneta,
962 457 1171 497 refertum:
1191 469 1285 493 cum
1302 462 1345 491 tu
1362 465 1442 490 non
1459 449 1579 488 modo
1594 447 1641 486 ad
1657 461 1747 485 eum

347 536 585 574 Ciceronem
618 531 756 584 (mitto
786 528 895 566 enim
925 523 1151 567 domestica,
1184 535 1270 574 quae
1297 518 1428 571 negari
1449 516 1634 569 pofi'unt3
1666 513 1749 552 haec

346 612 644 643 commemoro,
668 611 754 650 quae
776 595 866 634 sunt
888 590 1034 646 palam)
1060 603 1139 628 non
1161 587 1282 626 modo
1297 616 1307 631 ,
1340 585 1503 637 inquam
1520 612 1530 628 ,
1563 581 1610 619 ad
1631 594 1723 619 eum
1740 609 1749 624 ,

347 668 413 706 cui
440 667 612 720 primam
633 661 808 702 comitiis
833 659 910 698 tuis
932 657 1089 696 dederas
1111 653 1288 693 tabulam
1310 648 1573 704 praerogativae
1589 677 1599 692 ,
1632 660 1753 699 quem

349 735 390 773 in
411 734 544 772 senatu
567 730 799 770 sententiam
822 725 982 779 rogabas
1005 722 1168 761 tertium
1185 749 1196 765 ,
1229 729 1435 770 nunquam
1459 713 1627 768 aspirasti
1646 732 1656 757 ;
1690 712 1753 750 sed

350 800 538 839 omnibus
561 795 754 840 consiliis,
785 807 871 846 quae
892 791 940 829 ad
960 803 1023 828 me
1051 783 1361 840 opprimendum
1382 781 1642 835 parabantur,
1674 793 1752 817 non

351 864 564 905 interfuisti
586 862 727 906 solum,
760 871 896 897 verum
918 856 1038 894 etiam
1059 850 1323 890 crudeliffime
1345 846 1547 901 praefuisti.

408 933 482 971 VI.
515 929 625 969 Mihi
646 940 738 966 vero
758 925 828 978 ipfi
850 936 982 962 coram
1004 933 1148 974 genero
1169 931 1274 962 me0,
1304 916 1531 969 propinquo
1553 924 1636 957 tuo,
1670 926 1755 965 quae

351 999 479 1037 dicere
500 995 611 1034 ausus
633 1007 672 1031 es
690 994 702 1030 ?
725 1004 853 1044 egere,
877 988 972 1027 foris
989 986 1062 1024 effe
1080 984 1318 1027 Gabinium,
1341 982 1418 1020 fine
1439 979 1643 1033 provincia
1663 978 1756 1016 stare

352 1079 432 1104 non
453 1063 571 1118 posse,
604 1061 712 1114 spem
742 1058 884 1097 habere
914 1070 934 1093 a
965 1054 1127 1093 tribuno
1157 1051 1300 1105 plebis,
1333 1049 1358 1087 fi
1390 1058 1455 1086 tua
1484 1046 1643 1085 consilia
1664 1059 1756 1083 cum

354 1131 425 1169 illo
446 1125 725 1181 conjunxiffeS,
748 1137 770 1162 a
790 1122 923 1161 senatu
944 1118 1107 1173 quidem
1129 1113 1336 1169 desperasse
1355 1129 1364 1152 :
1397 1112 1516 1165 hujus
1539 1122 1576 1149 te
1598 1110 1756 1163 cupidi-

356 1196 427 1236 tati
458 1193 648 1246 obsequi,
681 1190 793 1229 sicuti
823 1202 896 1241 ego
923 1185 1099 1224 feciffem
1129 1184 1169 1221 in
1197 1181 1350 1233 collega
1379 1192 1495 1217 meo:
1529 1176 1631 1215 nihil
1659 1176 1757 1221 effe,

356 1262 464 1316 quod
493 1258 716 1314 praesidium
745 1255 955 1294 consulum
985 1251 1262 1304 implorarem5
1295 1247 1365 1285 fibi
1387 1258 1585 1299 quemque
1615 1243 1758 1281 consu-

358 1331 437 1368 lere
469 1336 663 1381 oportere.
702 1325 836 1375 Atque
869 1321 952 1359 haec
985 1318 1114 1356 dicere
1146 1317 1213 1354 vix
1245 1314 1396 1352 audeo:
1429 1325 1577 1356 vereor,
1610 1324 1658 1348 ne
1690 1310 1759 1362 qui

359 1397 430 1442 fit,
463 1395 533 1448 qui
560 1392 669 1430 istius
701 1390 894 1442 infignem
916 1385 1161 1439 nequitiam,
1194 1381 1336 1420 frontis
1359 1378 1578 1417 involutam
1601 1377 1760 1428 integu-

359 1462 520 1506 mentis,
543 1457 723 1498 nondum
745 1464 891 1494 cernat.
917 1454 1062 1491 Dicam
1084 1460 1216 1489 tamen
1235 1463 1244 1487 :
1268 1447 1349 1500 ipse
1369 1455 1474 1484 certe
1495 1443 1691 1497 agnoscet,
1724 1451 1762 1480 et

359 1544 453 1568 cum
473 1528 607 1580 aliquo
628 1525 763 1563 dolore
783 1521 1027 1574 flagitiorum
1048 1518 1209 1556 suorum
1230 1513 1512 1553 recordabitur.

416 1592 706 1635 Meministine,
738 1601 914 1631 coenum,
947 1598 1041 1623 cum
1070 1583 1117 1621 ad
1147 1592 1185 1620 te
1214 1581 1354 1633 quinta
1377 1577 1458 1616 fere
1478 1576 1575 1614 hora
1594 1589 1688 1614 cum
1711 1576 1760 1614 C.

363 1660 502 1700 Pisone
526 1656 726 1700 veniffem,
758 1653 889 1692 nescio
918 1664 999 1704 quo
1028 1663 1048 1686 e
1077 1645 1281 1701 gurgustio
1312 1653 1350 1682 te
1378 1642 1549 1696 prodire,
1581 1640 1763 1679 involuto

364 1727 507 1780 capite,
540 1722 762 1762 soleatum?
794 1729 847 1764 et,
879 1731 973 1756 cum
1002 1715 1075 1753 isto
1104 1727 1169 1752 ore
1200 1710 1342 1750 foetido
1375 1708 1617 1747 teterrimam
1648 1706 1765 1744 nobis

365 1793 554 1847 popinam
575 1786 794 1831 inhalaffes‚
824 1782 1074 1823 excusatione
1096 1789 1133 1817 te
1155 1779 1213 1816 uti
1234 1775 1486 1820 valetudinis,
1518 1772 1627 1826 quod
1656 1772 1765 1810 dice-

364 1872 449 1904 res,
485 1854 697 1894 vinolentis
734 1862 771 1890 te
806 1848 1043 1904 quibusdam
1083 1842 1415 1884 medicaminibus
1451 1840 1572 1878 solere
1606 1839 1765 1877 curari?

364 1937 485 1978 quam
534 1935 605 1960 nos
650 1918 804 1958 causam
843 1930 935 1954 curn
976 1911 1283 1965 accepiffemus,
1328 1906 1456 1961 (quid
1495 1906 1603 1944 enim
1641 1904 1768 1942 facere

365 2000 590 2045 poteramus
610 1985 652 2037 ?)
695 1982 889 2038 paulisper
938 1980 1116 2018 stetimus
1162 1977 1203 2014 in
1250 1975 1321 2013 illo
1360 1986 1572 2026 ganearum
1612 1980 1769 2008 tuarum

368 2057 505 2096 nidore
543 2063 661 2106 atque
700 2050 842 2088 fumo:
886 2046 990 2085 unde
1029 2055 1072 2083 tu
1115 2057 1211 2087 nos,
1249 2055 1342 2079 cum
1383 2037 1667 2092 improbiffime
1706 2050 1768 2074 re-

369 2119 620 2176 spondendo,
653 2127 742 2154 tum
771 2112 990 2166 turpiflime
1019 2108 1254 2152 eructando,
1287 2105 1447 2159 ejecisti.
1483 2104 1594 2142 Idem
1616 2103 1687 2140 illo
1708 2101 1769 2139 fe-

371 2203 409 2227 re
442 2187 564 2226 biduo
596 2183 810 2237 productus
844 2180 884 2218 in
925 2178 1160 2217 concionem
1201 2175 1248 2212 ab
1289 2188 1358 2217 e0,
1391 2172 1455 2209 cui
1489 2171 1539 2208 fic
1571 2178 1770 2223 aequatum

372 2253 568 2307 praebebas
608 2247 856 2287 consulatum
898 2255 1038 2288 tuum,
1080 2257 1172 2280 cum
1212 2240 1303 2278 effes
1345 2239 1632 2289 interrogatus,
1674 2234 1771 2287 quid

375 2319 533 2358 sentires
574 2315 621 2353 de
660 2313 864 2352 consulatu
905 2325 1022 2355 meo3
1060 2310 1186 2361 gravis
1226 2308 1382 2349 auctor,
1416 2303 1620 2341 Calatinus
1657 2300 1773 2338 credo

375 2383 545 2437 aliquis,
586 2388 652 2418 aut
692 2378 932 2421 Africanus,
970 2385 1036 2413 aut
1076 2374 1308 2415 Maximus,
1345 2380 1383 2407 et
1423 2382 1502 2406 non
1543 2366 1771 2405 Caesoninus

378 2445 753 2490 semi-Placentinus
794 2443 1051 2485 Calventius‚
1089 2438 1322 2491 respondes,
1354 2436 1479 2473 altero
1515 2433 1561 2471 ad
1600 2431 1774 2470 frontem

1384 2502 1415 2537 V
1451 2513 1470 2539 2
