2076 2860
342 163 390 201 28
819 164 1263 204 ORATIO

341 264 410 316 qui
431 265 620 302 maximas
643 265 832 309 nationes,
864 265 933 317 qui
954 279 1076 318 reges,
1109 266 1178 318 qui
1199 274 1333 319 gentes
1355 265 1453 305 feras
1474 276 1591 320 atque
1613 267 1726 305 inau-

340 331 454 376 ditas,
473 333 540 384 qui
562 332 790 384 praedonum
811 331 1010 369 infinitam
1031 345 1209 377 manum,
1227 332 1295 384 qui
1315 333 1434 370 etiam
1456 333 1622 378 servitia,
1645 334 1726 371 vir-

340 407 423 435 tute
445 398 682 450 victoriaque
703 397 908 435 domuisset
925 417 936 443 ς
969 398 1053 449 qui,
1086 398 1273 436 omnibus
1296 399 1410 437 bellis
1433 409 1532 437 terra
1551 400 1728 452 marique

339 463 561 515 compreffis
576 493 586 508 ‚
618 463 831 515 imperium
851 463 991 516 populi
1012 464 1185 502 Romani
1206 464 1312 502 orbis
1335 474 1524 504 terrarum
1546 466 1725 504 terminis

339 528 528 565 definisset
544 547 554 573 ;
589 528 877 580 rempublicam
908 529 1028 566 everti
1060 529 1201 567 scelere
1232 543 1474 582 paucorum,
1507 545 1628 584 quam
1648 530 1727 583 ipse

339 607 416 631 non
450 593 576 631 solum
608 594 795 639 confinis,
827 594 891 632 sed
920 595 1039 632 etiam
1071 595 1257 647 sanguine
1286 596 1367 641 suo,
1400 596 1495 650 saepe
1525 597 1724 635 servasset:

336 658 487 696 acceffit
516 659 563 697 ad
593 660 745 698 causam
775 660 1006 712 publicam;
1039 660 1180 698 restitit
1207 662 1435 700 auctoritate
1467 662 1532 700 sua
1563 663 1725 715 reliquis

337 728 479 772 rebus,
513 727 559 765 de
590 727 793 779 praeteritis
824 726 980 779 questus
1009 726 1076 765 est.
1121 727 1225 765 Fieri
1251 727 1431 780 quaedam
1451 729 1498 766 ad
1519 729 1727 767 meliorem

337 794 445 847 spem
467 794 672 831 inclinatio
694 792 770 830 visa
791 791 857 830 est.

392 860 579 899 Decrevit
600 859 750 897 senatus
771 857 955 911 frequens
977 858 1024 896 de
1045 872 1133 896 meo
1161 858 1288 897 reditu
1318 858 1495 899 kalendis
1516 861 1612 912 Jun.
1645 859 1725 898 dis-

338 925 527 964 sentiente
549 925 674 970 nullo,
698 924 888 963 referente
909 925 958 963 L.
984 924 1154 970 Ninnio,
1186 927 1299 977 cujus
1321 925 1362 963 in
1384 940 1469 964 mea
1488 926 1600 964 causa
1619 940 1725 964 nun-

336 1006 456 1044 quam
479 991 572 1029 fides
594 990 794 1043 virtusque
821 990 1075 1028 contremuit.
1123 991 1339 1029 Interceffit
1361 992 1484 1045 Ligus
1506 992 1574 1030 iste
1596 992 1726 1030 nescio

336 1058 421 1109 qui,
453 1057 765 1094 additamentum
799 1056 1055 1094 inimicorum
1088 1070 1283 1095 meorum.
1322 1057 1400 1095 Res
1433 1067 1513 1096 erat
1544 1067 1583 1096 et
1614 1058 1726 1096 causa

336 1123 461 1161 nostra
481 1137 526 1160 eo
542 1124 625 1174 jam
646 1123 739 1167 loci,
763 1131 807 1160 ut
827 1123 973 1174 erigere
993 1122 1128 1160 oculos
1150 1132 1188 1160 et
1208 1124 1336 1161 vivere
1358 1123 1567 1162 videretur.
1601 1124 1725 1175 Qis-

335 1190 423 1241 quis
453 1198 558 1234 erat,
590 1189 659 1241 qui
689 1188 864 1241 aliquam
891 1197 1041 1241 partem
1063 1189 1103 1226 in
1126 1202 1214 1226 meo
1235 1189 1342 1227 luctu
1364 1189 1516 1228 sceleris
1539 1190 1724 1235 Clodiani

335 1253 533 1306 attigisset,
565 1265 804 1305 quocunque
824 1262 994 1298 venerat,
1016 1253 1123 1306 quod
1138 1254 1339 1306 judicium
1361 1268 1518 1307 cunque
1539 1255 1721 1301 subierat,

335 1321 605 1359 damnabatur.
645 1320 921 1358 Inveniebatur
942 1334 1073 1365 nemo,
1105 1321 1174 1373 qui
1196 1321 1231 1358 se
1253 1321 1483 1374 suffragium
1504 1323 1551 1360 de
1571 1336 1634 1360 me
1656 1331 1722 1360 tu-

334 1387 415 1425 liffe
436 1387 701 1425 confiteretur.
750 1387 968 1425 Dec—efferat
992 1401 1039 1425 ex
1062 1387 1151 1425 Afia
1171 1387 1288 1426 frater
1309 1402 1422 1427 meus
1441 1403 1586 1442 magno
1607 1389 1722 1441 squa-

333 1453 428 1497 lore,
452 1453 515 1490 sed
536 1453 665 1490 multo
685 1453 803 1490 etiam
825 1454 971 1505 majore
992 1466 1180 1491 moerore:
1204 1452 1300 1491 huic
1321 1455 1368 1492 ad
1389 1454 1529 1492 urbem
1549 1455 1725 1493 venienti

333 1527 415 1556 tota
435 1519 591 1556 obviam
613 1518 749 1556 civitas
771 1532 864 1556 cum
894 1518 1078 1570 lacrymis
1108 1520 1341 1572 gemituque
1370 1520 1626 1573 processerat:
1659 1521 1721 1558 lo-

332 1585 525 1637 quebatur
546 1585 707 1622 liberius
729 1584 903 1622 senatus:
928 1586 1215 1623 concurrebant
1236 1587 1387 1638 equites
1410 1588 1608 1625 Romani:
1634 1587 1724 1625 Piso

334 1651 414 1696 ille,
445 1665 563 1703 gener
583 1664 706 1695 meus,
739 1651 802 1688 cui
824 1650 996 1688 fructum
1030 1651 1186 1703 pietatis
1209 1651 1281 1689 suae
1313 1666 1439 1705 neque
1459 1667 1507 1691 ex
1539 1667 1616 1698 me,
1650 1667 1721 1692 ne—

331 1730 406 1767 que
427 1729 447 1753 a
468 1716 615 1768 populo
638 1717 819 1753 Romano
834 1744 845 1760 ,
877 1715 977 1753 ferre
998 1716 1112 1753 licuit
1128 1746 1138 1760 ‚
1170 1730 1190 1753 a
1211 1718 1434 1769 propinquo
1456 1718 1523 1756 suo
1544 1719 1722 1757 socerum

333 1783 441 1820 suum
464 1782 661 1834 flagitabat
680 1797 689 1820 ε
723 1782 856 1819 omnia
877 1781 1027 1820 senatus
1049 1783 1264 1834 rejiciebat,
1297 1784 1367 1821 nisi
1393 1784 1440 1821 de
1461 1798 1524 1822 me
1544 1786 1723 1837 primum

330 1848 513 1886 consules.
528 1847 757 1886 retulissent.

385 1914 563 1951 XXXII.
597 1915 695 1965 Qae
715 1927 806 1951 cum
830 1927 886 1952 res
903 1916 984 1967 jam
1007 1914 1188 1952 manibus
1211 1923 1427 1960 teneretur;
1451 1925 1489 1954 et
1510 1929 1601 1954 cum
1622 1930 1720 1955 con-

332 1979 429 2016 sules
465 1980 755 2031 provinciarum
791 1981 967 2032 pactione
1003 1981 1223 2018 libertatem
1258 1995 1417 2019 omnem
1451 1982 1717 2034 perdidissent,

330 2046 412 2096 qui,
440 2059 530 2082 cum
555 2046 593 2082 in
617 2045 746 2083 senatu
769 2046 967 2098 privatim,
991 2057 1033 2084 ut
1055 2046 1101 2084 de
1123 2060 1185 2084 me
1207 2047 1413 2085 sententias
1435 2048 1624 2094 dicerent,
1648 2050 1717 2088 fla-

329 2111 553 2163 gitabantur
570 2140 580 2156 ,
613 2111 739 2162 legem
767 2112 826 2149 illi
856 2112 890 2149 se
914 2112 1097 2150 Clodiam
1120 2113 1257 2150 timere
1279 2113 1488 2152 dicebant:
1522 2129 1613 2153 cum
1636 2115 1717 2154 haec

332 2191 407 2214 non
431 2177 579 2229 possent
595 2178 677 2228 jam
699 2177 845 2215 diutius
869 2178 1049 2216 sustinere
1068 2209 1077 2224 ,
1111 2179 1233 2217 initur
1258 2180 1464 2218 consilium
1486 2180 1533 2219 de
1554 2182 1718 2221 interitu

330 2244 406 2280 Cn⁴
438 2243 644 2295 Pompeii:
679 2256 758 2294 quo
791 2243 1008 2295 patefacto,
1041 2244 1223 2296 ferroque
1256 2245 1520 2298 deprehenso,
1552 2248 1620 2285 ille
1652 2249 1716 2286 in-

329 2308 456 2346 clusus
480 2309 586 2346 domi
609 2309 759 2346 tamdiu
782 2310 872 2354 fuit,
891 2310 1077 2362 quamdiu
1096 2312 1281 2349 inimicus
1303 2326 1412 2350 meus
1434 2313 1474 2351 in
1498 2314 1714 2354 tribunatu.

328 2375 389 2412 De
411 2387 499 2411 mco
520 2374 645 2412 reditu
667 2376 754 2413 octo
777 2376 925 2413 tribuni
947 2377 1260 2429 promulgarunt.
1286 2379 1347 2416 Ex
1369 2393 1447 2431 quo
1469 2380 1715 2419 intellectum

326 2440 401 2485 est,
434 2439 534 2478 mihi
557 2440 704 2479 absenti
727 2441 881 2480 crevisse
902 2443 1072 2488 amicos,
1106 2444 1144 2481 in
1166 2457 1208 2482 ea
1229 2445 1439 2498 pracsertim
1462 2445 1641 2493 fortuna,
1674 2449 1715 2486 in
