2076 2860
537 165 673 203 PRO
733 164 783 202 L.
847 164 1062 203 CORN.
1124 164 1372 204 BALBO.
1591 180 1666 221 127

253 279 340 318 quae
362 265 487 304 facere
509 266 627 304 vellet
642 295 653 310 ,
686 264 879 303 facillime
909 266 1086 303 tractare.
1132 265 1233 317 Qae
1253 266 1361 306 enim
1393 266 1434 304 in
1456 267 1506 305 L.
1532 266 1665 305 Craffo

254 332 387 384 potuit
402 362 413 377 ,
446 331 611 369 homine
641 341 733 370 nato
763 331 810 369 ad
831 330 991 370 dicendi
1012 331 1249 384 singularem
1270 333 1471 385 quandam
1493 332 1664 372 faculta-

253 406 334 437 tem
350 424 367 444 ,-
393 399 419 437 fi
440 397 543 437 hanc
564 398 718 437 causam
741 407 894 451 ageret,
927 399 1053 452 major
1074 398 1146 437 6116
1168 399 1322 439 ubertas
1337 431 1348 446 ‚
1374 401 1536 439 varietas
1551 431 1561 446 ‚
1594 415 1664 439 co-

251 463 330 517 pia,
363 477 484 518 quam
504 464 584 503 fui-t
613 466 654 503 in
676 479 736 511 eo,
768 464 837 518 qui
860 474 1017 504 tantum
1038 466 1172 518 potuit
1193 465 1397 519 impertire
1419 466 1514 505 huic
1536 467 1665 506 studio

254 531 460 584 temporis,
479 541 675 584 quantum
699 531 779 584 ipse
795 545 815 569 a
831 532 1000 584 pueritia
1021 531 1142 584 usque
1158 532 1205 569 ad
1225 532 1328 571 hanc
1350 542 1504 572 aetatem
1524 547 1545 571 a
1566 547 1665 571 con-

253 598 376 636 tinuis
410 599 524 637 bellis
555 608 593 637 et
624 598 797 637 victoriis
828 599 1093 652 conquievit?
1126 600 1220 650 Qo
1250 599 1353 638 mihi
1384 600 1587 639 difficilior
1613 600 1667 639 est

251 663 319 703 hic
340 675 542 705 extremus
563 665 768 719 perorandi
790 665 917 704 locus.
944 665 1106 704 Etenim
1127 665 1163 703 61
1184 665 1351 704 succedo
1372 667 1555 712 orationi,
1579 681 1666 719 quae

252 742 332 770 non
353 735 602 785 praetervecta
622 733 668 771 fit
688 746 797 771 aures
819 732 973 778 vestras,
997 731 1118 770 sedin
1135 732 1277 770 animis
1299 733 1483 772 omnium
1505 735 1664 787 penitus

251 797 465 844 insederit3
499 808 543 837 ut
570 799 659 852 plus
692 798 908 851 voluptatis
938 812 987 836 ex
1017 798 1288 836 recordatione
1316 799 1424 837 illius
1458 800 1662 845 orationis,

251 877 372 916 quam
394 878 473 903 non
495 865 617 903 modo
643 878 691 903 ex
720 874 831 909 mea,
865 863 928 902 sed
955 877 1003 902 ex
1031 864 1266 917 cujusquam
1294 866 1496 912 oratione,
1529 880 1665 920 capere

252 931 418 984 poffitis.
529 932 535 933 ⁷

307 995 363 1038 H.
397 999 475 1037 Sed-
492 1008 578 1038 mos
601 998 655 1037 est
674 999 869 1052 gerendus
892 1013 972 1037 non
994 999 1115 1037 modo
1139 1000 1342 1045 Cornelio,
1362 1002 1475 1054 cujus
1498 1015 1571 1054 ego
1592 1015 1664 1039 vo-

250 1065 397 1103 luntati
418 1066 459 1104 in
481 1067 565 1119 ejus
586 1066 774 1119 periculis
796 1066 912 1104 nul-lo
936 1066 1058 1104 modo
1086 1066 1208 1105 deeffe
1236 1067 1390 1120 poffum
1408 1087 1418 1112 3
1453 1068 1516 1106 sed
1544 1069 1663 1107 etiam

252 1134 330 1172 Cn.
356 1134 548 1187 Pompeio
564 1164 574 1179 ‚
607 1134 678 1186 qui
699 1133 757 1171 sui
785 1133 903 1179 faCfi,
937 1134 994 1171 sui
1010 1134 1154 1186 judicii
1171 1165 1181 1180 ,
1215 1134 1273 1172 sui
1295 1135 1504 1180 beneficii,
1537 1136 1666 1174 voluit

251 1214 315 1238 me
347 1200 445 1246 effe,
478 1210 523 1238 ut
554 1200 662 1254 apud*
690 1200 846 1239 eosdem
878 1214 973 1246 vos,
1006 1201 1196 1252 Judices,
1229 1216 1356 1255 nuper
1383 1203 1423 1240 in
1452 1203 1527 1240 alia
1554 1204 1666 1242 causa

251 1266 414 1313 fuerim,
445 1276 486 1305 et
505 1267 817 1321 praedicatorem,
850 1277 889 1306 et
910 1270 1125 1307 auctorem.

308 1336 370 1372 Ac
391 1332 494 1373 mihi
514 1334 678 1386 quidem
697 1333 775 1373 hoc
804 1334 974 1387 dignum
1003 1348 1068 1373 reo
1095 1334 1277 1381 videtur,
1310 1335 1388 1374 hoc
1418 1336 1550 1374 deberi
1584 1336 1663 1374 hu-

245 1402 313 1453 jus
341 1401 571 1440 excellentis
605 1402 679 1440 viri
710 1401 1027 1455 praestantiffimae
1060 1402 1210 1454 gloriae,
1243 1401 1320 1440 1106
1353 1404 1562 1456 proprium
1592 1403 1664 1442 effe

250 1467 363 1506 vestri
385 1468 508 1507 officii
523 1499 534 1514 ‚
566 1468 644 1507 hoc
666 1468 755 1507 satis
777 1469 850 1507 6116
870 1469 991 1507 causae
1007 1499 1016 1514 ‚
1051 1478 1094 1507 ut
1110 1499 1120 1514 ,
1154 1469 1260 1521 quod
1283 1468 1412 1507 feciffe
1436 1471 1513 1507 Cn.
1540 1471 1662 1508 Pom-

251 1535 386 1586 peium
419 1534 595 1580 constet,
628 1535 667 1572 id
700 1549 839 1573 omnes
872 1544 911 1572 et
943 1535 1094 1572 116111116
1126 1535 1360 1573 concedant.
1395 1536 1502 1573 Nam
1536 1536 1664 1574 verius

251 1599 356 1637 nihil
388 1600 456 1645 est,
487 1609 606 1652 quam
639 1601 753 1652 quod
779 1600 959 1638 hesterno
993 1600 1055 1638 die
1087 1600 1190 1637 dixit
1225 1601 1318 1652 ipse,
1351 1602 1405 1638 ita
1433 1602 1482 1639 L.
1509 1603 1662 1640 Corne-

252 1668 355 1705 }ium
377 1667 423 1706 de
443 1667 615 1706 fortunis
637 1667 825 1706 omnibus
848 1667 1061 1712 dimicare,
1095 1677 1139 1705 ut
1173 1668 1321 1705 nullius
1351 1669 1390 1705 in
1420 1668 1553 1707 (1611611
1581 1670 1661 1707 cri-

253 1747 352 1772 men>
367 1744 584 1773 vocaretur.
633 1734 729 1773 Non
751 1734 859 1772 enim
881 1733 1032 1772 furatus
1064 1733 1136 1772 6116
1164 1735 1394 1780 civitatem,
1428 1749 1507 1773 non
1538 1750 1662 1789 genus

253 1800 368 1839 suum
389 1801 619 1846 ementitus,
652 1814 733 1839 non
754 1801 796 1838 in
817 1801 953 1853 aliquo
974 1800 1200 1853 impudenti
1222 1801 1431 1840 mendacio
1452 1801 1660 1848 delituisse,

252 1881 332 1906 non
354 1867 539 1920 irrepfifl‘e
561 1868 602 1905 in
624 1867 801 1913 censum,
834 1866 982 1905 dicitur
1001 1882 1009 1905 :
1044 1881 1172 1905 unum
1192 1867 1398 1921 objicitur,
1432 1878 1570 1906 natum
1591 1869 1664 1906 effe

252 1935 435 1973 Gadibus
454 1954 464 1980 ς
492 1935 600 1988 quod
622 1944 739 1988 negat
760 1945 892 1973 nemo.
927 1936 1128 1973 Caeterum
1150 1935 1349 1973 accusator
1371 1936 1530 1981 fatetur,
1554 1935 1663 1974 hunc

252 2002 293 2040 in
316 2002 523 2055 Hispania,
556 2002 759 2040 duriffimo
782 2001 902 2046 bello,
927 2015 1021 2039 cum
1042 2002 1308 2057 QMeteilo,
1332 2017 1426 2040 cum
1450 2004 1498 2041 C.
1524 2003 1661 2041 Mem-

253 2068 350 2114 mio,
373 2079 411 2107 et
433 2070 474 2106 in
496 2068 608 2106 claffe
628 2077 666 2106 et
689 2068 728 2105 in
751 2067 927 2106 exercitu
949 2065 1077 2113 fuiffe,
1109 2077 1162 2113 et,
1197 2077 1240 2106 ut
1262 2069 1477 2122 Pompeius
1499 2070 1541 2106 in
1563 2069 1660 2107 His-

253 2134 411 2186 paniam
446 2135 622 2179 venerit,
660 2134 989 2187 Memmiumque
1024 2132 1167 2172 habere
1202 2135 1434 2187 quaestorem
1469 2136 1659 2188 coeperit,

254 2214 459 2253 nunquam
480 2215 501 2239 a
522 2201 723 2239 Memmio
745 2200 973 2246 disceffiffe;
1009 2200 1293 2254 Carthaginem
1315 2202 1387 2240 effe
1409 2202 1658 2255 profe&um;

254 2268 453 2306 acerrimis
491 2267 570 2305 illis
607 2267 751 2320 praeliis
786 2277 825 2306 et
861 2268 1045 2306 maximis
1061 2298 1072 2313 ,
1107 2269 1337 2308 Sucronensi
1373 2278 1413 2306 et
1449 2269 1630 2306 Durienfi
1649 2299 1659 2314 ‚

255 2334 497 2379 interfuisse3
531 2348 625 2372 cum
658 2334 850 2388 Pompeio
881 2335 929 2373 ad
959 2345 1185 2373 extremum
1216 2336 1313 2374 belli
1345 2346 1502 2388 tempus
1532 2335 1658 2373 fuiss'e.

257 2402 356 2439 Haec
378 2401 467 2439 sunt
489 2401 621 2454 praelia
642 2401 842 2440 Cornelii:
867 2401 954 2439 talis
974 2402 1014 2440 in
1032 2402 1324 2456 rempublicam
1344 2402 1514 2440 nostram
1536 2402 1659 2446 labor,

254 2468 450 2507 affiduitas
470 2498 479 2513 ‚
513 2468 745 2513 dimicatio,
778 2469 902 2507 virtus
939 2468 1058 2521 digna
1091 2468 1247 2507 summo
1282 2470 1544 2521 imperatore,
1577 2467 1660 2519 spe&
