2076 2860
512 219 587 259 272
991 203 1434 242 ORATIO

510 307 763 346 maledictum
784 305 950 343 minime
971 304 1010 342 in
1040 304 1149 343 illam
1177 314 1331 344 aetatem
1359 306 1599 345 conveniret.
1645 306 1803 358 Qibus
1836 306 1904 345 ille

511 373 645 410 studiis
667 372 713 409 ab
735 373 895 408 ineunte
916 380 1025 408 aetate
1046 370 1082 408 se
1104 371 1314 417 imbuerat,
1344 385 1423 409 non
1445 371 1627 416 saltandi,
1655 372 1718 409 sed
1740 372 1838 410 bene
1859 380 1903 410 ut

509 439 640 483 armis,
664 438 814 489 optime
836 446 879 474 ut
899 437 1025 488 equiS,
1050 446 1251 482 uteretur,
1284 451 1326 474 ea
1348 447 1477 476 tamen
1498 438 1615 475 illum
1637 439 1791 482 cuncta,
1817 438 1902 490 jam

509 513 617 541 aetate
646 504 776 541 exac‘ta
792 532 800 547 ‚
834 501 1069 541 defecerant.
1108 504 1246 555 Itaque
1260 533 1271 548 ,
1304 504 1539 555 Dejotarum
1571 517 1664 541 cum
1696 504 1826 556 plures
1859 504 1901 541 in

508 584 655 623 equum
689 569 922 607 sustuliffent
938 599 947 614 ‚
980 569 1085 621 quod
1114 568 1256 607 haerere
1277 571 1317 607 in
1339 584 1384 607 eo
1407 570 1520 608 senex
1540 570 1662 623 poffet
1677 600 1686 615 ‚
1719 570 1903 608 admirari

508 636 740 680 solebamus.
788 636 870 673 Hic
898 649 988 672 vero
1016 635 1262 680 adolescens,
1296 637 1365 687 qui
1392 650 1503 673 meus
1532 637 1571 673 in
1596 636 1739 674 Cilicia
1759 635 1900 681 miles,

506 701 547 739 in
571 701 723 739 Graecia
743 701 968 738 commilito
990 699 1092 745 fuit,
1125 714 1219 738 cum
1247 701 1286 738 in
1309 701 1379 739 illo
1401 701 1530 739 nostro
1551 702 1725 740 exercitu
1745 701 1902 754 equita-

507 778 565 806 ret
593 782 685 806 cum
714 767 790 805 suis
820 767 977 805 delectis
1009 768 1238 818 equitibus,
1271 781 1370 820 quos
1400 782 1477 805 una
1503 782 1596 805 cum
1623 782 1668 805 eo
1700 768 1747 805 ad
1778 769 1901 805 Pom—-

506 835 642 887 peium
663 844 770 887 pater
792 833 945 872 miserat
960 864 970 879 ‚
1003 848 1101 886 quos
1130 835 1341 873 concursus
1364 834 1489 873 facere
1511 835 1656 872 solebat
1676 836 1688 872 ?
1721 848 1841 887 quam
1863 834 1900 872 se

500 902 675 953 jactare?
708 915 827 953 quam
855 901 890 938 se
921 900 1109 938 ostentare
1129 902 1140 938 ?
1174 915 1292 953 quam
1316 902 1465 939 nemini
1494 902 1533 939 in
1557 902 1626 939 illa
1645 901 1756 939 causa
1775 900 1903 939 studio

505 977 544 1005 et
565 967 780 1020 cupiditate
801 967 1013 1004 concedere
1032 968 1044 1004 ?
1080 968 1185 1005 Cum
1207 981 1311 1012 vero,
1334 968 1509 1005 exercitu
1531 967 1680 1012 amiffo,
1712 981 1799 1020 egO,
1832 966 1903 1020 qui

505 1034 611 1086 pacis
633 1036 765 1072 auctor
786 1033 936 1086 semper
957 1033 1030 1078 fui,
1063 1033 1148 1086 post
1170 1033 1435 1072 Pharsalicum
1459 1044 1589 1072 autem
1610 1033 1793 1086 praelium
1814 1033 1900 1071 sua-

506 1100 565 1138 sor
586 1099 741 1138 fuiffem
761 1114 961 1137 armorum
984 1113 1062 1138 non
1084 1100 1408 1152 deponendorum
1424 1130 1434 1145 ,
1467 1100 1530 1137 sed
1560 1099 1873 1152 abjiciendorum
1889 1129 1900 1144 ,

505 1164 613 1204 hunc
634 1166 680 1203 ad
702 1179 829 1204 meam
850 1167 1121 1203 auctoritatem
1144 1179 1223 1203 non
1244 1166 1358 1218 potui
1378 1165 1568 1203 adducere
1584 1195 1594 1210 ‚
1627 1165 1734 1218 quod
1755 1174 1793 1203 et
1821 1165 1902 1217 ipse

505 1232 662 1270 ardebat
683 1232 809 1270 studio
830 1232 947 1285 ipfius
971 1232 1087 1277 belli,
1120 1241 1158 1270 et
1179 1233 1279 1284 patri
1302 1232 1620 1270 satisfaciendum
1641 1231 1713 1269 effe
1734 1231 1900 1269 arbitra-

506 1298 633 1336 batur.
682 1298 796 1336 Felix
818 1297 886 1335 ista
906 1297 1046 1335 domus
1062 1327 1073 1342 ‚
1106 1312 1192 1350 quae
1213 1312 1291 1335 non
1313 1298 1595 1350 impunitatem
1616 1297 1744 1334 solum
1763 1296 1903 1349 adepta

505 1365 565 1410 fit,
597 1364 660 1403 sed
681 1366 799 1403 etiam
820 1363 1025 1402 accusandi
1046 1364 1275 1402 licentiam:
1308 1364 1557 1402 calamitosus
1579 1364 1806 1416 Dejotarus‚
1829 1363 1901 1415 qui

504 1440 543 1469 et
563 1431 610 1469 ab
632 1445 700 1477 eo,
733 1432 803 1484 qui
823 1431 865 1469 in
886 1430 1024 1468 iisdem
1045 1429 1176 1468 castris
1196 1429 1317 1468 fuerit
1332 1461 1343 1476 ,
1376 1444 1456 1468 non
1476 1429 1596 1468 modo
1617 1429 1720 1482 apud
1743 1438 1779 1467 te
1793 1458 1805 1474 ,
1837 1428 1902 1467 sed

505 1498 623 1536 etiam
639 1511 660 1535 a
680 1497 771 1543 suis,
790 1496 1004 1535 accusetur.
1024 1497 1106 1534 Vos
1127 1496 1249 1534 vestra
1269 1497 1436 1535 secunda
1454 1496 1627 1541 fortuna,
1647 1494 1797 1541 Castor,
1820 1509 1900 1534 non

503 1564 661 1617 potestis
683 1564 761 1601 fine
781 1564 1099 1617 propinquorum
1120 1563 1341 1602 calamitate
1361 1563 1434 1602 effe
1453 1562 1632 1602 contenti
1652 1564 1664 1600 ?

559 1631 633 1669 XI.
667 1631 752 1667 Sint
773 1630 859 1667 sane
880 1629 1117 1675 inimicitiae,
1140 1644 1227 1682 quae
1248 1629 1320 1667 effe
1341 1643 1420 1668 non
1442 1629 1651 1667 debebant.
1685 1629 1773 1667 Rex
1793 1628 1902 1666 enim

504 1697 713 1749 Dejotarus
734 1696 898 1734 vestram
918 1695 1113 1734 familiam
1133 1696 1324 1748 abjectam
1344 1705 1383 1734 et
1403 1695 1609 1734 obscuram
1629 1708 1649 1733 e
1667 1694 1837 1733 tenebris
1859 1694 1900 1732 in

502 1763 635 1800 lucem
654 1762 843 1800 evocavit.
870 1761 971 1813 Qis
994 1770 1109 1800 tuum
1129 1771 1281 1814 patrem
1301 1771 1404 1807 ante,
1428 1762 1497 1814 qui
1518 1761 1623 1806 effet,
1647 1774 1765 1814 quam
1786 1761 1899 1813 cujus

503 1842 622 1881 gener
641 1828 746 1872 esset,
778 1826 927 1864 audivit
946 1828 958 1864 ?
992 1827 1080 1871 Sed,
1113 1828 1292 1878 quamvis
1314 1828 1466 1879 ingrate
1486 1837 1525 1864 et
1545 1828 1668 1879 impie
1690 1826 1898 1864 neceflitu-

504 1880 616 1932 dinis*
641 1907 785 1931 nomen
818 1892 1081 1944 repudiaritis,
1115 1901 1246 1930 tamen
1279 1893 1510 1930 inimicitias
1543 1891 1756 1930 hominurn
1789 1904 1899 1929 more

503 1974 633 2013 gerere
654 1959 840 2012 poteratis
856 1989 867 2005 ,
899 1972 979 1997 non
1000 1958 1092 1997 ficto
1113 1948 1280 1997 crimine
1301 1959 1477 1997 insectari
1492 1988 1502 2004 ‚
1535 1972 1615 1996 non
1636 1966 1817 2011 expetere
1835 1957 1899 1996 vi-

505 2036 599 2072 tam,
623 2040 701 2064 non
722 2026 861 2078 capitis
882 2024 1076 2064 arceffere.
1101 2024 1219 2063 Esto:
1243 2025 1481 2063 concedatur
1500 2023 1584 2064 haec
1606 2037 1766 2077 quoque
1786 2037 1897 2062 acer-

504 2093 638 2131 bitatis
659 2101 697 2130 et
718 2092 799 2129 odii
820 2091 1068 2144 magnitudO.
1100 2090 1279 2137 Adeone,
1303 2101 1346 2129 ut
1366 2092 1485 2130 etiam
1506 2090 1641 2128 omnia
1659 2090 1763 2135 vitae‚
1795 2089 1898 2128 salu-

505 2159 632 2211 tisque
647 2158 887 2203 communis,
906 2167 1023 2210 atque
1039 2157 1157 2195 etiam
1174 2156 1447 2203 humanitatis,
1459 2158 1550 2210 jura
1564 2156 1785 2195 violentur?
1810 2156 1898 2194 Ser-

504 2240 599 2264 vum
620 2225 828 2263 sollicitare
848 2225 997 2269 verbis,
1031 2224 1094 2277 spe
1115 2224 1384 2277 promiffisque
1405 2237 1676 2277 corrumpere,
1708 2222 1899 2262 adducere

504 2293 670 2331 domum
687 2321 697 2336 ‚
729 2299 865 2330 contra
892 2291 1102 2329 dominum
1124 2304 1297 2337 armare;
1330 2290 1407 2329 hoc
1429 2291 1481 2329 est
1495 2320 1506 2336 ,
1539 2304 1619 2329 non
1640 2290 1710 2328 uni
1730 2289 1897 2342 propin-

503 2372 598 2411 quo,
622 2358 684 2396 sed
705 2358 892 2396 omnibus
913 2355 1093 2402 familiis,
1112 2356 1263 2394 bellum
1285 2356 1480 2396 nefarium
1500 2356 1686 2395 indicere.
1706 2356 1814 2394 Nam
1830 2354 1900 2393 ista

505 2425 728 2478 corruptela
743 2424 854 2469 servi,
873 2424 899 2462 fi
916 2437 995 2462 non
1016 2422 1136 2461 modo
1157 2423 1356 2476 impunita
1375 2423 1510 2469 fuerit,
1533 2422 1597 2461 sed
1617 2422 1736 2461 etiam
1752 2435 1773 2459 a
1791 2429 1899 2460 tanta

504 2492 732 2531 auctoritate
758 2490 998 2545 approbata,
1030 2489 1133 2530 nulli
1163 2490 1327 2543 parietes
1361 2490 1530 2530 nostram
1557 2488 1747 2534 salutem,
1778 2486 1897 2526 nullae
