2076 2860
543 204 1168 246 ·PH1L1PP1CA
1246 207 1323 246 111.
1580 222 1654 260 343

254 310 409 365 populo
443 307 627 347 Romano
661 308 954 354 consentiente,
989 308 1137 346 erimus
1179 307 1355 361 profecto
1389 307 1510 346 liberi
1549 308 1658 347 brevi

256 387 452 431 tempore.
487 375 776 428 Jucundiorem
805 384 938 414 autem
969 374 1088 414 faciet
1117 374 1343 414 libertatem
1370 374 1566 414 servitutis
1595 390 1657 414 re-

254 443 450 482 cordatio.

251 524 257 530 ·
315 510 409 549 XV.
443 510 552 561 Qas
583 509 635 546 ob
663 521 736 554 res,
769 508 876 562 quod
903 508 1056 546 tribuni
1083 508 1210 561 plebis
1239 507 1356 546 verba
1386 508 1582 555 fecerunt,
1615 519 1659 547 ut

194 570 197 571 ⁷
251 576 412 615 {enatus
435 576 623 614 Kalendis
640 577 835 627 januariis
858 585 944 614 tuto
966 574 1116 620 haberi,
1140 575 1419 627 sententiaeque
1439 576 1486 614 de
1507 577 1661 615 summa

258 642 465 694 republica
484 642 607 680 libere
624 642 703 679 dici
723 642 892 694 possint;
917 642 962 679 de
979 655 1022 679 ea
1037 655 1075 679 re
1094 641 1147 679 ita
1162 641 1314 686 censeo,
1334 648 1363 664 “
1380 643 1438 679 Ut
1455 643 1504 681 C.
1523 643 1656 688 Pansa,

261 715 291 730 ‘⁶
312 710 366 746 A.
391 709 566 753 Hirtius,
588 708 767 746 consules
789 708 991 760 defignati,
1015 707 1109 745 dent
1130 721 1303 760 operam,
1336 717 1380 745 ut
1401 708 1552 746 senatus
1576 709 1657 746 Ka-

262 774 440 812 “lendis
470 775 664 825 Januariis
701 784 788 812 tuto
822 773 958 811 haberi
992 773 1134 826 poffit:
1172 773 1358 825 quodque
1390 774 1565 812 edictum
1601 776 1656 814 D.

261 846 291 862 “
315 840 443 885 Bruti,
476 840 737 892 imperatoris,
770 839 941 877 consulis
969 838 1172 891 defignati,
1205 840 1356 891 optime
1383 839 1430 877 de
1458 840 1662 892 republica

260 913 291 929 “
313 907 461 951 meriti,
492 907 738 959 propofitum
760 907 819 951 fit,
843 906 1020 944 senatum
1040 906 1274 951 existimare,
1298 907 1352 944 D.
1369 907 1554 952 Brutum,
1578 908 1659 945 im-

259 978 292 995 “
313 980 547 1024 peratorem,
563 972 766 1010 consulem
781 972 1040 1024 designatum,
1055 972 1207 1024 optime
1221 971 1267 1009 de
1283 972 1487 1025 republica
1502 974 1658 1020 mereri,

261 1044 291 1060 “
313 1051 407 1075 cum
427 1037 580 1075 senatus
597 1038 884 1082 auctoritatem,
903 1038 1122 1090 populique
1139 1039 1312 1076 Romani
1333 1038 1557 1077 libertatem
1578 1039 1658 1078 im-

258 1109 292 1125 “
312 1103 562 1156 periumque,
585 1102 783 1141 defendat.
808 1103 1010 1156 Qodque
1033 1103 1207 1142 Galliam
1228 1105 1474 1156 provinciam
1495 1105 1658 1143 citerio-

259 1175 292 1192 ‘⁶
313 1183 411 1215 rem,
443 1169 690 1223 optimorum
717 1179 756 1208 et
782 1168 1085 1208 fortiffimorurn
1111 1170 1303 1216 virorum,
1335 1171 1660 1210 amicissimorum

259 1240 292 1257 “
313 1234 464 1286 populo
485 1236 669 1273 Romano
690 1235 855 1280 civium,
887 1236 1187 1288 exercitumque
1216 1236 1257 1273 in
1291 1235 1443 1274 senatus
1472 1236 1660 1289 potestate

262 1307 292 1323 “
314 1301 504 1346 retineat,
536 1300 577 1338 id
609 1315 701 1339 eum
733 1301 1032 1353 exercitumque
1063 1303 1173 1354 ejus,
1205 1303 1451 1355 municipia,
1483 1304 1660 1342 colonias

260 1373 293 1390 “
313 1368 526 1420 provinciae
543 1367 699 1413 Galliae,
718 1369 818 1406 reete
834 1377 950 1420 atque
966 1368 1117 1414 ordine,
1135 1382 1262 1421 exque
1279 1369 1495 1422 republica,
1513 1370 1658 1415 fecisse,

260 1438 292 1455 “
314 1442 354 1470 et
372 1432 513 1472 facere.
538 1433 725 1471 Senatum
745 1433 792 1471 ad
813 1433 1008 1472 summam
1030 1434 1533 1487 rempublicamlpertinere
1553 1436 1660 1474 arbi-

259 1505 293 1522 “
315 1499 421 1544 trad,
453 1513 475 1537 a
500 1500 554 1538 D.
580 1500 703 1537 Bruto
731 1509 769 1537 et
789 1500 836 1537 ab
859 1501 908 1538 L.
934 1500 1095 1544 Planco,
1128 1501 1448 1552 imperatoribus,
1483 1501 1658 1539 consuli-

259 1572 292 1589 “
315 1566 388 1604 bus
410 1566 632 1618 defignatis,
665 1567 843 1619 itemque
869 1580 890 1604 a
915 1567 1079 1611 caeteris,
1112 1567 1181 1618 qui
1209 1567 1430 1619 provincias
1458 1568 1658 1613 obtinent,

262 1639 292 1655 “
314 1630 486 1670 obtineri
517 1646 565 1670 ex
597 1633 683 1685 lege
715 1633 846 1684 Julia,
879 1633 1008 1686 quoad
1040 1647 1088 1671 ex
1120 1633 1480 1672 senatus-consulto
1515 1635 1661 1687 cuique

263 1704 293 1720 “
315 1711 453 1736 eorum
482 1698 697 1736 succefl‘um
724 1699 798 1743 s1t;
830 1699 972 1751 eosque
993 1698 1081 1736 dare
1101 1712 1274 1752 operam,
1308 1708 1352 1737 ut
1372 1713 1424 1738 eae
1444 1700 1660 1752 provinciae

264 1770 293 1786 “
315 1763 588 1817 exercitusque
614 1765 656 1802 in
686 1765 838 1803 senatus
859 1765 1079 1818 populique
1100 1766 1273 1803 Romani
1294 1765 1496 1818 potestate,
1530 1766 1659 1818 praefi-

265 1837 293 1853 “
316 1830 461 1883 dioque
489 1831 716 1882 reipublicae
738 1832 824 1869 fint.
860 1833 1046 1885 Cumque
1068 1845 1197 1884 opera,
1230 1833 1390 1878 virtute,
1422 1832 1585 1870 confilio
1608 1834 1658 1871 C.

260 1903 292 1919 “‘
316 1897 489 1942 Caesaris,
511 1897 746 1951 summoque
767 1897 953 1936 consensu
975 1898 1153 1936 militum
1174 1907 1462 1943 veteranorum,
1486 1899 1555 1951 qui
1576 1900 1660 1951 ejus

259 1969 294 1985 ⁴‘
315 1964 587 2002 auctoritatem
607 1964 730 2002 secuti
751 1964 979 2016 reipublicae
1000 1964 1174 2017 praefidio
1196 1965 1300 2010 sunt,
1323 1974 1361 2002 et
1383 1964 1558 2010 fuerunt,
1582 1974 1620 2003 et
1641 1978 1662 2003 a

262 2035 294 2051 ‘⁵
315 2030 545 2081 graviffimis
574 2031 761 2083 periculis
789 2031 961 2083 populus
991 2032 1196 2069 Romanus
1230 2030 1410 2069 defensus
1432 2031 1491 2076 fit,
1523 2041 1562 2069 et
1582 2031 1661 2070 hoc

262 2100 294 2117 “
318 2104 493 2148 tempore
513 2095 769 2134 defendatur:
803 2110 975 2149 cumque
995 2097 1100 2149 legio
1122 2098 1269 2135 Martia
1288 2098 1404 2135 Albae
1424 2097 1658 2144 constiterit,

264 2161 356 2198 “in
389 2162 612 2214 municipio
647 2162 868 2200 fideliffimo
902 2172 940 2200 et
974 2162 1209 2209 fortiffimo,
1241 2163 1396 2216 seseque
1427 2164 1474 2201 ad
1507 2164 1658 2202 senatus

264 2232 294 2248 ‘⁴
316 2227 602 2271 auetoritatem,
621 2227 838 2280 populique
855 2229 1028 2267 Romani
1044 2229 1283 2276 libertatem,
1299 2230 1532 2268 contulerit:
1553 2229 1660 2281 quod

267 2298 295 2314 “
316 2292 400 2345 pari
431 2293 594 2331 confilio
623 2293 836 2347 eademque
865 2296 1010 2334 virtute
1040 2296 1144 2348 legio
1174 2306 1311 2348 quarta
1339 2296 1417 2341 usa,
1450 2297 1499 2334 L.
1525 2297 1659 2348 Egna-

265 2364 295 2380 “
318 2358 441 2396 tuleio
472 2358 585 2404 duce,
618 2360 702 2397 cive
733 2360 905 2412 egregio,
937 2361 1088 2400 senatus
1121 2363 1408 2405 auctoritatem,
1440 2362 1660 2413 populique

267 2429 295 2446 “
318 2424 490 2462 Romani
512 2424 749 2472 libertatem,
772 2424 970 2474 defendat,
996 2441 1039 2466 ac
1061 2426 1304 2467 defenderit:
1338 2426 1485 2465 senatui
1506 2439 1657 2479 magna:
