2076 2860
560 149 697 189 PRO
759 149 808 187 L.
871 146 1086 187 CORN.
1148 145 1396 184 BALBO„
1612 158 1681 198 131

331 256 483 307 Atque,
501 261 546 291 ut
565 265 640 304 ego
661 250 800 296 sentio,
818 249 997 302 Judices‚
1019 248 1132 287 causa
1152 247 1256 286 dicta
1274 247 1327 286 est
1350 246 1539 300 temporis
1561 246 1687 299 magis

276 320 390 366 vitio,
416 333 537 373 quam
558 318 680 356 ullius
703 316 884 355 Cornelii
904 315 1074 354 crimine
1093 330 1101 353 :
1136 314 1183 352 de
1203 327 1284 366 quo
1304 314 1418 367 plura
1436 327 1517 351 non
1540 312 1684 350 dicam.

276 388 366 439 Ego
395 386 443 423 de
472 384 593 438 hujus
609 413 620 430 ,
652 383 819 436 inquam
834 412 844 428 ,
877 395 1019 435 genere
1034 380 1181 434 judicii
1201 381 1316 434 plura
1335 393 1415 418 non
1437 379 1581 417 dicam.
1620 378 1689 416 Est

274 453 384 492 enim
399 451 468 505 huj
476 465 520 490 us
537 449 660 490 seculi
677 450 782 488 labes
800 448 980 503 quaedam
994 456 1033 486 et
1048 447 1216 493 macula,
1229 446 1369 485 virtuti
1386 445 1576 491 invidere,
1587 445 1688 483 velle

274 519 407 572 ipsum
427 517 567 557 florem
587 516 794 570 dignitatis
817 514 1048 568 infringere.
1094 514 1260 553 Etenim
1275 543 1285 559 ‚
1319 513 1345 551 fi
1370 514 1448 551 Cn.
1473 512 1687 564 Pompeius

274 584 422 623 abhinc
452 597 574 622 annos
605 583 847 637 quingentos
879 581 1011 620 fuiffet
1040 581 1072 619 is
1103 580 1177 626 vir,
1209 594 1230 617 a
1251 593 1331 632 quo
1352 579 1506 617 senatus
1535 577 1687 616 adoles-

274 651 453 697 centulo,
470 660 589 705 atque
610 650 745 703 equite
762 650 962 693 Romano,
981 647 1079 701 saepe
1095 646 1323 685 communis
1340 645 1474 683 salutis
1492 644 1690 683 auxilium

274 720 478 773 expetisset
495 738 507 765 ;
540 720 654 772 cujus
677 731 735 756 res
757 717 870 770 gestae
891 729 1029 755 omnes
1051 724 1189 768 gentes
1205 743 1216 759 ‚
1249 727 1343 752 cum
1374 713 1582 751 clariffima
1601 712 1687 750 vic-

275 787 401 832 toria,
433 795 535 824 terra
564 784 743 837 marique
773 782 1032 836 peragrassent
1049 801 1060 826 3
1094 781 1208 833 cujus
1240 789 1317 818 tres
1349 777 1549 831 triumphi
1575 777 1688 816 testes

275 853 411 899 effent,
430 861 563 890 totum
583 850 721 889 orbem
744 858 937 887 terrarum
958 847 1090 885 nostro
1110 846 1281 899 imperio
1303 846 1451 890 teneri;
1476 858 1597 898 quem
1614 858 1688 897 po-

275 919 395 973 pulus
412 920 619 957 Romanus
636 915 898 969 singularibus
917 913 1137 952 honoribus
1155 912 1387 950 decorasset:
1408 911 1433 949 fi
1457 925 1564 949 nunc
1585 911 1690 964 apud

275 1000 343 1025 vos
364 985 406 1024 id
420 1015 432 1031 ,
464 983 574 1038 quod
595 983 627 1021 is
649 981 800 1021 feciffet
816 1011 826 1027 ,
859 990 997 1019 contra
1018 979 1148 1018 foedus
1171 978 1321 1017 factum
1343 978 1540 1016 diceretur
1555 1007 1566 1023 ,
1598 978 1689 1031 quis

275 1053 455 1092 audiret?
480 1052 615 1090 Nemo
635 1048 836 1103 profecto:
861 1062 967 1086 mors
989 1047 1099 1085 enim
1115 1060 1210 1085 cum
1231 1044 1458 1084 extinxiffet
1479 1044 1688 1089 invidiam,

275 1133 334 1158 res
355 1120 440 1173 ejus
462 1117 574 1172 gestae
596 1115 827 1170 sempiterni
849 1115 1024 1153 nominis
1046 1113 1173 1167 gloria
1194 1114 1428 1151 niterentur.
1460 1112 1587 1164 Cujus
1609 1112 1689 1164 igi-

276 1196 341 1226 tur
361 1185 495 1225 audita
514 1186 639 1224 virtus
661 1182 905 1222 dubitationi
926 1182 1063 1220 locum
1085 1194 1165 1219 non
1187 1179 1323 1226 daret3
1355 1178 1475 1232 hujus
1497 1178 1662 1231 praesens
1676 1207 1687 1223 ‚

275 1262 451 1307 experta,
483 1261 601 1304 atque
622 1250 834 1304 perspecta,
866 1249 1178 1287 obtrectatorum
1199 1261 1295 1285 voce
1316 1245 1480 1284 laedetur
1499 1246 1512 1283 ?

333 1320 431 1358 VII.
465 1318 667 1357 omittam
687 1317 812 1370 igitur
833 1315 1073 1369 Pompeium
1089 1315 1174 1368 jam
1195 1314 1372 1351 oratione
1393 1326 1481 1350 mea
1507 1311 1660 1364 reliqua
1678 1326 1688 1349 ε

276 1386 342 1425 sed
362 1399 446 1431 vos,
469 1384 647 1437 Judices‚
669 1383 813 1422 animis
834 1396 877 1421 ac
899 1381 1091 1420 memoria
1112 1389 1300 1419 tenetote.
1335 1381 1398 1417 De
1419 1379 1519 1431 lege,
1543 1378 1590 1416 de
1610 1377 1688 1416 foe-

277 1453 368 1492 dere
382 1482 393 1499 ,
426 1452 474 1490 de
493 1451 688 1504 exemplis
702 1480 713 1496 ‚
746 1449 793 1488 de
814 1458 1005 1503 perpetua
1024 1447 1310 1486 consuetudine
1333 1445 1504 1484 civitatis
1526 1444 1663 1483 nostrae
1676 1472 1688 1489 ‚

277 1519 475 1559 renovabo
496 1532 553 1564 ea,
585 1532 672 1571 quae
693 1517 798 1555 dicta
817 1516 908 1554 sunt
926 1531 935 1554 z
969 1514 1072 1553 nihil
1094 1514 1203 1552 enim
1225 1512 1327 1551 mihi
1349 1513 1465 1557 novi,
1498 1510 1602 1549 nihil
1623 1510 1690 1548 in-

278 1585 395 1638 tegri,
427 1598 556 1638 neque
577 1584 642 1622 M.
668 1582 839 1627 Crassus,
870 1581 941 1634 qui
967 1589 1093 1618 totam
1114 1579 1270 1618 causam
1290 1587 1329 1616 et
1349 1591 1421 1631 pro
1441 1576 1631 1615 facultate
1651 1583 1692 1615 et

278 1665 351 1704 pro
372 1650 450 1689 fide
470 1650 537 1688 sua
555 1647 854 1701 diligentiffime
883 1645 996 1684 vobis
1026 1644 1241 1698 explicavit
1257 1674 1268 1690 ,
1301 1657 1430 1697 neque
1460 1644 1539 1682 Cn.
1564 1643 1690 1681 Pom-

279 1718 392 1771 peius
408 1746 418 1763 ,
451 1717 565 1769 cujus
586 1716 711 1754 oratio
733 1713 922 1752 omnibus
944 1711 1187 1751 ornamentis
1209 1710 1424 1749 abundavit
1439 1739 1449 1755 ‚
1481 1708 1529 1747 ad
1550 1708 1690 1747 dicen-

279 1784 376 1822 dum
398 1782 574 1835 reliquit.
623 1780 711 1825 Sed,
744 1779 950 1832 quoniam,
983 1791 1047 1816 me
1072 1776 1288 1822 recusante,
1320 1775 1473 1829 placuit
1493 1775 1690 1812 ambobus

277 1849 457 1888 adhiberi
486 1848 595 1886 hunc
625 1860 646 1884 a
675 1859 739 1884 me
769 1844 876 1898 quafi
906 1842 1155 1898 perpoliendi
1186 1841 1386 1895 quendam
1407 1841 1536 1894 operis
1557 1849 1690 1879 extre-

277 1930 391 1955 mum
412 1915 589 1953 laborem
605 1933 618 1960 5
650 1922 744 1966 peto
764 1925 786 1950 a
806 1911 943 1957 vobis,
976 1920 1021 1950 ut
1042 1924 1106 1949 me
1120 1939 1132 1956 ,
1164 1909 1288 1948 officii
1318 1908 1453 1962 potius
1483 1921 1605 1962 quam
1625 1907 1689 1945 di-

276 1983 393 2022 cendi
413 1982 557 2028 studio,
588 1979 692 2020 hanc
713 1977 917 2032 suscepiffe
936 1991 1097 2031 operam
1118 1990 1162 2015 ac
1182 1989 1330 2015 munus
1350 1975 1516 2028 putetis.

333 2051 395 2089 Ac
416 2049 542 2103 prius,
567 2061 689 2102 quam
710 2046 912 2099 aggrediar
932 2045 980 2083 ad
995 2046 1061 2098 jus
1083 2044 1319 2097 causamque
1341 2042 1536 2088 Cornelii,
1568 2040 1689 2095 quid-

279 2117 369 2155 dam
398 2116 446 2154 de
477 2114 686 2154 communi
719 2111 950 2151 conditione
982 2111 1168 2150 omniurn
1200 2109 1404 2154 nostrum,
1437 2108 1690 2161 deprecandae

279 2182 566 2220 malevolentiae
597 2179 735 2225 causa,
768 2179 939 2217 breviter
971 2176 1371 2216 commemorandum
1403 2175 1574 2214 videtur.
1621 2175 1688 2220 Si,

279 2263 360 2302 quo
389 2249 557 2302 quisque
586 2247 676 2285 loco
706 2246 883 2285 nostrum
913 2245 981 2291 est,
1013 2245 1193 2297 Judices‚
1226 2253 1355 2288 natus,
1388 2251 1454 2280 aut
1475 2242 1517 2287 fi,
1550 2243 1591 2279 in
1613 2255 1691 2294 qua

280 2315 440 2354 fortuna
459 2315 513 2352 est
534 2312 716 2352 nascendi
737 2313 854 2351 initio
875 2311 1129 2357 constitutus,
1161 2310 1270 2348 hunc
1293 2310 1381 2348 vitae
1403 2308 1545 2346 statum
1568 2307 1690 2360 usque

280 2381 327 2420 ad
358 2381 597 2419 senectutem
630 2379 810 2418 obtinere
839 2379 985 2424 debet3
1018 2387 1057 2416 et
1079 2377 1105 2415 fi
1126 2390 1279 2421 omneS,
1312 2388 1411 2429 quos
1433 2384 1500 2412 aut
1530 2373 1688 2411 fortuna

282 2448 454 2495 extulit,
485 2456 552 2487 aut
583 2446 757 2499 ipsorum
787 2445 997 2485 illustravit
1018 2444 1128 2483 labor
1148 2452 1187 2482 et
1207 2441 1421 2486 industria,
1453 2453 1570 2494 poena
1599 2439 1688 2478 sunt

1298 2508 1335 2545 R
1369 2519 1390 2545 2
