2076 2860
708 217 849 255 PRo
916 216 962 255 P.
1025 215 1317 254 SEXTIO.
1674 230 1724 269 39

313 317 377 356 his
410 316 690 356 Macedoniam
722 325 760 354 et
792 314 1035 369 spoliandam
1074 315 1299 360 tradidifi‘e3
1333 315 1584 369 eundemque
1617 317 1721 356 bona

314 384 555 422 creditorum
574 414 585 430 ,
622 383 773 422 civium
809 384 1086 421 Romanorum
1105 413 1115 427 ,
1153 396 1247 420 cum
1283 383 1530 422 debitoribus
1566 385 1717 423 Graecis

313 450 504 496 divififfe,
538 464 677 503 cogere
709 449 895 503 pecunias
929 449 1121 487 maximas
1155 463 1175 487 a
1204 449 1519 502 Dyrrhachinis,
1552 451 1716 504 spoliare

313 516 533 563 Theffalos,
557 526 705 555 certam
726 515 884 555 Achaeis
906 516 947 554 in
969 528 1091 554 annos
1114 516 1286 569 singulos
1308 517 1519 569 pecuniam
1541 518 1712 570 impera-

311 582 404 621 viffe
422 613 433 629 ,
466 597 594 636 neque
616 593 747 621 tamen
770 583 853 621 ullo
875 583 916 620 in
937 582 1103 635 publico
1123 593 1190 620 aut
1210 583 1393 635 religioso
1414 583 1503 621 loco
1525 584 1679 636 fignum
1697 616 1711 632 ,

311 659 379 688 aut
411 650 603 696 tabulam,
635 660 703 688 aut
734 660 1029 694 ornamentum,
1062 649 1290 702 reliquisse?
1323 650 1412 688 Hos
1446 651 1496 688 fic
1529 651 1710 698 illudere,-

312 716 459 768 quibus
480 730 598 755 omn-e
620 716 878 769 supplicium,
910 725 1028 768 atque
1050 712 1287 767 omnis'jure
1308 716 1463 768 optimo
1484 731 1614 769 poena,
1642 719 1711 757 de-

312 782 455 828 betur3
489 797 573 821 reos
594 782 666 820 effe
687 782 759 820 hos
782 782 879 820 duos
893 812 904 827 ,
937 795 1036 834 quos
1057 781 1199 819 videtis
1220 783 1232 819 ?
1268 782 1428 820 Omitto
1443 783 1527 835 jam
1551 785 1713 823 Nume-

312 848 433 893 rium,
457 850 679 893 Serranum,
703 849 873 893 AElium,
904 847 1136 900 quisquilias
1159 847 1361 886 seditionis
1385 849 1614 888 Clodianae:
1649 851 1712 888 sed

313 923 445 952 tamen
466 914 509 952 hi
531 928 691 967 quoque
712 915 831 952 etiam
853 927 960 952 nunc
982 914 1151 951 volitant
1168 944 1178 959 ,
1213 924 1257 952 ut
1277 915 1419 953 videtis
1438 936 1449 960 ς
1484 930 1555 954 nec
1570 947 1581 962 ,
1615 917 1715 955 dum

310 992 379 1017 vos
401 979 447 1017 de
469 980 579 1018 vobis
601 979 754 1033 aliquid
775 980 985 1026 timebitis,
1010 980 1070 1018 illi
1093 994 1270 1033 unquam
1292 981 1338 1018 de
1360 981 1395 1019 se
1417 983 1711 1034 pertimescent.

366 1046 520 1085 XLIV.
553 1046 662 1085 Nam
683 1046 781 1099 quid
802 1061 875 1099 ego
896 1046 943 1084 de
965 1047 1076 1085 aedile
1097 1047 1180 1100 ipso
1202 1047 1355 1100 loquar,
1374 1049 1443 1101 qui
1466 1050 1583 1087 etiam
1607 1050 1714 1088 diem

310 1111 428 1158 dixit,
457 1121 496 1150 et
516 1112 710 1151 accusavit
731 1113 778 1151 de
799 1114 837 1151 vi
859 1113 1061 1152 Milonem
1079 1115 1092 1152 ?
1124 1114 1270 1166 Neque
1290 1113 1357 1152 hic
1380 1125 1510 1153 tamen
1534 1116 1614 1154 ulla
1636 1130 1713 1154 un-

311 1192 432 1232 quam
453 1179 598 1231 injuria
617 1178 847 1225 adducetur,
880 1188 924 1217 ut
945 1193 1037 1217 eum
1060 1180 1128 1217 tali
1150 1180 1296 1218 virtute
1319 1190 1504 1234 tantaque
1525 1181 1713 1220 firmitate

311 1245 435 1283 animi
455 1245 492 1283 se
513 1246 554 1283 in
576 1245 867 1298 rempublicam
888 1244 1001 1284 fuiffe
1021 1247 1238 1299 poeniteat:
1263 1246 1340 1292 sed,
1365 1248 1434 1300 qui
1456 1247 1539 1286 haec
1560 1249 1710 1294 vident,

311 1311 589 1358 adolescentes,
613 1327 788 1365 quonam
810 1313 892 1351 suas
914 1323 1066 1351 mentes
1089 1312 1295 1351 conferent
1315 1315 1327 1351 ?
1361 1315 1449 1359 Ille,
1473 1316 1543 1367 qui
1565 1330 1712 1353 monu-

315 1387 448 1417 menta
466 1379 628 1432 publica
642 1409 653 1425 ,
686 1380 756 1432 qui
778 1380 876 1418 aedes
899 1379 1018 1418 sacras
1033 1410 1044 1425 ,
1078 1381 1147 1433 qui
1179 1381 1318 1418 domos
1340 1381 1600 1420 inimicorum
1621 1383 1711 1420 suo—

312 1457 416 1489 rum,
439 1446 698 1498 oppugnavit,
716 1445 880 1491 excidit,
899 1445 1091 1491 incendit,
1111 1447 1181 1498 qui
1197 1446 1360 1498 stipatus
1382 1447 1532 1500 semper
1553 1449 1710 1494 ficariis,

313 1510 442 1563 septus
464 1512 622 1550 armatis
638 1541 649 1557 ,
682 1513 862 1550 munitus
894 1512 1094 1550 indicibus
1125 1512 1203 1550 fuit
1219 1543 1228 1557 ‚
1263 1527 1435 1565 quorum
1460 1513 1579 1552 hodie
1601 1517 1714 1567 copia

313 1577 518 1622 redundat,
542 1579 611 1630 qui
632 1589 670 1616 et
692 1581 939 1631 peregrinam
960 1593 1125 1616 manum
1146 1578 1458 1617 facinorosorum
1481 1583 1711 1626 concitavit,

313 1652 351 1679 et
373 1642 498 1680 servos
520 1643 567 1679 ad
588 1644 735 1680 caedem
756 1643 917 1680 idoneos
939 1644 1052 1687 emit,
1079 1652 1118 1680 et
1139 1643 1178 1680 in
1203 1645 1406 1682 tribunatu
1429 1659 1625 1684 carcerem
1648 1657 1710 1684 to-

313 1718 401 1746 tum
422 1709 465 1746 in
485 1707 619 1746 forum
640 1708 796 1754 effudit,
828 1710 967 1746 volitat
990 1710 1113 1747 aedilis
1131 1729 1142 1754 3
1175 1711 1329 1748 accusat
1350 1725 1456 1757 eum,
1490 1714 1559 1764 qui
1581 1714 1713 1766 aliqua

312 1788 360 1812 ex
381 1784 489 1827 parte
510 1775 593 1826 ejus
615 1773 791 1812 furorem
812 1775 1058 1812 exultantem
1081 1776 1253 1827 repreffit
1272 1792 1280 1814 :
1314 1775 1396 1822 hic,
1420 1779 1489 1830 qui
1512 1778 1548 1816 se
1568 1779 1622 1816 est
1644 1790 1713 1817 tn·-

313 1850 414 1878 tatus
437 1840 502 1885 fic,
535 1850 579 1878 ut
600 1841 640 1877 in
663 1842 812 1893 privata
833 1855 872 1878 re
895 1841 1001 1878 Deos
1025 1851 1182 1893 penates
1205 1841 1307 1887 suos,
1339 1843 1379 1880 in
1402 1838 1605 1896 republica
1621 1847 1712 1898 jura

310 1907 535 1946 tribunatus
567 1907 840 1960 auspiciaque,
874 1907 1128 1954 defenderet,
1162 1910 1338 1948 accusare
1370 1924 1463 1948 eum
1496 1912 1710 1959 moderate,

310 1987 331 2011 a
363 1988 443 2027 quo
475 1973 555 2028 ipse
587 1973 733 2013 nefarie
765 1974 994 2021 accusatur,
1031 1989 1100 2028 per
1132 1975 1284 2014 senatus
1320 1978 1595 2017 auctoritatem
1631 1994 1712 2018 non

311 2039 365 2078 est
386 2041 493 2079 fitus.

366 2107 576 2145 Nimirum
597 2106 674 2145 hoc
696 2107 796 2145 illud
817 2107 884 2152 est,
913 2108 1020 2160 quod
1042 2108 1088 2146 de
1110 2123 1173 2146 me
1195 2109 1440 2161 potiffimum
1465 2121 1503 2148 tu
1527 2111 1567 2149 in
1590 2125 1714 2150 ⁸acm«

311 2173 457 2211 satione
477 2174 641 2225 quaefisti
656 2203 667 2219 ,
700 2189 786 2226 quae
816 2174 906 2212 effet
932 2175 1059 2213 nostra
1081 2177 1187 2214 natio
1209 2177 1466 2229 optimatium
1487 2193 1494 2215 :
1529 2179 1579 2216 fic
1600 2180 1710 2218 enim

310 2238 457 2277 dixisti.
492 2241 595 2277 Rem
628 2242 767 2292 quaeris
798 2242 1022 2294 praeclaram
1048 2243 1252 2294 juventuti
1282 2243 1328 2280 ad
1359 2243 1604 2289 discendum,
1639 2260 1710 2284 nec

311 2305 413 2343 mihi
435 2306 641 2345 difficilem
662 2308 708 2345 ad
730 2309 1039 2360 perdocendum.
1074 2310 1136 2347 De
1161 2324 1238 2361 qua
1266 2324 1403 2362 pauca,
1436 2312 1612 2362 Judices‚
1645 2313 1725 2350 dis

311 2385 426 2415 cam3
460 2382 523 2416 et,
556 2383 599 2410 ut
629 2374 821 2420 arbitror,
855 2389 927 2413 nec
959 2375 1006 2412 ab
1029 2376 1202 2413 utilitate
1223 2390 1386 2422 eorum,
1420 2378 1489 2429 qui
1519 2378 1706 2423 audient,

311 2452 383 2477 nec
414 2438 461 2475 ab
492 2439 624 2477 officio
655 2441 798 2486 nostro,
831 2455 903 2480 nec
933 2442 981 2480 ab
1008 2442 1088 2494 ipsa
1108 2442 1218 2480 causa
1240 2443 1284 2481 P.
1310 2445 1447 2490 Sextii,
1480 2443 1718 2483 abhorrebit*

312 2505 435 2545 oratio
457 2519 556 2544 mea.
