2076 2860
629 175 1207 216 PHILIPPICA
1283 175 1361 214 111.
1621 193 1695 231 339

296 281 360 319 M.
386 280 489 325 Piso,
520 292 632 318 meus
665 279 910 323 neceffarius,
942 286 982 316 et
1014 277 1073 315 vir
1103 287 1143 316 et
1174 277 1271 316 civis
1304 278 1500 331 egregius,
1532 279 1696 332 parique

295 346 524 384 innocentia
555 346 619 384 M.
643 344 844 390 Vehilius,
877 345 1029 382 senatus
1051 344 1273 382 auctoritati
1297 343 1334 382 se
1354 346 1697 398 obtemperaturos⁴

294 413 368 451 effe
388 413 588 451 dixerunt.

349 478 461 530 Qid
481 492 555 531 ego
576 479 623 516 de
646 479 693 517 L.
719 479 851 516 Cinna
870 477 1041 530 loquar?
1073 478 1186 529 cujus
1219 477 1387 530 spectata
1413 477 1551 515 multis
1577 491 1690 530 mag-

292 545 430 598 nisque
464 545 581 583 rebus
621 544 825 596 singularis
864 544 1069 595 integritas
1109 543 1242 581 minus
1282 543 1556 582 admirabilem
1595 545 1693 583 fecit

290 609 411 662 hujus
432 609 691 648 honestisfimi
712 608 804 647 facti
824 609 1021 662 gloriam;
1046 608 1116 660 qui
1136 609 1304 646 omnino
1324 609 1570 661 provinciam
1591 624 1691 662 neg-

290 677 416 715 lexit:
450 690 571 730 quam
599 677 696 714 item
717 689 863 728 magno
883 676 1016 714 animo
1042 684 1081 713 et
1107 674 1300 712 constanti
1323 677 1371 713 C.
1397 675 1549 713 Cestius
1571 690 1691 729 repu-

291 742 428 781 diavit.
473 743 556 794 Qi
585 742 675 780 sunt
699 742 822 794 igitur
843 742 1001 794 reliqui,
1033 754 1134 793 quos
1154 741 1234 778 sors
1254 741 1387 779 divina
1407 741 1572 779 deleeoet
1591 743 1604 779 ?
1637 744 1687 781 L.

292 808 509 854 Antonius,
542 817 580 846 et
602 809 665 846 M.
689 808 906 846 Antonius.
941 808 978 845 O
1001 807 1161 845 felicem
1182 807 1421 859 utrumque!
1455 805 1560 845 nihil
1581 809 1695 847 enim»

291 875 532 913 maluerunt.
557 875 605 913 C.
626 875 827 912 Antonius
849 873 1144 911 Macedoniam.
1178 873 1303 911 Hunc
1324 887 1483 926 quoque
1503 873 1686 913 felicem!

268 940 393 979 ,hanc
422 942 533 979 enim
564 941 716 993 semper
747 940 917 978 habebat
948 941 989 978 in
1021 954 1087 978 ore
1118 940 1379 993 provinciam.
1423 941 1471 978 C.
1497 941 1688 979 Calvifius

289 1007 485 1045 Africam.
520 1006 639 1046 Nihil
660 1006 843 1045 felicius:
877 1007 998 1045 modo
1025 1007 1133 1044 enim
1153 1020 1202 1044 ex
1223 1006 1361 1044 Africa
1381 1006 1599 1052 decesserat,
1631 1016 1685 1053 et,

289 1073 395 1126 quafi
431 1073 609 1111 divinans
645 1073 681 1110 se
712 1073 948 1118 rediturum,
980 1072 1078 1110 duos
1114 1073 1262 1124 legatos
1298 1073 1428 1111 Uticae
1460 1073 1689 1126 reliquerat.-

288 1136 447 1177 Deinde
467 1140 531 1178 M.
548 1139 678 1178 Iccius
702 1139 892 1184 Siciliam,
915 1138 1136 1190 QCaffius
1159 1138 1407 1191 Hispaniam.
1433 1140 1527 1177 Non
1545 1138 1686 1184 habeo,

289 1205 390 1259 quid
408 1205 578 1258 suspicer
596 1221 604 1244 :
639 1205 805 1243 duarum
832 1204 948 1243 credo
973 1204 1268 1257 provinciarum
1287 1204 1407 1242 sortes
1428 1205 1562 1243 minus
1583 1205 1691 1243 divi-2·

290 1285 358 1310 nas
379 1271 507 1310 fuisse.

345 1339 421 1377 XI.
456 1339 493 1376 O
524 1340 573 1377 C.
598 1338 737 1383 Caesar,
773 1337 1077 1390 (adolescentem
1104 1336 1278 1390 appello)
1308 1351 1430 1389 quam
1458 1346 1501 1376 tu
1522 1338 1688 1379 salutem

289 1403 518 1457 reipublicae
550 1404 747 1442 attulisti?
780 1417 899 1456 quam
934 1403 1220 1456 improvisam?
1252 1417 1373 1456 quam
1404 1405 1685 1457 repentinam?

288 1470 374 1522 Qi
394 1470 502 1508 enim
522 1469 606 1508 haec
627 1469 786 1522 fugiens
807 1468 959 1514 fecerit,
977 1468 1075 1522 quid
1095 1467 1240 1506 faceret
1261 1469 1468 1522 insequens
1485 1471 1499 1507 ?
1522 1471 1689 1509 Etenim

288 1537 331 1574 in
360 1537 553 1575 concione
585 1536 750 1581 dixerat,
783 1536 819 1574 se
851 1535 1052 1574 custodem
1084 1534 1169 1573 fore
1199 1534 1308 1573 urbis
1326 1555 1338 1581 ;
1372 1536 1494 1588 usque
1524 1537 1571 1574 ad
1602 1537 1686 1575 Ka-

289 1602 423 1640 lendas
456 1603 584 1640 Maias
616 1602 663 1639 ad
696 1603 836 1640 urbem
863 1602 1082 1640 exercitum
1109 1600 1356 1639 habiturum.
1396 1602 1432 1639 O
1454 1602 1686 1654 praeclarum

288 1669 491 1708 custodem
511 1669 662 1715 ovium,
694 1678 739 1707 ut
759 1669 883 1714 aiunt,
915 1668 1082 1722 lupum!
1117 1667 1306 1706 Custosne
1327 1668 1450 1712 urbis,
1482 1681 1530 1706 an
1551 1668 1685 1722 direp-

289 1745 356 1774 tor
375 1745 415 1774 et
434 1745 607 1781 vexator,
640 1736 731 1774 effet
752 1737 987 1774 Antonius?
1019 1736 1073 1773 Et
1102 1734 1265 1787 quidem
1295 1734 1331 1772 se
1360 1732 1618 1773 introiturum
1643 1738 1685 1774 in

288 1802 428 1840 urbem
459 1801 574 1847 dixit,
607 1803 903 1854 exiturumque,
936 1815 1029 1839 cum
1058 1800 1192 1839 vellet.
1231 1800 1342 1852 Qid
1371 1800 1504 1838 illud?
1537 1814 1682 1847 nonne,

288 1868 471 1906 audiente
491 1868 655 1921 populo,
688 1868 822 1906 sedens
842 1881 914 1921 pro
934 1867 1013 1906 aede
1036 1866 1204 1906 Castoris
1226 1866 1343 1912 dixit,
1375 1867 1446 1905 nifi
1467 1868 1536 1920 qui
1566 1868 1685 1907 vicis-
1747 1854 1754 1881 ι·

289 1933 358 1979 set,
390 1935 589 1972 victurum
609 1935 811 1972 neminem
829 1935 844 1972 ?

345 1999 554 2038 Hodierno
583 2001 647 2038 die
676 2001 868 2053 primurn,
902 2001 1034 2038 Patres
1064 1998 1292 2051 conscripti,
1324 1998 1446 2050 longo
1478 1999 1686 2038 intervallo

290 2066 331 2104 in
352 2066 621 2119 poffeffionem
640 2067 835 2105 libertatis
856 2067 996 2120 pedem
1017 2068 1204 2120 ponimus
1224 2082 1231 2104 :
1265 2066 1378 2118 cujus
1411 2066 1575 2118 quidem
1595 2080 1682 2119 ego,

288 2133 420 2184 quoad
448 2134 576 2185 potui,
609 2147 689 2171 non
710 2132 832 2171 modo
850 2132 1043 2179 defensor,
1076 2133 1139 2172 sed
1168 2133 1288 2170 etiam
1317 2132 1575 2178 conservator,
1608 2133 1681 2171 fui.

291 2199 399 2236 Cum
418 2209 550 2237 autem
571 2199 611 2237 id
632 2199 757 2238 facere
779 2213 857 2238 non
879 2200 1040 2253 pofl‘em,
1063 2200 1218 2253 quievi:
1242 2213 1314 2237 nec
1334 2199 1495 2251 abjecte,
1519 2213 1590 2237 nec
1608 2200 1686 2237 fine

287 2264 419 2316 aliqua
439 2264 645 2317 dignitate,
663 2266 795 2304 casum
816 2266 934 2305 illum
950 2276 1178 2320 temporum
1197 2275 1237 2304 et
1257 2265 1435 2304 dolorem
1452 2265 1540 2303 tuli.
1566 2265 1684 2303 Hanc

289 2342 380 2367 vero
402 2331 643 2369 teterrimam
665 2331 838 2370 belluam
860 2333 948 2385 quis
969 2331 1069 2371 ferre
1086 2332 1223 2385 poffet,
1241 2339 1307 2369 aut
1323 2331 1549 2383 quomodo?
1575 2331 1684 2382 Qid

290 2394 344 2433 est
373 2395 414 2433 in
445 2397 639 2443 Antonio,
672 2407 808 2451 praeter
829 2398 1055 2445 libidinem,
1086 2398 1376 2441 crudelitatem,
1409 2396 1680 2449 petulantiam„

1247 2464 1381 2503 sz
