2076 2860
1020 218 1252 274 [386]

1083 421 1100 458 l
1152 422 1190 458 N

496 612 615 690 M.
724 609 1792 688 ANTONIUM

743 846 1322 888 PHILIPPICA
1404 847 1547 887 VIII.

448 1052 482 1091 Ι.
620 1052 657 1090 O
675 1053 717 1092 N
734 1054 767 1092 F
784 1055 823 1092 U
842 1054 863 1091 S
882 1054 900 1092 I
918 1054 957 1092 U
975 1053 997 1090 S
1032 1052 1212 1092 hesterno
1244 1054 1306 1093 die
1333 1054 1387 1092 est
1414 1055 1496 1093 aeta
1527 1068 1600 1100 res,
1634 1054 1684 1093 C.
1709 1052 1845 1098 Pansa,

630 1132 751 1173 quam
790 1119 1011 1173 postulabat
1050 1119 1277 1159 institutum
1316 1121 1540 1159 consulatus
1577 1121 1664 1159 tui:
1706 1132 1849 1173 parum

446 1184 551 1224 mihi
582 1185 685 1223 visus
717 1199 757 1224 es
789 1198 869 1231 eos,
902 1185 1048 1238 quibus
1077 1185 1212 1225 cedere
1234 1200 1312 1225 non
1335 1187 1447 1232 soles,
1480 1186 1678 1225 sustinere.
1722 1186 1846 1230 Nam,

449 1264 546 1289 cum
576 1250 728 1289 senatus
760 1264 804 1289 ea
834 1251 961 1290 virtus
993 1250 1139 1296 fuisset,
1171 1266 1257 1304 quae
1279 1251 1403 1297 solet;
1436 1261 1474 1289 et
1495 1265 1589 1289 curn
1610 1265 1650 1288 re
1669 1249 1849 1289 viderent

449 1329 587 1355 omnes
604 1315 676 1354 effe
694 1316 861 1361 bellum,
879 1315 1121 1368 quidamque
1138 1316 1178 1353 id
1198 1316 1364 1355 verbum
1381 1315 1665 1355 removendum
1682 1315 1849 1354 arbitra-

450 1391 607 1428 rentur3
631 1390 697 1420 tua
711 1382 893 1420 voluntas
915 1382 956 1418 in
973 1380 1197 1419 disceffione
1213 1381 1293 1420 fuit
1313 1382 1360 1419 ad
1381 1382 1586 1420 lenitatem
1608 1381 1847 1434 propenfior.

452 1448 567 1486 Victa
596 1447 651 1485 est
682 1447 805 1501 igitur
837 1457 997 1500 propter
1029 1447 1137 1485 verbi
1170 1447 1431 1501 asperitatem,
1464 1457 1501 1486 te
1521 1450 1691 1493 auctore,
1723 1447 1851 1485 nostra

450 1514 667 1553 sententia:
700 1515 798 1553 vicit
819 1516 868 1553 L.
893 1513 1068 1559 Caesaris,
1100 1514 1328 1567 ampliffimi
1348 1515 1437 1560 viri,
1465 1515 1549 1567 qui,
1572 1514 1681 1553 verbi
1702 1513 1846 1552 atroci-

449 1589 529 1619 tate
551 1580 724 1633 dempta,
753 1581 928 1619 oratione
949 1579 1042 1626 fuit,
1066 1595 1186 1634 quam
1207 1581 1411 1627 sententia,
1434 1581 1575 1620 lenior.
1608 1582 1850 1633 Qanquam

450 1647 482 1684 is
505 1647 682 1699 quidem,
714 1657 927 1700 antequam
955 1646 1188 1686 sententiam
1216 1648 1377 1693 diceret,
1410 1647 1750 1701 propinquitatem
1779 1660 1849 1684 ex-

449 1713 614 1752 cusavit.
659 1713 770 1752 Idem
798 1713 958 1759 fecerat,
991 1728 1055 1751 me
1081 1714 1256 1760 consule,
1288 1715 1329 1752 in
1351 1714 1490 1752 sororis
1513 1715 1612 1760 viro,
1644 1712 1752 1767 quod
1772 1711 1850 1751 hoe

450 1788 629 1831 tempore
650 1779 690 1817 in
713 1780 852 1818 sororis
874 1780 958 1817 filio
979 1779 1099 1826 fecit;
1133 1790 1176 1819 ut
1197 1790 1236 1819 et
1257 1781 1366 1819 luctu
1388 1780 1527 1819 sororis
1549 1788 1788 1825 moveretur,
1811 1788 1850 1817 et

452 1844 566 1882 saluti
587 1844 814 1896 reipublicae
834 1844 1070 1896 provideret.

510 1911 644 1962 Atque
671 1909 751 1962 ipse
779 1919 909 1948 tamen
938 1910 1064 1951 Caesar
1090 1911 1276 1963 praecepit
1297 1911 1409 1949 vobis
1431 1909 1740 1963 quodammodo,
1774 1910 1848 1948 Pa-

454 1985 531 2013 tres
552 1974 782 2028 conscripti,
814 1989 861 2013 ne
883 1974 953 2013 fibi
974 1975 1268 2021 assentiremini,
1296 1990 1388 2014 cum
1410 1976 1464 2013 ita
1484 1975 1600 2021 dixit,
1623 1976 1739 2014 aliam
1762 1975 1849 2014 sen-

454 2040 619 2078 tentiam
652 2040 687 2078 se
719 2040 919 2078 dicturum
951 2039 1077 2087 fuiffe,
1109 2054 1274 2094 eamque
1306 2041 1342 2080 se
1369 2055 1411 2079 ac
1440 2041 1644 2094 republica
1670 2041 1848 2094 dignam,

454 2106 525 2144 nifi
560 2106 857 2159 propInquitate
891 2107 1163 2159 impediretur,
1215 2109 1323 2160 Ergo
1358 2108 1426 2146 ille
1460 2107 1708 2146 avunculus:
1751 2121 1850 2145 num

452 2173 574 2210 etiam
595 2185 662 2210 vos
690 2172 891 2217 avunculi,
924 2174 994 2225 qui
1021 2173 1082 2210 illi
1109 2173 1195 2211 estis
1218 2173 1345 2212 affenfi
1365 2175 1378 2211 ?
1410 2175 1466 2212 At
1487 2174 1528 2211 in
1549 2187 1630 2226 quo
1650 2172 1730 2212 fuit
1751 2186 1850 2211 con-

455 2238 667 2275 troverfia?
700 2237 802 2276 Belli
836 2251 981 2276 nomen
1018 2239 1246 2290 ponendum
1279 2239 1320 2277 in
1353 2239 1543 2278 sententia
1575 2239 1738 2292 quidam
1771 2252 1851 2277 non

454 2303 669 2356 putabant:
703 2303 924 2341 tumultum
947 2304 1140 2356 appellare
1161 2304 1373 2350 malebant,
1397 2305 1523 2357 ignari
1546 2318 1624 2342 non
1646 2303 1766 2342 modo
1787 2317 1848 2341 re-

455 2383 559 2414 rum,
597 2368 661 2406 sed
688 2369 806 2406 etiam
834 2369 1057 2408 verborum.
1101 2370 1231 2408 Potest
1263 2371 1370 2408 enim
1398 2371 1470 2409 effe
1499 2370 1650 2408 bellum
1677 2370 1755 2408 fine
1784 2378 1848 2407 tu-

454 2435 585 2473 multu
604 2453 615 2480 ;
649 2435 845 2473 tumultus
867 2435 939 2474 effe
960 2436 1037 2473 fine
1059 2436 1164 2474 bello
1187 2450 1264 2474 non
1286 2436 1425 2489 potest.

510 2500 621 2553 Qid
656 2501 764 2540 enim
797 2501 851 2540 est
885 2502 990 2540 aliud
1027 2503 1226 2549 tumultus,
1259 2503 1328 2541 nis]
1362 2503 1607 2556 perturbatio
1643 2509 1774 2547 tanta,
1806 2510 1849 2538 ut
