2076 2860
452 168 590 209 PRO
641 168 692 208 C,
744 167 1054 208 RABIRIO
1105 167 1474 209 POSTUMO.
1592 184 1665 213 ³21

1593 203 1613 210 ,a

1622 217 1639 224 μ

315 272 417 313 VII.
448 269 727 311 Potentiffimo
747 278 787 309 et
806 269 1051 309 nobiliffimo
1072 270 1236 310 tribuno
1257 271 1401 325 plebis,
1434 272 1499 311 M.
1525 273 1670 319 Druso,

259 353 382 380 unam
401 338 445 378 in
465 338 686 392 equestrem
706 337 887 377 ordinem
908 337 1165 391 quaestionem
1185 337 1344 385 ferenti,
1376 339 1420 378 Si
1440 339 1518 394 quis
1538 340 1579 378 ob
1598 355 1673 379 rem

246 405 454 461 judicatam
465 405 658 460 pecuniam
681 403 818 459 cepgffit
833 423 846 451 ;
878 414 1010 458 aperte
1042 406 1194 458 equites
1223 406 1399 445 Romani
1431 407 1668 446 restiterunt.

259 474 402 529 Qid?
432 473 512 514 hoc
533 474 653 513 licere
672 473 890 512 volebant?
922 472 1115 512 minime:
1150 487 1278 528 neque
1299 474 1428 513 solum
1449 473 1526 514 1106
1547 489 1672 528 genus

257 542 437 597 pecuniae
453 541 652 596 capiendae
669 550 798 595 turpe,
817 540 881 579 sed
897 540 1018 579 etiam
1034 540 1246 587 nefarium,
1264 541 1569 581 arbitrabantur.
1594 544 1672 581 At-

257 617 393 648 tamen
414 608 470 647 ita
489 607 758 662 disputabant,
787 620 852 646 eos
874 607 1000 645 teneri
1019 607 1176 660 legibus
1198 616 1394 660 oportere,
1427 609 1497 661 qui
1519 609 1587 647 suo
1603 609 1672 661 ju—

259 675 367 714 dicio
382 674 503 715 effent
519 675 632 714 illam
649 674 924 713 conditionem
940 674 1030 712 vitae
1046 673 1184 713 secuti.
1209 674 1391 713 Deleetat
1411 675 1672 728 amplissimus

260 742 434 782 clvitatis
455 742 614 797 gradus,
638 742 730 780 sella
745 742 911 787 curulis,
935 740 1072 788 fasces,
1095 741 1275 794 imperia,
1298 742 1529 794 provinciae,
1549 742 1673 781 sacer-

260 808 383 855 dotia,
410 808 623 863 triumphi,
647 809 820 862 denique
840 809 973 861 imago
994 808 1089 861 ipsa,
1112 807 1159 846 ad
1180 808 1416 861 posteritatis
1438 810 1676 847 memoriam

260 875 431 929 prodita.
455 875 524 915 Est
545 875 661 914 simul
682 875 803 913 etiam
824 873 1053 912 sollicitudo
1074 873 1220 928 aliqua,
1238 884 1277 913 et
1294 874 1429 927 legum
1446 876 1674 928 etjudicio-

261 955 353 980 rum
373 943 501 995 major
520 941 686 995 quidam
706 950 852 979 metm.
896 941 984 979 Nos
1015 939 1084 978 ista
1106 955 1312 995 nunquam
1333 943 1645 996 contempfimus
1662 972 1673 987 ,

264 1009 347 1061 (ita
378 1009 488 1046 enim
518 1007 790 1061 disputabant)
815 1007 879 1045 sed
900 1006 1004 1046 hanc
1025 1008 1148 1046 vitam
1171 1009 1348 1061 quietam
1370 1019 1488 1062 atque
1508 1010 1675 1048 otiosam

260 1074 384 1114 secuti
405 1075 564 1114 sumus:
588 1088 689 1128 quae,
713 1075 904 1128 quoniam
925 1073 1076 1113 honore
1097 1086 1215 1121 caret,
1239 1086 1365 1114 careat
1387 1077 1507 1114 etiam
1528 1076 1674 1116 moles-

261 1142 329 1181 tia.
363 1143 468 1181 Tam
489 1156 528 1181 es
551 1151 594 1181 tu
610 1142 751 1195 judex,
784 1155 906 1196 quam
926 1155 1000 1195 ego
1022 1141 1187 1181 senator.
1227 1144 1287 1180 Ita
1308 1143 1360 1181 est
1380 1159 1387 1181 :
1422 1143 1485 1182 sed
1508 1153 1551 1182 tu
1572 1143 1675 1182 istud

261 1209 424 1261 petiisti,
457 1223 530 1262 ego
551 1208 628 1247 hoc
650 1223 785 1262 cogor.
819 1210 953 1261 Qare
974 1218 1041 1247 aut
1065 1209 1196 1261 judici
1219 1208 1322 1247 mihi
1343 1223 1423 1247 non
1450 1210 1522 1248 esse
1543 1212 1674 1256 liceat,

263 1284 330 1314 aut
350 1275 481 1327 legem
501 1275 589 1328 lege
610 1275 799 1314 senatoria
819 1289 899 1313 non
923 1275 1075 1314 timere.

321 1342 416 1380 Hoc
443 1355 526 1387 vos,
559 1341 712 1395 equites
742 1342 931 1386 Romani,
958 1342 1024 1394 jus
1055 1355 1076 1379 a
1105 1342 1283 1394 patribus
1314 1352 1524 1396 acceptum
1554 1343 1675 1381 amit-

264 1408 355 1446 tetis
376 1409 389 1446 ?
422 1408 575 1446 Moneo
591 1438 601 1453 ,
635 1421 683 1446 ne
704 1407 872 1446 faciatis.
912 1408 1135 1461 Rapientur
1155 1407 1339 1447 homines
1362 1410 1402 1447 in
1424 1409 1508 1448 haec
1524 1409 1679 1462 judicia

264 1487 313 1514 ex
343 1475 456 1512 omni
487 1488 567 1513 non
597 1474 718 1512 modo
753 1474 916 1519 invidia,
949 1473 1013 1512 sed
1044 1474 1235 1520 sermone,
1268 1475 1572 1521 malevolorum,
1604 1476 1676 1514 nili

263 1541 425 1581 cavetiS.
469 1541 508 1579 Si
523 1542 609 1594 jam
629 1540 742 1579 vobis
765 1540 1015 1579 nuntiaretur
1034 1541 1076 1578 in
1098 1540 1232 1578 senatu
1253 1540 1463 1580 sententias
1494 1542 1575 1580 dici
1589 1571 1600 1587 ,
1633 1551 1678 1580 ut

263 1606 327 1647 his
348 1606 505 1661 legibus
528 1607 784 1652 teneremini,
816 1606 1137 1646 concurrendum
1157 1605 1205 1644 ad
1225 1608 1377 1646 curiam
1397 1609 1587 1661 putaretis
1607 1623 1616 1646 ε
1649 1608 1677 1647 fi

265 1674 331 1714 lex
352 1673 535 1720 ferretur,
568 1674 830 1713 convolaretis
861 1674 909 1712 ad
939 1673 1093 1713 Rostra.
1127 1674 1209 1712 Vos
1242 1674 1395 1714 senatus
1426 1674 1571 1714 liberos
1602 1674 1678 1714 hac

264 1742 353 1796 lege
373 1741 446 1781 effe
467 1741 622 1781 voluit:
655 1742 827 1795 populus
850 1755 1058 1795 nunquam
1078 1740 1283 1794 alligavit:
1317 1741 1436 1780 soluti
1466 1742 1546 1781 huc
1575 1755 1676 1780 con-

266 1808 446 1847 venistis:
466 1822 515 1847 ne
531 1808 731 1846 constricti
748 1807 970 1853 discedatis,
988 1817 1135 1847 cavete.
1155 1808 1279 1854 Nam,
1299 1809 1324 1847 s1
1343 1809 1532 1847 Postumo
1547 1808 1679 1848 fraudi

267 1874 405 1921 fuerit,
437 1875 509 1928 qui
531 1889 603 1913 nec
626 1874 827 1920 tribunus,
860 1888 931 1913 nec
962 1873 1185 1928 praefectus,
1217 1888 1290 1913 nec
1319 1889 1369 1914 ex
1391 1875 1505 1914 Italia
1526 1889 1675 1921 comes,

268 1956 340 1981 nec
361 1942 567 1981 familiaris
590 1942 757 1981 Gabinii
778 1941 884 1987 fuit;
918 1955 1092 1994 quonam
1115 1941 1150 1980 se
1176 1941 1296 1980 modo
1325 1941 1539 1981 defendent
1568 1943 1676 1996 post-

264 2007 356 2056 hac,
375 2010 446 2062 qui
461 2009 576 2047 vestri
592 2008 742 2048 ordinis
760 2022 854 2047 cum
871 2008 1163 2061 magistratibus
1180 2008 1319 2047 nostris
1337 2008 1487 2048 fuerint
1503 2008 1565 2048 his
1582 2023 1677 2048 cau-

269 2075 315 2114 fis
337 2076 534 2129 implicati
552 2077 564 2113 ?

325 2142 444 2180 VIII.
468 2144 551 2186 Tu,
575 2141 722 2194 inquit,
743 2140 980 2185 Gabinium,
1004 2150 1047 2179 ut
1069 2155 1200 2194 regem
1224 2140 1441 2187 reduceret,
1465 2142 1673 2195 impulisti.

273 2207 368 2246 Non
404 2208 554 2260 patitur
588 2220 675 2245 mea
708 2221 772 2245 me
800 2208 885 2259 jam
920 2206 1015 2246 fides
1051 2207 1098 2246 de
1135 2208 1312 2246 Gabinio
1351 2209 1506 2261 gravius
1547 2222 1673 2262 agere.

273 2275 407 2326 Qem
428 2273 535 2311 enim
556 2287 605 2312 ex
626 2273 745 2312 tantis
768 2274 992 2313 inimicitiis
1021 2284 1226 2328 receptum
1253 2277 1294 2313 in
1324 2276 1491 2328 gratiam
1522 2275 1679 2315 summo

272 2340 400 2378 studio
435 2339 706 2386 defenderim,
739 2340 847 2379 hunc
878 2340 1072 2379 afflictum
1101 2342 1246 2380 violare
1277 2356 1356 2380 non
1388 2342 1539 2380 debeo:
1574 2355 1676 2393 quo—

273 2421 366 2446 cum
389 2406 508 2445 stante
531 2408 556 2444 fi
579 2421 641 2445 me
670 2408 746 2446 Cn.
774 2408 955 2460 Pompeii
987 2410 1195 2446 auctoritas
1228 2409 1270 2446 in
1301 2409 1468 2461 gratiam
1501 2422 1580 2445 non
1614 2422 1675 2445 re-

273 2474 438 2512 duxiffet
456 2504 466 2518 ‚
499 2487 605 2512 1111116
623 2474 704 2526 jam
727 2473 845 2526 ipsius
868 2474 1027 2512 fortuna
1047 2474 1264 2513 reduceret.
1298 2475 1370 2513 Sed
1392 2484 1522 2512 tamen
1540 2503 1549 2518 ,
1583 2487 1677 2512 cum
