2076 2860
605 158 1371 200 CONSULARIBUS.
1621 172 1694 211 119

281 259 512 299 tenebamus
533 266 672 302 antea,
705 256 838 294 Patres
871 253 1112 306 conscripti:
1147 263 1294 292 caeterae
1316 263 1443 307 partes
1466 267 1487 292 a
1507 254 1695 307 gentibus

281 336 347 366 aut
367 325 545 365 inimicis
567 323 664 362 huic
686 322 872 376 imperio,
895 330 962 359 aut
983 320 1133 366 infidis,
1157 330 1224 359 aut
1246 322 1479 375 incognitis,
1503 331 1570 360 aut
1592 331 1696 360 certe

281 391 542 437 immanibus,
560 400 599 429 et
617 389 808 435 barbaris,
823 398 862 428 et
878 388 1091 434 bellicosis,
1111 388 1370 427 tenebantur:
1388 402 1484 442 quas
1499 389 1695 434 nationes,

280 474 400 499 nemo
421 472 602 513 unquam
621 456 716 503 fuit,
748 457 820 510 qui
846 470 925 495 non
948 455 1076 508 frangi
1101 455 1334 509 domarique
1355 465 1545 509 cuperet3
1579 470 1699 494 nemo

280 527 475 581 sapienter
507 525 555 564 de
587 525 794 578 republica
826 523 952 563 nostra
983 523 1175 576 cogitavit
1202 524 1288 576 jam
1321 523 1413 561 inde
1445 537 1466 561 a
1497 524 1699 577 principio

280 593 402 649 hujus
424 593 608 648 imperii,
641 592 740 646 quin
773 591 950 630 Galliam
971 591 1146 629 maxime
1168 589 1389 629 timendam
1410 589 1507 629 huic
1528 591 1698 644 imperio

279 672 464 716 putaret:
499 661 563 701 sed
596 670 757 714 propter
790 659 873 697 vim
905 673 948 697 ac
982 657 1291 696 multitudinem
1320 659 1505 710 gentium
1537 659 1698 696 illarum

282 744 491 784 nunquam
511 729 565 768 est
586 738 699 767 antea
718 741 812 766 cum
835 726 1025 765 omnibus
1047 725 1300 763 dimicatum.
1335 724 1571 763 Restitimus
1594 725 1697 764 sem-

282 811 352 850 per
373 796 562 835 laceffiti:
596 809 705 833 nunc
737 794 910 846 denique
939 793 993 830 est
1025 791 1262 845 persedmm,
1297 801 1341 829 ut
1373 792 1533 844 imperii
1562 792 1697 837 nostri,

282 874 557 917 terrarumque
577 862 753 906 illarum,
786 860 893 898 idem
915 858 1006 897 effet
1027 868 1269 897 extremum.

339 931 456 970 XIV.
489 928 666 982 Alpibus
689 927 847 966 Italiam
868 926 1067 965 munierat
1089 935 1177 964 ante
1200 936 1351 971 natura,
1373 940 1450 964 non
1470 926 1547 964 fine
1564 927 1700 979 aliquo

282 999 420 1038 divino
440 997 632 1036 numine:
667 1009 774 1041 nam,
798 995 824 1033 fi
847 994 915 1032 ille
936 994 1066 1032 aditus
1089 993 1303 1032 Gallorum
1326 994 1567 1031 immanitati
1589 994 1699 1031 mul-

284 1065 532 1118 titudinique
545 1062 743 1117 patuisset,
760 1075 970 1115 nunquam
985 1060 1070 1099 haec
1092 1060 1186 1099 urbs
1205 1060 1362 1098 summo
1379 1061 1548 1113 imperio
1566 1060 1699 1099 domi—

281 1133 427 1172 cilium
447 1146 491 1171 ac
513 1131 644 1171 sedem
665 1129 903 1184 praebuiffet.
927 1130 1029 1182 Qae
1044 1129 1131 1181 jam
1152 1128 1246 1167 licet
1268 1128 1471 1167 confidant
1490 1144 1498 1166 :
1524 1127 1627 1166 nihil
1648 1128 1702 1166 est

281 1201 393 1240 enim
406 1200 511 1239 ultra
525 1199 638 1238 illam
654 1197 911 1236 altitudinem
927 1196 1133 1235 montium
1150 1195 1273 1249 usque
1289 1195 1337 1233 ad
1352 1196 1576 1240 Oceanum,
1593 1196 1703 1248 quod

285 1268 332 1307 s1t
353 1267 477 1308 Italiae
497 1265 875 1320 pertimescendum.
922 1263 995 1302 Sed
1026 1273 1158 1302 tamen
1190 1277 1268 1301 una
1287 1273 1405 1316 atque
1427 1263 1546 1301 altera
1569 1263 1672 1301 aestas
1688 1293 1700 1308 ,

284 1335 347 1374 vel
375 1344 502 1379 metu,
534 1333 596 1371 vel
630 1332 710 1386 spe,
742 1332 803 1371 vel
826 1345 958 1384 poena,
990 1330 1051 1368 vel
1074 1331 1263 1383 praemiis,
1297 1330 1357 1368 vel
1380 1330 1514 1376 armis,
1547 1330 1608 1368 vel
1642 1330 1700 1368 le-

285 1402 432 1455 gibus,
464 1400 592 1455 potest
619 1409 745 1439 totam
775 1399 952 1438 Galliam
980 1397 1230 1452 sempiternis
1253 1397 1426 1436 vinculis
1447 1397 1700 1449 adstringere.

287 1468 487 1523 Impolitae
508 1481 600 1507 vero
621 1481 696 1521 res,
729 1476 767 1505 et
787 1466 950 1511 acerbae,
978 1465 1005 1503 fi
1026 1474 1143 1503 erunt
1165 1464 1308 1503 relictae
1326 1484 1337 1510 5
1361 1477 1591 1517 quanquam
1613 1463 1704 1502 sunt

286 1536 435 1582 accisae,
467 1545 600 1574 tamen
621 1534 788 1573 efferent
809 1534 845 1572 se
866 1531 1096 1586 aliquando,
1126 1541 1165 1570 et
1186 1531 1233 1569 ad
1255 1530 1527 1569 renovandum
1549 1530 1703 1570 bellum

287 1602 538 1641 revirescent.

345 1671 479 1722 Qare
500 1668 546 1706 s1t
567 1667 609 1705 in
631 1667 714 1720 ejus
738 1665 862 1704 tutela
883 1664 1042 1710 Gallia,
1075 1665 1190 1717 cujus
1216 1664 1356 1702 virtuti
1372 1693 1382 1709 ‚
1416 1663 1534 1709 fidei,
1566 1662 1702 1702 felici-

288 1737 377 1783 tati,
400 1734 679 1774 commendata
698 1732 766 1772 est.
791 1732 971 1777 Etenim,
995 1731 1022 1770 fi
1044 1732 1077 1770 F
1080 1740 1232 1770 ortunae
1253 1730 1487 1770 muneribus
1509 1730 1702 1784 ampliffi-

288 1804 366 1842 mis
388 1811 563 1847 ornatus,
582 1801 725 1853 saepius
738 1801 822 1853 ejus
841 1800 935 1838 Deae
957 1799 1183 1852 periculum
1205 1797 1332 1836 facere
1354 1797 1501 1844 nollet,
1520 1798 1547 1835 fi
1569 1799 1609 1835 in
1632 1812 1704 1851 pa-

289 1871 423 1916 triam,
455 1869 482 1908 fi
512 1868 559 1908 ad
586 1869 694 1907 Deos
715 1876 891 1920 penates,
924 1866 950 1905 fi
973 1865 1020 1904 ad
1041 1880 1127 1904 eam
1149 1852 1403 1919 dignitatem,
1436 1878 1557 1918 quam
1579 1866 1620 1902 in
1643 1865 1703 1903 ci-

288 1938 409 1978 vitate
430 1936 502 1975 fibi
522 1935 764 1989 propositam
784 1933 893 1972 videt
907 1963 918 1978 ,
952 1933 978 1971 fi
1000 1932 1047 1971 ad
1063 1932 1371 1986 jucundissimos
1393 1931 1538 1970 liberos
1558 1962 1568 1976 ,
1602 1931 1627 1969 si
1658 1931 1705 1969 ad

290 2004 549 2044 clariffimum
566 2016 773 2057 generum,
792 2001 917 2039 redire
934 2010 1180 2053 properaret3
1198 1999 1223 2038 fi
1242 2000 1282 2037 in
1301 1999 1553 2052 Capitolium
1569 1997 1705 2037 invehi

290 2073 415 2111 vietor
436 2085 530 2111 cum
551 2070 620 2108 illa
642 2069 785 2121 infigni
806 2068 936 2105 laurea
956 2067 1140 2119 gestiret3
1164 2067 1190 2105 fi
1208 2066 1380 2119 denique
1397 2067 1555 2105 timeret
1572 2065 1705 2104 casum

292 2140 484 2192 aliquem,
517 2138 586 2190 qui
609 2136 670 2174 illi
693 2145 850 2174 tantum
871 2134 1011 2173 addere
1027 2135 1112 2187 jam
1129 2148 1209 2173 non
1232 2133 1372 2187 potest,
1405 2142 1602 2187 quantum
1633 2147 1703 2170 au-

293 2205 420 2245 ferre:
454 2218 521 2243 vos
545 2214 678 2242 tamen
699 2210 898 2256 oporteret
919 2201 966 2240 ab
988 2202 1129 2240 eodem
1156 2201 1226 2239 illa
1255 2201 1416 2246 omnia,
1449 2214 1469 2238 a
1499 2214 1580 2253 quo
1610 2214 1704 2252 pro-

294 2272 428 2325 fligata
448 2272 564 2316 sunt,
597 2269 743 2308 confici
773 2269 887 2308 velle.
934 2270 1041 2307 Cum
1073 2281 1164 2308 vero
1195 2268 1263 2306 ille
1285 2267 1360 2306 suae
1381 2267 1516 2320 gloriae
1532 2267 1704 2320 jampri-

294 2339 401 2384 dem,
434 2338 663 2390 reipublicae
685 2336 880 2382 nondum,
914 2335 1160 2381 satisfecerit,
1193 2345 1232 2374 et
1262 2335 1376 2373 malit
1402 2344 1534 2373 tamen
1557 2333 1704 2371 tardius

294 2406 341 2444 ad
364 2405 523 2444 suorum
545 2404 728 2442 laborum
749 2403 900 2442 fruetus
922 2404 1126 2457 pervenire
1141 2433 1152 2448 ,
1185 2415 1306 2455 quam
1337 2415 1416 2439 non
1443 2400 1600 2453 explere
1622 2399 1703 2437 sus-

294 2483 457 2526 ceptum
493 2471 722 2525 reipublicae
757 2484 904 2509 munus
922 2490 933 2516 3
978 2484 1050 2510 nec
1091 2471 1370 2522 imperatorem
1412 2467 1618 2506 incensum
1658 2465 1705 2504 ad
