2076 2860
438 172 512 223 393
788 168 860 205 IN
925 166 989 204 M.
1051 163 1479 203 ANTONIUM

493 272 551 309 Ut
585 270 708 323 igitur
740 268 827 314 alia,
859 268 910 306 fic
942 266 1035 313 hoc,
1069 266 1118 305 C.
1147 265 1282 312 Pansa,
1313 266 1510 319 praeclare,
1542 266 1651 319 quod
1683 279 1754 305 nos
1786 268 1833 306 ad

435 335 657 374 ornandum
691 336 795 372 Serv.
821 333 1046 386 Sulpicium
1078 330 1305 370 cohortatus
1338 346 1393 378 es,
1424 341 1464 370 et
1493 332 1573 385 ipse
1603 332 1730 371 multa
1761 346 1831 371 co-

434 402 540 454 piose
569 401 616 438 de
646 400 754 438 illius
785 399 899 437 laude
928 398 1075 436 dixisti.
1121 398 1280 450 Qibus
1301 411 1321 435 a
1342 407 1379 436 te
1400 398 1529 444 dictis,
1562 397 1665 437 nihil
1694 407 1833 452 praeter

435 467 665 506 sententiam
695 465 882 510 dicerem,
916 465 986 503 nifi
1020 465 1065 503 P.
1091 464 1254 502 Servilio
1286 464 1602 517 respondendum
1634 473 1830 518 putarem,

434 533 503 586 qui
536 532 643 570 hunc
672 530 865 570 honorem
886 530 1017 569 statuae
1037 530 1189 568 nemini
1211 529 1469 568 tribuendum
1490 530 1656 576 censuit,
1688 531 1759 570 nifi
1779 532 1830 577 ei,

432 598 503 651 qui
537 597 641 636 ferro
672 597 763 636 effet
796 598 837 635 in
872 596 1069 649 legatione
1101 593 1345 634 interfectus.
1392 597 1482 648 Ego
1513 604 1667 642 autem,
1699 594 1831 635 Patres

432 664 660 718 conscripti,
694 665 742 702 fic
771 665 1007 716 interpretor
1033 662 1179 701 senfiffe
1209 663 1374 715 majores
1406 662 1571 709 nostros,
1602 671 1647 701 ut
1677 662 1833 702 causam

433 731 573 768 mortis
595 730 832 774 censuerint,
869 743 947 767 non
975 742 1115 781 genus,
1152 728 1224 766 effe
1256 728 1527 780 quaerendum.
1570 729 1734 767 Etenim
1765 729 1832 767 cui

433 797 577 849 legatio
600 797 679 850 ipsa
699 797 819 835 morti
840 795 985 840 fuiffet‚
1015 797 1098 847 ejus
1120 804 1431 833 monumentum
1453 804 1582 833 extare
1603 795 1830 841 voluerunt,

435 874 476 901 ut
510 865 550 902 in
580 864 693 903 bellis
722 862 948 917 periculolis
971 863 1128 900 obirent
1155 861 1337 900 homines
1363 862 1571 915 legationis
1593 876 1738 901 munus
1759 876 1831 900 au-

432 931 581 969 dacius.
616 932 711 970 Non
734 931 857 984 igitur
877 929 1058 982 exempla
1078 930 1274 981 majorum
1292 929 1512 982 quaerenda,
1536 929 1600 967 sed
1620 929 1831 968 confilium

431 997 485 1035 est
506 1012 659 1043 eorum,
690 1012 711 1035 a
731 1011 812 1050 quo
832 997 913 1050 ipsa
932 996 1114 1049 exempla
1135 1005 1223 1034 nata
1244 996 1348 1042 sunt,
1379 996 1677 1050 explicandum.

489 1065 543 1103 II.
578 1065 656 1103 Lar
677 1064 939 1108 Tolumnius,
972 1077 1038 1101 rex
1061 1062 1309 1107 Veientium,
1332 1073 1501 1114 quatuor
1522 1063 1670 1115 legatos
1691 1063 1832 1116 populi

434 1132 607 1170 Romani
630 1131 789 1170 Fidenis
811 1131 1033 1168 interemit:
1057 1143 1230 1183 quorum
1246 1129 1376 1168 statuae
1395 1130 1515 1182 usque
1531 1129 1578 1168 ad
1599 1143 1728 1169 meam
1744 1143 1830 1168 me·-

432 1200 598 1236 moriam
633 1199 673 1236 in
703 1197 853 1236 Rostris
882 1196 1084 1235 steterunt.
1123 1195 1256 1248 Justus
1277 1195 1432 1234 honos:
1466 1196 1513 1234 iis
1536 1197 1643 1234 enim
1665 1197 1830 1248 majores

432 1266 566 1310 nostri,
598 1265 669 1318 qui
696 1265 747 1302 ob
776 1264 1065 1317 rempublicam
1094 1272 1265 1300 mortem
1291 1263 1483 1307 obierant,
1516 1276 1587 1315 pro
1616 1262 1724 1300 brevi
1751 1263 1834 1301 vita.

431 1331 661 1370 diuturnam
682 1331 916 1369 memoriam
937 1328 1206 1367 reddiderunt.
1241 1329 1319 1367 Cn.
1340 1329 1511 1373 Octavii,
1541 1328 1637 1367 clari
1656 1337 1696 1367 et
1717 1342 1832 1381 mag-

432 1399 472 1436 ni
493 1399 582 1443 viri,
614 1398 684 1451 qui
706 1398 857 1451 primus
883 1397 924 1435 in
945 1409 1032 1434 eam
1053 1394 1262 1440 familiam,
1295 1409 1382 1448 quae
1402 1395 1532 1449 postea
1551 1395 1644 1434 viris
1666 1394 1832 1434 fortiffi-

430 1463 507 1501 mis
529 1463 677 1508 floruit,
708 1462 845 1501 attulit
865 1461 1130 1507 consulatum,
1162 1461 1327 1499 statuam
1359 1460 1538 1499 videmus
1572 1462 1613 1499 in
1648 1460 1829 1500 Rostris:

430 1544 547 1569 nemo
568 1540 656 1569 tum
677 1531 843 1569 novitati
865 1529 1065 1568 invidebat
1082 1548 1093 1574 ;
1127 1541 1245 1567 nemo
1271 1529 1461 1566 virtutem
1489 1541 1568 1566 non
1595 1526 1829 1567 honorabat.

428 1597 485 1634 At
505 1610 548 1634 ea
568 1596 648 1635 fuit
667 1596 813 1649 legatio
835 1596 1006 1641 octavii,
1039 1596 1081 1633 in
1109 1608 1187 1648 qua
1212 1594 1380 1648 periculi
1409 1594 1577 1647 suspicio
1597 1608 1677 1632 non
1699 1593 1833 1633 subes-

430 1663 498 1702 set.
544 1663 667 1709 Nam,
699 1677 794 1702 cum
813 1662 905 1702 effet
924 1661 1059 1701 miffus
1081 1675 1103 1700 a
1122 1661 1255 1700 senatu
1276 1661 1324 1699 ad
1344 1661 1498 1700 animos
1519 1674 1659 1714 regum
1679 1661 1831 1715 perspi-

428 1729 605 1775 ciendos,
638 1730 937 1783 liberorumque
970 1728 1229 1782 populorum,
1260 1728 1528 1782 maximeque,
1565 1736 1610 1766 ut
1644 1736 1832 1781 nepotem

428 1794 625 1835 Antiochi
657 1797 774 1850 regis,
806 1797 905 1849 ejus,
937 1796 1008 1849 qui
1035 1809 1129 1834 cum
1156 1795 1372 1847 majoribus
1401 1795 1540 1833 nostris
1569 1794 1722 1833 bellurn
1743 1793 1833 1847 ges-

428 1862 540 1908 serat,
573 1861 704 1900 classes
737 1860 894 1908 habere,
925 1860 1155 1915 elephantos
1188 1861 1303 1906 alere,
1336 1860 1565 1914 prohiberet
1580 1880 1592 1906 ;
1626 1860 1832 1899 Laodiceae

429 1930 471 1967 in
492 1929 694 1982 gymnasio
715 1943 736 1967 a
755 1929 929 1982 quodam
952 1929 1123 1982 Leptine
1143 1927 1196 1966 est
1216 1927 1462 1966 intersedius.
1508 1927 1679 1966 Reddita
1709 1926 1764 1966 est
1794 1927 1832 1966 ei

429 2006 519 2035 tum
550 2010 572 2034 a
601 1996 818 2051 majoribus
845 1995 969 2034 statua
991 2009 1064 2049 pro
1085 1995 1191 2040 vita,
1224 2008 1311 2048 quae
1332 1994 1482 2033 multos
1503 2007 1572 2047 per
1592 2007 1715 2032 annos
1735 2007 1832 2047 pro-

428 2062 588 2116 geniem
608 2063 692 2115 ejus
712 2061 947 2107 honestaret,
979 2075 1086 2100 nunc
1107 2061 1154 2100 ad
1181 2070 1297 2100 tanta>
1317 2059 1478 2099 familiae
1498 2060 1733 2099 memoriam
1753 2056 1834 2099 sola

430 2129 600 2169 restaret.
647 2130 776 2182 Atqui
807 2140 847 2168 et
878 2129 990 2174 huic,
1022 2138 1060 2167 et
1092 2128 1220 2168 Tullo
1252 2128 1414 2174 Cluvio,
1446 2137 1484 2167 et
1517 2129 1567 2167 L.
1598 2126 1759 2174 Roscio,
1791 2135 1832 2166 et

430 2197 497 2250 Sp.
521 2195 662 2241 Antio,
697 2204 737 2234 et
767 2196 817 2235 C.
842 2195 1044 2241 Fulcinio,
1077 2196 1147 2248 qui
1177 2209 1198 2232 a
1227 2195 1460 2233 Veientium
1490 2208 1580 2247 rege
1609 2193 1692 2232 caefi
1723 2193 1830 2240 sunt,

428 2276 510 2302 non
531 2262 702 2315 sanguiS,
734 2262 804 2315 qui
825 2261 1008 2315 profusus
1030 2262 1083 2300 est
1104 2263 1145 2300 in
1167 2271 1308 2307 morte,
1337 2262 1400 2299 sed
1421 2261 1501 2315 ipsa
1522 2274 1628 2299 mors
1649 2260 1702 2299 ob
1722 2273 1830 2299 rem-

430 2330 636 2384 publicam
656 2329 780 2376 obita,
810 2328 955 2368 honori
975 2329 1069 2368 fuit.

487 2398 564 2436 III.
588 2398 741 2452 Itaque,
761 2397 892 2436 Patres
914 2396 1142 2450 conscripti,
1163 2396 1187 2435 fi
1210 2397 1316 2435 Serv.
1334 2396 1511 2450 Sulpicio
1532 2395 1639 2434 casus
1656 2401 1828 2433 mortem

427 2463 631 2510 attulisset,
663 2464 838 2504 dolerem
859 2463 1023 2518 quidem
1044 2472 1154 2503 tanto
1179 2463 1407 2516 reipublicae
1436 2462 1623 2507 vulnere,
1656 2468 1828 2500 mortem
