2076 2860
430 241 510 277 444
744 227 859 266 ,IN
918 226 981 264 M.
1044 227 1470 267 ANTONIUM

429 330 562 369 animo
582 329 622 367 in
644 329 934 381 rempublicam
955 330 1022 375 est,
1050 344 1136 383 quae
1158 330 1260 370 mihi
1281 333 1361 370 vita
1380 347 1466 371 mea
1487 332 1638 387 semper
1657 332 1736 372 fuit
1756 348 1822 372 ca-

430 396 520 433 rior.
566 397 673 434 Num
700 410 793 433 cum
816 397 1015 448 Magnum
1038 397 1291 450 Pompeium,
1323 399 1578 438 clariffimum
1598 400 1822 439 adolescen-

430 470 524 505 tem,
556 461 855 513 praestantiffimi
885 462 958 500 viri
988 462 1133 508 filium,
1165 464 1393 502 auctoritate
1418 465 1582 504 adduxit
1602 466 1649 504 ad
1669 480 1821 519 pacem,

429 540 590 579 remque
610 527 814 579 publicam
835 528 913 566 fine
933 529 1051 567 armis
1073 530 1249 567 maximo
1274 530 1402 568 civilis
1434 530 1530 568 belli
1561 532 1738 584 periculo
1770 532 1821 570 li-

429 592 605 638 beravit,
639 602 725 631 tum
747 608 810 631 me
831 595 913 646 ejus
937 594 1130 633 beneficio
1151 595 1239 648 plus
1262 609 1380 648 quarn
1401 610 1472 649 pro
1493 597 1598 635 virili
1620 606 1727 650 parte
1747 599 1821 636 ob-

428 658 597 711 ligatum
618 669 730 712 puto.
760 661 897 713 Itaque
919 662 953 699 ei
975 671 1013 699 et
1033 661 1201 700 honores
1224 662 1392 708 decrevi,
1411 677 1510 716 quos
1526 664 1641 717 potui
1660 664 1822 716 amplis-

428 726 558 771 fimos,
591 727 631 764 in
654 728 799 779 quibus
821 742 887 766 vos
910 728 1012 767 mihi
1034 729 1121 767 estis
1142 729 1301 775 affenfi,
1333 743 1405 768 nec
1428 743 1605 783 unquam
1626 730 1673 768 de
1693 730 1765 769 illo
1785 740 1825 769 et

429 792 576 845 sperare
597 794 762 846 optime,
788 803 827 832 et
848 794 975 847 loqui,
1008 794 1150 834 destiti.
1184 796 1346 848 Magnis
1368 805 1406 834 et
1426 796 1566 834 multis
1586 796 1823 849 pignoribus

428 859 492 897 M.
518 859 717 912 Lepidum
738 860 958 913 respublica
978 861 1178 914 illigatum
1201 871 1322 901 tenet.
1370 863 1533 900 Summa
1553 862 1739 901 nobilitas
1770 863 1823 901 est

426 923 619 970 hominis,
651 925 796 963 summi
816 925 1001 972 honores,
1033 928 1317 980 ampliffimum
1344 928 1620 974 sacerdotium,
1651 929 1824 982 plurima

429 991 537 1029 urbis
573 1001 825 1038 ornamenta,
857 993 998 1046 ipfius,
1035 993 1188 1040 fratris,
1224 996 1500 1048 majorumque
1534 1005 1821 1041 monumenta5

429 1057 696 1109 probatissima
717 1072 829 1103 uxor,
852 1059 1082 1111 optatissimi
1103 1060 1233 1105 liberi,
1257 1074 1314 1098 res
1336 1059 1541 1098 familiaris
1563 1074 1655 1098 cum
1677 1061 1823 1113 ampla,

427 1134 514 1162 tum
547 1124 646 1162 casta
676 1138 697 1162 a
727 1139 864 1162 cruore
896 1125 1020 1163 civili.
1054 1126 1188 1164 Nemo
1221 1126 1268 1164 ab
1296 1140 1341 1164 eo
1369 1127 1465 1165 civis
1487 1127 1670 1172 violatus,
1701 1127 1823 1165 multi

428 1189 621 1227 beneficio
642 1198 680 1227 et
701 1190 966 1228 misericordia
986 1191 1157 1230 liberati.
1199 1192 1310 1230 Talis
1333 1192 1456 1244 igitur
1476 1193 1535 1229 vir
1555 1202 1593 1230 et
1613 1193 1710 1231 civis
1732 1193 1821 1246 opi-

427 1256 546 1294 nione
567 1256 646 1293 labi
675 1257 814 1308 potest,
846 1257 1049 1296 voluntate
1081 1271 1102 1295 a
1133 1257 1336 1310 republica
1367 1257 1542 1296 diffidere
1570 1258 1682 1296 nullo
1709 1261 1824 1311 paeto

426 1322 566 1375 potest.
872 1347 879 1349 -

484 1390 626 1428 Pacem
656 1390 742 1428 vult
773 1391 836 1430 M.
861 1392 1052 1444 Lepidus.
1101 1393 1315 1438 Praeclare5
1349 1393 1375 1431 fi
1403 1392 1522 1430 talem
1542 1393 1668 1446 potest
1687 1393 1822 1432 effice-

427 1469 481 1501 re,
513 1456 671 1508 qualem
702 1471 826 1510 nuper
858 1457 1017 1504 effecit:
1050 1472 1128 1510 qua
1158 1473 1253 1512 paee
1287 1460 1364 1497 Cn.
1389 1459 1570 1511 Pompeii
1591 1458 1721 1497 filium
1742 1459 1820 1497 res-

426 1521 588 1573 publica
616 1521 818 1574 adspiciet,
849 1523 998 1576 suoque
1029 1524 1113 1562 sinu
1145 1525 1438 1577 complexuque
1470 1524 1661 1577 recipiet;
1694 1538 1822 1577 neque

426 1587 555 1627 solum
573 1587 706 1633 illum,
729 1588 793 1626 sed
809 1603 903 1627 cum
920 1589 991 1627 illo
1008 1589 1184 1643 seipsam,
1204 1591 1274 1629 fibi
1291 1590 1508 1629 restitutam
1526 1590 1697 1643 putabit.
1722 1590 1821 1628 Haec

424 1654 534 1692 causa
563 1653 656 1699 fuit,
688 1668 758 1693 cur
779 1655 1037 1696 decerneretis
1058 1657 1223 1696 statuam
1244 1658 1283 1695 in
1308 1657 1458 1696 Rostris
1480 1671 1573 1696 cum
1594 1656 1822 1709 inscriptio-

423 1734 471 1758 ne
494 1720 688 1772 praeclara‚
711 1735 781 1759 cur
802 1722 951 1761 absenti
973 1723 1240 1776 triumphum.
1272 1725 1512 1775 Qanquam
1532 1723 1641 1761 enim
1661 1736 1821 1774 magnas

424 1800 482 1824 res
505 1786 664 1824 bellicas
694 1787 867 1838 gesserat,
899 1798 938 1826 et
970 1789 1176 1842 triumpho
1204 1790 1367 1842 dignas,
1401 1804 1480 1828 non
1511 1798 1590 1827 erat
1623 1799 1753 1827 tamen
1786 1789 1821 1827 ei

426 1852 698 1897 tribuendum,
731 1853 837 1904 quod
862 1867 941 1896 ‚nec
976 1856 1023 1892 L.
1054 1856 1238 1900 AEmilio,
1270 1869 1341 1893 nec
1377 1855 1595 1893 AEmiliano
1628 1855 1819 1906 Scipioni,

426 1932 496 1955 nec
520 1917 706 1970 superiori
728 1917 933 1964 Africano,
966 1933 1037 1957 nee
1074 1921 1221 1966 Mario,
1253 1934 1324 1958 nec
1348 1921 1553 1972 Pompeio,
1585 1921 1653 1971 qui
1675 1920 1822 1971 majora

427 1984 529 2022 bella
557 1983 779 2035 gesserunt:
813 1984 891 2030 sed,
923 1985 1030 2038 quod
1062 1986 1215 2024 silentio
1247 1986 1363 2024 civile
1396 1986 1549 2024 bellum
1581 1985 1819 2032 confecerat,

427 2064 519 2088 cum
540 2050 715 2103 primum
737 2051 867 2096 licuit,
898 2051 1067 2090 honores
1088 2054 1129 2090 in
1151 2067 1242 2091 eum
1262 2053 1456 2091 maximos
1478 2052 1716 2090 contulistis.

486 2116 533 2153 V.
568 2115 826 2154 Existimasne
849 2117 984 2169 igitur,
1018 2118 1080 2156 Μ.
1106 2118 1270 2171 Lepide,
1302 2118 1460 2170 qualem
1483 2118 1720 2170 Pompeium
1742 2117 1820 2155 res-

427 2182 587 2234 publica
606 2180 788 2219 habitura
809 2183 852 2220 fit
869 2184 1011 2228 civem,
1031 2184 1124 2222 tales
1141 2183 1296 2224 futuros
1314 2185 1353 2222 in
1372 2184 1575 2237 republica
1595 2183 1819 2222 Antonios?

431 2249 474 2285 In
507 2248 627 2286 altero
659 2247 800 2300 pudor,
832 2250 1014 2300 gravitas,
1047 2250 1278 2295 moderatio,
1311 2250 1542 2303 integritas:
1576 2250 1616 2288 in
1645 2250 1726 2287 illis
1764 2250 1822 2301 (et

427 2328 519 2352 cum
552 2313 624 2352 hos
655 2315 870 2367 compello,
902 2324 1087 2367 praetereo
1117 2316 1250 2354 animo
1284 2331 1330 2354 ex
1366 2330 1483 2369 grege
1518 2315 1716 2354 latrocinii
1748 2328 1819 2353 ne-

429 2380 596 2430 minem)
620 2380 821 2425 libidines,
854 2380 1019 2429 scelera,
1040 2381 1086 2418 ad
1116 2396 1234 2420 omne
1264 2381 1416 2420 facinus
1438 2382 1623 2420 immanis
1644 2381 1816 2419 audacia.

431 2447 583 2485 Deinde
603 2446 762 2485 obsecro
784 2461 866 2493 VOS,
900 2449 1030 2485 Patres
1052 2448 1279 2501 conscripti,
1313 2450 1400 2502 quis
1432 2448 1508 2486 hoc
1539 2448 1707 2487 vestrum
1738 2460 1817 2484 non

426 2514 544 2559 videt,
568 2513 673 2567 quod
698 2515 871 2552 Fortuna
894 2514 985 2567 ipsa,
1009 2529 1094 2568 quae
1116 2515 1262 2554 dicitur
1283 2529 1396 2560 caeca,
1419 2515 1546 2553 vidit?
1578 2514 1689 2552 salvis
1710 2513 1818 2551 euim
