2076 2860
585 176 726 215 PRO
788 176 851 215 M.
915 171 1348 214 MARCELLO.
1593 189 1668 229 243

323 279 378 315 At
400 291 490 316 vero
511 275 630 330 hujus
652 278 787 330 gloriae
802 307 811 322 ‚
846 278 895 315 C.
920 276 1065 321 Caesar,
1098 284 1219 329 quam
1240 289 1279 314 es
1300 276 1419 329 paulo
1440 283 1528 314 ante
1549 276 1668 329 adep-

266 353 344 389 tus,
368 345 520 382 socium
540 343 660 382 habes
684 344 901 381 neminem.
929 344 1085 381 Totum
1106 342 1198 388 hoc,
1222 353 1579 397 quantumcunque
1601 344 1667 388 est.

265 410 374 463 quod
396 419 499 447 certe
521 411 744 448 maximum
766 409 833 455 est,
857 418 988 448 totum
1009 409 1076 454 est,
1102 409 1280 462 inquam,
1304 419 1419 448 tuum
1441 425 1448 448 :
1475 409 1577 448 nihil
1599 409 1670 448 fibi

265 487 313 515 ex
348 476 417 514 ista
446 476 560 514 laude
590 477 797 521 centurio,
831 475 933 513 nihil
964 474 1196 529 praefeitus,
1230 475 1332 514 nihil
1363 475 1532 522 cohors,
1565 475 1669 514 nihil

264 552 395 581 turma
424 543 614 597 decerpit.
652 544 763 596 Qin
792 544 911 581 etiam
938 543 1007 580 illa
1036 542 1117 596 ipsa
1146 557 1277 581 rerum
1308 542 1573 581 humanarum
1595 543 1667 580 do—

265 611 398 656 mina,
431 612 628 656 Fortuna,
662 612 702 649 in
724 611 832 649 istius
856 610 891 648 se
913 610 1139 648 societatem
1160 610 1294 662 gloriae
1317 623 1395 648 non
1417 610 1561 655 offert;
1595 611 1670 648 tibi

263 678 397 722 cedit5
430 686 540 716 tuam
567 678 640 716 effe
670 685 794 716 totam
824 684 863 714 et
892 676 1092 729 propriam
1123 675 1282 714 fatetur.
1317 677 1539 729 Nunquam
1560 677 1669 714 enim

263 744 462 782 temeritas
483 758 574 782 cum
598 744 784 797 sapientia
804 742 1110 787 commiscetur,
1144 755 1215 780 nec
1245 742 1292 780 ad
1322 742 1532 780 consilium
1561 743 1668 781 casus

262 809 503 849 admittitur.

319 878 396 916 III.
431 876 634 915 Domuisti
654 885 790 929 gentes
813 874 1060 913 immanitate
1082 873 1260 913 barbaras
1276 905 1287 921 ,
1320 874 1582 913 multitudine
1604 876 1668 913 in-

263 943 543 988 numerabiles,
560 943 658 980 locis
676 942 866 987 infinitas,
885 942 996 979 omni
1013 942 1219 994 copiarum
1236 955 1378 994 genere
1398 941 1666 988 abundantes;

263 1009 327 1047 sed
349 1018 481 1048 tamen
501 1023 544 1047 ea
563 1009 706 1054 vicisti,
729 1023 816 1061 quae
837 1018 876 1046 et
897 1018 1092 1054 naturam,
1114 1017 1153 1046 et
1174 1008 1463 1053 conditionem,
1496 1018 1541 1046 ut
1562 1009 1669 1047 vinci

261 1076 434 1130 possent,
466 1075 693 1114 habebant:
728 1076 838 1114 nulla
868 1075 922 1113 est
952 1077 1061 1114 enim
1093 1084 1201 1113 tanta
1232 1077 1305 1121 vis,
1338 1090 1424 1129 quae
1456 1089 1534 1113 non
1566 1075 1670 1115 ferro

262 1155 306 1181 ac
326 1143 478 1181 viribus
499 1142 700 1181 debilitari
721 1142 930 1196 frangique
951 1142 1081 1196 poffit.
1105 1142 1304 1180 Animum
1320 1143 1491 1187 vincere,
1510 1142 1668 1180 iracuna

264 1208 371 1247 diam
400 1207 602 1254 cohibere,
634 1209 840 1247 vidtoriam
874 1218 1104 1261 temperare,
1136 1207 1411 1253 adversarium,
1445 1207 1669 1254 nobilitate,

264 1274 450 1327 ingenio,
482 1275 629 1312 virtute
659 1275 929 1327 praestantem,
962 1288 1042 1312 non
1075 1274 1195 1312 modo
1227 1275 1417 1313 extollere
1443 1276 1668 1327 jacentem,

264 1341 329 1380 sed
350 1342 470 1380 etiam
491 1341 733 1394 amplificare
753 1343 837 1394 ejus
859 1341 1064 1394 pristinam
1095 1341 1332 1394 dignitatem
1351 1361 1361 1387 ;
1395 1341 1478 1380 haec
1509 1343 1579 1395 qui
1609 1342 1670 1380 fa—

263 1408 356 1454 ciat,
380 1422 460 1447 non
481 1422 555 1462 ego
575 1422 668 1447 eum
689 1422 782 1447 cum
805 1408 970 1447 summis
991 1409 1086 1447 viris
1107 1422 1309 1462 comparo,
1337 1409 1399 1446 sed
1422 1409 1672 1448 fimillimum

264 1474 352 1512 Deo
367 1474 523 1527 judico.

320 1541 485 1593 Itaque,
519 1542 569 1579 C.
604 1540 755 1586 Caesar,
789 1540 942 1578 bellicae
973 1549 1048 1577 tuae
1083 1538 1216 1577 laudes
1252 1539 1559 1578 celebrabuntur
1593 1541 1671 1579 illae

265 1606 429 1659 quidem
450 1620 531 1645 non
551 1607 680 1645 solum
702 1607 841 1645 nostris
856 1636 866 1652 ,
899 1606 963 1644 sed
983 1619 1083 1659 pene
1103 1606 1287 1644 omnium
1308 1607 1513 1658 gentium,
1545 1607 1671 1646 literis

264 1681 383 1726 atque
403 1673 582 1726 linguis3
616 1686 743 1726 neque
770 1673 851 1711 ulla
877 1686 1056 1726 unquam
1082 1681 1172 1710 aetas
1197 1672 1244 1710 de
1266 1672 1344 1710 tuis
1365 1672 1550 1711 laudibus
1571 1687 1670 1712 con-

265 1739 441 1779 ticescet.
474 1739 549 1778 Sed
569 1749 701 1779 tamen
721 1739 916 1793 ejusmodi
938 1753 1012 1785 res,
1036 1738 1167 1777 nescio
1188 1738 1407 1791 quomodo,
1435 1739 1556 1778 etiam
1577 1754 1671 1779 cum

263 1805 468 1860 leguntur,
489 1806 661 1860 obstrepi
681 1806 853 1845 clamore
874 1806 1055 1844 militum
1074 1805 1274 1851 videntur,
1291 1814 1330 1844 et
1352 1806 1538 1844 tubarum
1560 1806 1668 1847 sono.

264 1874 322 1912 At
353 1887 459 1919 vero,
490 1887 585 1912 cum
616 1873 769 1928 aliquid
800 1873 1031 1918 clementer,
1063 1871 1278 1918 mansuete,
1305 1872 1423 1925 juste,
1455 1872 1669 1919 moderate,

265 1939 457 1993 sapienter
475 1939 640 1986 faenum,
668 1940 710 1979 in
731 1940 933 1979 iracundia
952 1939 1182 1993 praesertim,
1205 1954 1292 1992 quae
1313 1939 1368 1978 est
1387 1940 1551 1979 inimica
1572 1954 1670 1979 con-

265 2006 364 2052 filio,
397 2016 436 2045 et
462 2007 504 2045 in
536 2007 714 2052 victoria,
746 2021 833 2060 quae
865 2015 1003 2044 natura
1032 2005 1204 2044 insolens
1236 2015 1275 2044 et
1308 2005 1473 2059 superba
1504 2007 1572 2052 est,
1604 2017 1671 2047 aut

265 2072 448 2111 audimus
464 2102 476 2118 ‚
506 2082 574 2111 aut
594 2073 766 2125 legimus
782 2090 795 2118 ς
827 2085 908 2125 quo
928 2071 1056 2110 studio
1076 2071 1329 2111 incendimur
1343 2101 1355 2118 ,
1388 2087 1467 2111 non
1489 2073 1609 2111 modo
1630 2074 1671 2112 in

266 2138 381 2191 gestis
402 2139 518 2177 rebus
533 2168 545 2184 ,
577 2138 641 2176 sed
661 2138 781 2176 etiam
806 2138 848 2176 in
869 2137 971 2176 fietis
986 2167 997 2184 ,
1030 2147 1074 2177 ut
1094 2151 1160 2177 eos
1182 2138 1279 2191 saepe
1294 2168 1304 2183 ‚
1336 2152 1436 2191 quos
1464 2153 1670 2193 nunquam

267 2204 456 2250 vidimus,
477 2204 691 2257 diligamus
711 2205 724 2242 ?
751 2205 813 2243 Te
833 2218 939 2251 vero,
961 2218 1082 2258 quem
1102 2205 1333 2258 praesentem
1356 2206 1573 2251 intuemur,
1596 2220 1669 2244 cu-

261 2271 327 2322 jus
349 2280 540 2315 mentem,
563 2270 785 2324 sensusque,
802 2280 840 2309 et
861 2284 904 2309 os
925 2271 1141 2316 cernimus,
1165 2280 1223 2316 ut,
1247 2271 1445 2324 quidquid
1468 2271 1562 2309 belli
1586 2271 1668 2310 for-

267 2347 362 2374 tuna
382 2336 583 2390 reliquum
604 2337 831 2390 reipublicae
852 2337 1011 2384 fecerit,
1044 2338 1084 2376 id
1105 2338 1178 2376 effe
1200 2338 1348 2376 salvum
1370 2338 1488 2383 velis,
1521 2338 1668 2391 quibus

269 2402 452 2441 laudibus
479 2402 720 2442 efferemus?
752 2404 898 2457 quibus
927 2404 1063 2443 studiis
1093 2404 1405 2457 prosequemur?
1440 2417 1515 2456 qua
1548 2404 1669 2441 bene-

270 2468 443 2523 volentia
462 2469 806 2523 complefitemur?
840 2470 1008 2508 Parietes
1037 2470 1191 2509 medius
1214 2469 1346 2513 fidius,
1380 2470 1430 2507 C.
1455 2468 1593 2514 Caesar,
1627 2477 1672 2507 ut

1214 2536 1254 2573 H
1288 2535 1313 2571 h
1348 2549 1367 2571 τι
