2076 2860
546 160 1313 200 CONSULARIBUS.
1567 174 1635 201 111

226 263 270 302 in
301 276 349 302 eo
380 262 651 317 perseveravit,
677 263 745 316 jus
777 262 995 316 publicano
1027 275 1108 301 non
1141 262 1296 301 dicere:
1329 263 1528 316 pactiones
1562 264 1641 302 fine

227 330 311 369 ulla
330 330 477 383 injuria
494 328 613 368 factas
636 328 794 368 rescidit
813 344 822 369 :
850 329 1044 368 custodias
1067 329 1236 375 sustulit,
1259 330 1468 383 vectigales
1490 331 1641 369 multos

226 411 272 436 ac
291 397 564 451 stipendiarios
586 397 793 436 liberavit:
817 410 898 450 quo
918 397 961 435 in
982 396 1131 450 oppido
1152 396 1233 450 ipse
1253 396 1359 443 esset,
1383 406 1450 436 aut
1471 411 1551 450 quo
1572 413 1640 437 ve-

227 465 344 509 niret,
367 463 426 502 ibi
446 463 724 517 publicanum,
747 472 814 502 aut
834 463 1042 517 publicani
1062 464 1232 509 servum,
1258 462 1332 502 effe
1352 464 1493 503 vetuit.
1528 465 1640 518 Qid

228 530 389 570 multa?
421 529 593 569 crudelis
614 529 840 576 haberetur,
873 530 903 569 fi·
921 531 963 568 in
984 530 1139 569 hostem
1160 532 1293 569 animo
1315 530 1447 569 fuisset
1467 545 1528 577 eo,
1561 546 1641 585 quo

227 597 309 636 fuit
328 598 370 636 in
391 598 495 636 cives
518 598 749 644 Romanos,
782 599 866 650 ejus
896 597 1047 636 ordinis
1078 597 1321 651 praesertim,
1353 599 1423 651 qui
1454 598 1507 636 est
1538 599 1639 637 sem-

226 678 297 718 per
317 664 512 718 dignitate
533 664 612 712 sua,
644 665 893 717 benignitate
912 664 1177 717 magistratus,
1209 664 1458 704 sustentatus.

285 731 425 783 Itaque
453 730 618 776 videtis,
653 731 785 769 Patres
819 730 1058 784 conscripti,
1091 744 1172 768 non
1203 732 1425 769 temeritate
1457 731 1639 784 redemp-

228 796 366 842 tionis,
397 806 464 835 aut
486 798 637 850 negotii
657 796 821 849 gerendi
842 796 1011 842 inscitia,
1044 796 1108 834 sed
1129 797 1302 842 avaritia,
1330 797 1525 850 superbia,
1549 812 1639 836 cru·

229 863 393 903 delirate
412 864 605 909 Gabinii,
636 877 737 917 pene
766 862 931 902 afflictos
957 864 1044 916 jam
1063 873 1181 916 atque
1202 864 1352 902 eversos
1375 864 1610 917 publicanos
1631 882 1639 902 ;

227 931 375 983 quibus
396 930 560 983 quidem
581 943 650 968 vos
665 960 676 976 ,
709 931 750 968 in
772 929 839 968 his
856 929 1046 983 angustiis
1068 931 1190 969 aerarii
1204 961 1215 977 ‚
1249 941 1380 969 tamen
1403 931 1641 969 subveniatis

228 997 376 1036 neceffe
392 985 465 1036 est:
488 997 653 1051 etfijarn
671 997 811 1036 multis
828 1011 909 1036 non
926 996 1104 1050 potestis,
1122 998 1207 1050 qui,
1226 1008 1388 1051 propter
1408 998 1526 1037 illum
1548 998 1641 1036 hos-

226 1073 310 1103 tem
329 1063 499 1110 senatus‚
522 1064 840 1103 inimiciffimum
861 1064 1012 1103 ordinis
1029 1064 1233 1117 equestris,
1252 1066 1530 1117 bonorumque
1551 1079 1642 1104 om-

227 1131 358 1177 nium,
380 1145 461 1170 non
483 1131 613 1170 solum
635 1132 752 1178 bona,
785 1131 849 1170 sed
869 1133 989 1170 etiam
1011 1130 1271 1178 honestatem,
1304 1132 1436 1170 miseri
1458 1132 1643 1186 deperdi-

227 1196 399 1236 derunt:
432 1211 532 1250 quos
565 1211 645 1236 non
678 1198 937 1251 parfimonia,
970 1211 1050 1236 non
1079 1199 1348 1243 continentia,
1382 1212 1462 1236 non
1491 1200 1641 1245 virtus,

229 1277 310 1302 non
331 1264 457 1310 labor,
489 1278 570 1303 non
591 1264 790 1318 splendor,
814 1266 915 1304 tueri
936 1266 1070 1319 potuit
1091 1275 1230 1304 contra
1249 1266 1359 1305 illius
1381 1265 1582 1305 helluonis
1604 1276 1643 1305 et

229 1330 425 1384 praedonis
445 1331 664 1371 audaciam,

285 1397 430 1450 Qid?
462 1399 533 1451 qui
560 1399 599 1437 se
625 1399 746 1438 etiam
772 1412 879 1437 nunc
901 1398 1080 1437 subfidiis
1103 1399 1361 1452 patrimonii,
1393 1409 1460 1437 aut
1489 1400 1641 1438 amico-

227 1477 318 1502 rum
337 1464 576 1503 liberalitate
590 1495 601 1510 ,
634 1465 864 1511 sustentant,
886 1464 960 1503 hos
982 1466 1108 1518 perire
1128 1467 1326 1518 patiemur
1346 1467 1358 1503 ?
1391 1467 1456 1503 An
1473 1496 1483 1511 ‚
1517 1467 1543 1504 s1
1572 1468 1641 1518 qui

227 1528 308 1568 frui
329 1531 495 1584 publico
516 1545 596 1569 non
617 1532 752 1584 potuit
771 1546 842 1585 per
862 1531 1015 1570 hostem
1031 1561 1042 1577 ‚
1074 1531 1142 1569 hic
1168 1533 1317 1583 tegitur
1338 1532 1418 1584 ipsa
1438 1532 1524 1583 lege
1545 1546 1640 1570 cen-

229 1596 352 1641 soria3
385 1610 507 1648 quem
528 1597 561 1634 is
582 1597 663 1636 frui
684 1611 764 1636 non
786 1598 892 1642 finit,
924 1599 994 1649 qui
1014 1597 1082 1642 est,
1114 1598 1234 1635 etiam
1256 1598 1281 1635 fi
1305 1611 1383 1635 non
1405 1598 1641 1650 appellatur,

228 1661 369 1708 hostis,
399 1662 496 1700 huic
530 1662 626 1701 ferri
658 1664 856 1702 auxilium
889 1677 968 1701 non
1001 1665 1190 1716 oportet?
1224 1664 1412 1702 Retinere
1444 1665 1569 1717 igitur
1600 1666 1642 1702 in

230 1729 436 1782 provincia
463 1729 613 1768 diutius
646 1744 754 1776 eum,
785 1732 856 1783 qui
884 1730 932 1768 de
957 1730 1073 1768 sociis
1106 1745 1199 1768 cum
1231 1729 1427 1776 hostibus,
1459 1731 1507 1769 de
1539 1733 1641 1770 civi-

230 1796 304 1834 bus
326 1809 421 1834 cum
441 1796 571 1841 sociis,
604 1795 724 1835 faciat
743 1797 943 1850 pactiones
963 1812 971 1835 :
1005 1796 1075 1848 qui
1103 1795 1180 1834 hoc
1207 1798 1327 1835 ctiam
1348 1797 1385 1835 se
1406 1798 1531 1850 pluris
1553 1798 1640 1843 esse,

229 1875 349 1914 quam
369 1862 582 1914 collegam,
614 1871 743 1915 putet,
771 1862 880 1916 quod
900 1862 970 1900 ille
989 1875 1058 1901 vos
1081 1862 1238 1900 tristitia
1257 1863 1453 1916 vultuque
1474 1863 1641 1917 decepe-

229 1928 296 1973 rit,
328 1928 409 1982 ipse
441 1942 647 1982 nunquam
680 1929 717 1967 se
748 1930 899 1974 minus,
931 1943 1052 1983 quam
1084 1939 1179 1974 erat,
1214 1943 1385 1982 nequam
1416 1930 1488 1968 efi'e
1519 1931 1640 1969 fimu-

230 1994 335 2034 larit.
383 1995 472 2033 Piso
493 2005 626 2034 autem
647 1996 725 2034 alio
746 1996 920 2049 quodam
941 1995 1062 2034 modo
1083 1996 1277 2048 gloriatur
1291 2026 1301 2041 ,
1334 1997 1370 2034 se
1399 1997 1507 2034 brevi
1536 2007 1640 2035 tem-

229 2074 324 2114 pore
354 2062 582 2116 perfeciffe,
621 2077 670 2101 ne
705 2063 754 2102 C.
791 2063 990 2101 Gabinius
1026 2076 1129 2101 unus
1163 2064 1346 2102 omnium
1384 2064 1646 2117 nequifiimus

229 2128 533 2168 existimaretur.

287 2195 362 2233 VI.
393 2196 482 2234 Hos
500 2209 568 2235 vos
585 2195 633 2233 de
648 2195 880 2248 provinciis,
897 2195 1019 2234 finon
1037 2195 1250 2249 aliquando
1267 2196 1489 2235 deducendi
1505 2197 1640 2243 essent,

232 2260 482 2312 deripiendos
515 2275 594 2300 non
626 2262 849 2314 putaretis?
886 2271 925 2301 et
955 2262 1025 2301 has
1058 2263 1244 2316 duplices
1270 2263 1394 2316 pestes
1426 2263 1639 2308 sociorum,

232 2326 413 2365 militum
433 2327 578 2373 clades,
610 2328 917 2380 publicanorum
939 2330 1086 2374 ruinas,
1114 2330 1409 2383 provinciamm
1430 2330 1640 2374 vastitates,

233 2394 391 2446 imperii
413 2394 601 2440 maculas,
634 2396 817 2434 teneretis
838 2397 851 2433 ?
883 2397 940 2434 At
960 2396 1082 2434 iidem
1102 2409 1186 2441 vos,
1210 2409 1313 2433 anno
1334 2397 1545 2449 superiore,
1567 2396 1640 2434 hos

233 2459 389 2498 eosdem
411 2460 650 2499 revocabatis
668 2490 678 2504 ,
710 2474 804 2500 cum
833 2462 872 2500 in
894 2463 1116 2515 provincias
1134 2463 1216 2513 jam
1240 2462 1513 2514 pervenissent.
1547 2464 1642 2513 Qo
