2076 2860
722 170 873 208 PRO
934 169 1276 208 MILONE.
1626 183 1698 211 211

296 270 360 308 sed
380 268 550 309 mirabar
571 278 702 307 tamen
723 269 829 307 credi
856 283 996 322 popae;
1029 268 1274 308 ebriosorum
1306 268 1588 309 confeffionem
1620 271 1700 310 ser-

295 351 437 375 vorum
468 335 621 381 audiri;
654 335 799 373 vulnus
820 336 861 373 in
883 336 1017 381 latere,
1049 335 1157 389 quod
1178 350 1249 375 acu
1270 338 1465 390 punctum
1485 336 1698 384 videretur,

295 417 367 456 pro
387 403 468 440 ictu
488 401 714 455 gladiatoris
735 402 908 455 probari.
942 403 1109 448 Verum,
1136 412 1181 441 ut
1201 403 1400 457 intelligo,
1432 404 1592 443 cavebat
1612 418 1697 443 ma-

293 469 354 522 gis
387 468 628 522 PompeiuS,
660 482 781 521 quam
813 468 1004 515 timebat,
1037 483 1117 507 non
1149 483 1191 506 ea
1223 469 1377 516 solum,
1409 484 1496 523 quae
1525 470 1699 509 timenda

293 544 417 581 erant,
450 534 513 573 sed
545 534 712 573 omnino
738 535 886 580 omnia,
919 549 968 573 ne
999 535 1150 589 aliquid
1183 549 1249 574 vos
1283 536 1489 575 timeretis.
1524 537 1698 590 Oppug-

293 611 384 641 nata
403 601 546 641 domus
568 603 618 641 C.
643 601 802 641 Caesaris
819 632 829 647 ,
862 601 1059 640 clariffimi
1080 611 1119 641 et
1139 602 1340 641 fortiffimi
1359 602 1459 649 viri,
1492 617 1561 656 per
1588 604 1697 641 mu]-

293 678 349 707 tas
371 669 497 708 noctis
517 668 632 707 horas
653 669 924 708 nuntiabatur.
962 669 1098 708 Nemo
1117 668 1291 708 audierat
1311 678 1393 708 tam
1413 669 1560 708 celebri
1580 670 1670 709 loco
1685 700 1695 715 ‚

293 750 411 774 nemo
443 736 635 775 senserat:
669 745 801 775 tamen
832 736 1076 775 audiebatur.
1121 737 1218 775 Non
1250 744 1430 789 poteram
1463 737 1541 775 Cn.
1573 737 1696 775 Pom-

291 803 442 856 peium,
474 802 783 856 praestantiffima
802 803 948 841 virtute
968 803 1110 848 civem,
1143 802 1331 842 timidum
1357 803 1568 856 suspicari:
1602 803 1696 842 dili-

290 869 494 922 gentiam,
527 878 610 907 tota
641 868 844 921 republica
876 868 1075 922 suscepta,
1109 869 1275 907 nimiam
1308 869 1461 908 nullam
1487 869 1693 922 putabam.

290 934 622 989 Frequentiffimo
643 935 777 973 senatu
799 949 924 988 nuper
944 936 985 973 in
1009 935 1210 989 Capitolio
1231 936 1383 974 senator
1403 936 1587 975 inventus
1615 937 1668 976 est
1683 967 1695 983 ,

290 1003 362 1055 qui
393 1001 595 1040 Milonem
616 1015 711 1040 cum
732 1002 812 1040 telo
832 1002 905 1040 effe
926 1002 1088 1041 diceret.
1123 1002 1302 1041 Nudavit
1330 1003 1366 1041 se
1393 1003 1434 1041 in
1463 1003 1697 1042 sanffifihno

290 1068 442 1122 templo
457 1097 468 1113 ‚
501 1068 692 1121 quoniam
712 1069 792 1107 vita
812 1069 899 1107 talis
921 1078 960 1107 et
980 1069 1076 1107 civis
1098 1078 1137 1108 et
1158 1069 1231 1108 viri
1257 1069 1376 1108 fidem
1398 1084 1478 1108 non
1499 1069 1693 1116 faciebat,

289 1134 376 1180 nifi,
408 1148 453 1172 eo
475 1143 642 1180 tacente,
675 1148 733 1172 res
755 1134 835 1188 ipsa
855 1135 1097 1188 loqueretur.

345 1201 480 1239 XXV.
506 1200 656 1238 Omnia
670 1199 778 1246 falsa,
796 1210 914 1254 atque
929 1201 1109 1240 infidiose
1123 1200 1225 1247 fieta,
1241 1210 1445 1255 comperta
1457 1201 1561 1240 sunt.
1575 1202 1697 1255 Qod

290 1266 317 1304 fi
339 1274 471 1304 tamen
492 1266 685 1304 metuitur
704 1267 824 1305 etiam
845 1281 952 1306 nunc
974 1267 1081 1306 Milo
1096 1297 1106 1313 ‚
1140 1281 1221 1306 non
1248 1267 1326 1306 hoc
1345 1269 1430 1321 jam
1453 1267 1696 1307 Clodianum

288 1333 440 1371 crimen
461 1333 666 1378 timemus,
702 1332 765 1371 sed
787 1342 887 1379 tuas,
911 1334 989 1372 Cn.
1015 1334 1196 1386 PompeI,
1231 1335 1289 1387 (te
1309 1335 1416 1372 enim
1431 1336 1517 1387 jam
1537 1335 1696 1388 appello

287 1412 331 1437 ea
346 1413 455 1445 voce,
479 1408 524 1438 ut
540 1413 604 1438 me
624 1399 757 1438 audire
773 1400 907 1453 poffis)
928 1410 1028 1446 tuas,
1048 1410 1131 1439 tuas
1148 1400 1328 1454 inquam,
1347 1401 1585 1454 suspiciones
1602 1416 1694 1455 per-

287 1464 566 1505 horrescimus.
592 1467 631 1504 Si
651 1466 851 1505 Milonem
874 1467 1005 1513 times,
1028 1468 1055 1506 fi
1076 1467 1186 1506 hunc
1207 1467 1254 1506 de
1276 1477 1343 1506 tua
1362 1468 1441 1506 vita
1462 1467 1608 1506 nefarie
1628 1477 1695 1506 aut

286 1545 394 1570 nunc
415 1532 602 1585 cogitare,
634 1541 702 1570 aut
721 1532 912 1571 molitum
932 1533 1144 1585 aliquando
1165 1533 1327 1585 aliquid,
1350 1543 1490 1586 putas;
1523 1534 1550 1572 sl
1572 1534 1695 1573 Italiae

288 1598 479 1643 delectus,
502 1607 547 1636 ut
567 1598 754 1637 nonnulli
775 1599 1058 1652 conquifitores
1081 1599 1140 1637 tui
1160 1598 1357 1644 dictitant,
1381 1600 1406 1637 fi
1424 1599 1507 1638 haec
1524 1613 1644 1646 arma,
1667 1601 1695 1640 fi

290 1664 529 1718 Capitolinae
550 1664 749 1710 cohortes,
773 1665 799 1703 fi
821 1665 1013 1711 excubiae‚
1036 1665 1062 1703 fi
1084 1664 1243 1718 vigiliae,
1275 1666 1302 1704 fi
1323 1665 1471 1704 delecta
1485 1667 1692 1719 juventus,

289 1744 376 1784 quae
407 1740 524 1770 tuum
554 1745 697 1785 corpus
728 1732 977 1785 domumque
1010 1731 1209 1777 custodit,
1241 1742 1379 1771 contra
1413 1732 1583 1772 Milonis
1613 1734 1692 1773 im-

289 1807 429 1851 petum
449 1807 597 1836 armata
621 1798 689 1844 est,
722 1808 840 1851 atque
870 1798 939 1837 illa
967 1798 1101 1836 omnia
1130 1798 1171 1836 in
1202 1797 1311 1836 hunc
1342 1813 1469 1837 unum
1489 1799 1692 1846 instituta,

287 1872 432 1917 parata,
466 1864 619 1902 intenta
639 1864 756 1904 sunt:
790 1877 933 1917 magna
964 1864 1005 1902 in
1037 1863 1115 1902 hoc
1143 1874 1247 1903 certe
1275 1865 1347 1910 vis,
1381 1875 1419 1902 et
1447 1866 1692 1905 incredibilis

287 1931 442 1969 animus
456 1961 467 1976 ,
498 1940 538 1969 et
559 1945 639 1969 non
660 1931 779 1970 unius
801 1932 875 1970 viri
896 1932 996 1969 vires
1018 1941 1134 1984 atque
1156 1945 1248 1984 opes
1272 1931 1518 1977 indicantur,
1551 1932 1577 1970 fi
1599 1934 1691 1985 qui-

287 1996 377 2035 dem
400 1998 441 2035 in
461 1996 570 2035 hunc
592 2011 720 2037 unum
739 2006 779 2036 et
799 1997 1130 2051 praestantiffimus
1157 1997 1237 2036 dux
1259 1998 1420 2043 eledtus,
1451 2007 1490 2038 et
1512 2007 1594 2037 tota
1613 1999 1692 2038 res-

288 2064 450 2116 publica
469 2073 615 2102 armata
635 2064 703 2103 est.

345 2130 419 2168 Sed
439 2132 529 2183 quis
551 2144 630 2168 non
652 2129 870 2182 intelligit,
902 2143 1038 2169 omnes
1069 2130 1146 2169 tibi
1176 2130 1404 2185 reipublicae
1424 2141 1552 2185 partes
1575 2145 1691 2185 aegras

289 2205 327 2233 et
348 2196 521 2234 labantes
536 2226 546 2241 ,
580 2206 623 2234 ut
644 2210 704 2235 eas
726 2195 788 2235 his
810 2198 927 2235 armis
950 2198 1096 2237 sanares
1118 2208 1156 2237 et
1177 2198 1429 2237 confirmares
1444 2229 1453 2244 ,
1485 2199 1557 2237 effe
1578 2213 1691 2237 com-

289 2262 449 2300 miffas?
482 2263 603 2315 Qod
625 2263 651 2301 fi
673 2263 824 2301 Miloni
857 2264 967 2303 locus
999 2266 1110 2304 datus
1141 2266 1260 2311 efl'et3
1294 2265 1485 2318 probaffet
1515 2264 1693 2318 profe&o

290 2329 364 2366 tibi
386 2329 455 2382 ipfi
471 2359 482 2375 ,
516 2330 717 2369 neminem
738 2345 913 2384 unquam
935 2332 1142 2372 hominem
1164 2332 1319 2371 homini
1342 2334 1531 2371 cariorem
1553 2332 1664 2370 fuiffe
1679 2362 1689 2377 ,

290 2409 410 2447 quam
433 2405 469 2433 te
491 2396 561 2433 fibi
581 2411 589 2434 ε
624 2397 783 2435 nullum
810 2398 847 2435 se
878 2412 1054 2451 unquam
1076 2400 1299 2452 periculum
1321 2413 1393 2451 pro
1415 2409 1479 2436 tua
1501 2399 1692 2450 dignitate

292 2461 431 2514 fugiffe
451 2477 458 2500 :
493 2476 586 2501 cum
607 2462 676 2501 illa
694 2463 776 2517 ipsa
796 2465 996 2504 teterrima
1015 2466 1118 2518 peste
1144 2465 1343 2518 saepiffime
1374 2479 1443 2517 pro
1475 2475 1540 2503 tua
1568 2464 1693 2516 gloria

1242 2534 1279 2570 D
1311 2532 1335 2569 d
1368 2545 1388 2570 2
