2076 2860
698 155 1274 199 PHILIPPICA
1351 154 1463 193 XIV.
1699 154 1777 205 463

380 255 522 303 habuit
557 264 798 306 maximam,
831 260 981 314 populo
1016 260 1200 296 Romano
1236 270 1360 295 unum
1396 265 1512 308 atque
1547 253 1653 292 idem
1689 253 1775 291 seu-

380 331 517 369 tiente.
563 331 609 368 In
645 342 721 381 qua
755 328 948 365 concione
983 338 1077 363 cum
1111 337 1189 368 me,
1222 337 1293 375 pro
1327 322 1481 361 summa
1516 320 1642 358 nostra
1676 333 1774 357 con-

375 396 583 449 junctione
610 404 648 433 et
676 393 956 438 familiaritate,
988 391 1152 429 liberare
1183 389 1401 442 suspicione
1431 387 1597 426 fascium
1626 385 1772 430 vellet,-

382 477 457 500 una
486 476 582 500 voce
616 463 757 499 cuncta
789 459 930 498 concio
960 458 1183 502 declaravit,
1217 455 1319 493 nihil
1349 454 1421 493 effe
1455 468 1476 492 a
1505 467 1569 492 me
1599 465 1776 505 unquam

380 528 427 566 de
450 527 652 581 republica
672 527 742 564 nisi
764 525 915 578 optime
935 524 1169 576 cogitatum.
1219 521 1308 560 Post
1336 520 1438 559 hanc
1469 519 1647 558 habitam
1677 530 1774 555 con-

379 595 560 639 cionem,
593 593 743 631 duabus
780 591 950 629 tribusve
985 590 1117 634 horis,
1149 587 1378 640 optatiffimi
1414 586 1546 624 nuntii
1579 594 1619 623 et
1653 584 1774 622 literae

379 669 598 698 venerunt:
637 668 682 697 ut
716 658 821 696 idem
855 657 936 695 dies
972 669 1051 694 non
1092 654 1211 692 modo
1250 667 1314 691 me
1353 651 1594 704 iniquiffima
1628 649 1776 688 invidia

380 726 569 770 liberarit,
602 725 665 763 sed
697 725 816 763 etiam
848 723 1102 761 celeberrima
1134 719 1272 773 populi
1308 718 1481 756 Romani
1513 716 1774 770 gratulatione

380 792 546 830 auxerit.

436 859 535 896 Haec
557 856 786 910 interposui,
821 855 951 893 Patres
973 852 1202 905 conscripti,
1235 864 1313 889 non
1345 859 1424 888 tam
1455 857 1499 886 ut
1526 861 1598 900 pro
1626 861 1689 885 me
1711 847 1771 884 di—

380 937 525 968 cerem,
551 923 670 975 (male
691 923 798 960 enim
820 934 978 958 mecum
1000 928 1191 971 ageretur,
1221 917 1247 955 fi
1269 930 1409 969 parum
1428 914 1540 952 vobis
1561 913 1676 951 effem
1698 913 1775 952 sme

380 989 601 1027 defenfione
622 987 829 1040 purgatus)
854 1000 974 1038 quam
1002 995 1045 1023 ut
1073 984 1262 1037 quosdam
1288 982 1407 1020 nimis
1424 981 1562 1032 jejuno
1583 980 1716 1017 animo
1736 988 1775 1015 et

380 1053 543 1106 angusto
578 1066 795 1096 monerem,
827 1051 867 1088 id
897 1049 1005 1102 quod
1035 1049 1185 1100 semper
1214 1047 1294 1100 ipse
1328 1045 1516 1089 fecissem,
1548 1044 1608 1082 uti
1641 1043 1774 1081 excel-

380 1120 550 1158 lentium
571 1119 720 1156 civium
740 1118 931 1155 virtutem
950 1115 1174 1153 imitatione
1195 1112 1371 1164 dignam,
1404 1124 1483 1148 non
1505 1109 1665 1154 invidia,
1698 1123 1774 1161 pu-

379 1195 520 1224 tarent.
565 1185 738 1236 Magnus
770 1183 823 1221 est
852 1183 894 1220 in
924 1180 1128 1234 republica
1156 1192 1334 1231 campus,
1368 1186 1412 1215 ut
1437 1176 1626 1229 sapienter
1647 1175 1775 1213 dicere

381 1251 534 1290 Craffus
557 1250 703 1288 solebat
722 1264 730 1287 z
764 1249 902 1286 multis
925 1255 1079 1299 apertus
1101 1244 1235 1283 cursus
1257 1245 1304 1282 ad
1323 1243 1496 1281 laudem.

436 1317 532 1354 VII.
567 1317 734 1353 Utinam
762 1313 925 1366 quidem
958 1312 1018 1349 illi
1049 1309 1246 1364 principes
1278 1310 1467 1352 viverent,
1500 1307 1570 1360 qui
1597 1321 1660 1345 me
1691 1305 1776 1359 post

380 1397 515 1421 meum
535 1381 799 1425 consulatum,
818 1393 912 1418 cum
933 1379 981 1416 iis
1003 1377 1082 1430 ipse
1102 1376 1294 1420 cederem,
1313 1375 1536 1428 principem
1557 1387 1636 1410 non
1661 1372 1774 1409 inviti

382 1448 594 1487 videbant!
630 1448 721 1485 Hoc
742 1459 833 1484 vero
855 1454 1046 1497 tempore,
1079 1443 1118 1480 in
1153 1450 1259 1479 tanta
1288 1441 1422 1493 inopia
1451 1439 1715 1477 constantium
1736 1447 1776 1475 et

381 1514 548 1553 fortium
569 1513 850 1556 consularium,
883 1524 962 1563 quo
990 1523 1053 1547 me
1079 1509 1213 1546 dolore
1234 1507 1338 1544 affici
1358 1505 1532 1549 creditis,
1564 1518 1656 1542 cum
1678 1503 1774 1540 alios

381 1580 482 1618 male
505 1580 659 1623 sentire,
691 1579 786 1616 alios
820 1576 922 1615 nihil
955 1575 1119 1613 omnino
1152 1586 1284 1611 curare
1315 1571 1483 1614 videam,
1515 1570 1609 1607 alios
1635 1582 1773 1621 parum

381 1645 601 1683 constanter
631 1645 670 1682 in
703 1643 876 1695 suscepta
905 1641 1017 1679 causa
1049 1652 1289 1692 permanere,
1322 1636 1631 1685 sententiamque
1666 1633 1774 1670 suam

381 1725 460 1749 non
483 1710 633 1762 semper
655 1709 824 1747 utilitate
847 1706 1086 1759 reipublicae,
1106 1704 1168 1742 sed
1189 1717 1282 1741 eum
1304 1702 1382 1755 spe,
1402 1711 1487 1738 tum
1510 1701 1666 1743 timore,
1684 1712 1773 1736 mo-

381 1777 505 1815 derari
525 1778 537 1813 ?
571 1775 690 1827 Qod
719 1775 744 1813 s1
772 1775 860 1826 quis
883 1774 929 1811 de
949 1771 1204 1810 contentione
1225 1768 1469 1822 principatus
1491 1765 1655 1809 laborat,
1688 1778 1776 1816 quae

382 1843 492 1881 nulla
511 1841 582 1880 effe
604 1841 746 1886 debet;
779 1839 999 1877 stultiffime
1031 1837 1142 1882 facit,
1174 1835 1200 1873 fi
1232 1834 1339 1872 vitiis
1371 1846 1466 1870 cum
1497 1832 1643 1868 virtute
1675 1842 1772 1868 con-

381 1909 523 1948 tendit.
559 1910 616 1946 Ut
637 1908 743 1946 enim
765 1906 879 1944 cursu
900 1905 1050 1950 cursus,
1082 1903 1132 1941 fic
1162 1903 1203 1940 in
1233 1901 1326 1940 viris
1354 1898 1526 1938 fortibus
1547 1897 1670 1935 virtus
1692 1896 1773 1934 vir-

380 1985 481 2020 tute,
504 1975 718 2027 superatur.
744 1975 825 2018 Tu,
844 1972 870 2010 fi
886 1985 959 2023 ego
976 1970 1023 2008 de
1044 1968 1248 2022 republica
1266 1966 1418 2019 optime
1439 1964 1627 2008 sentiam,
1652 1971 1695 1999 ut
1711 1975 1776 2000 me

379 2042 529 2085 vineas,
561 2039 641 2092 ipse
663 2038 821 2091 pesfime
842 2036 1014 2075 senties?
1046 2044 1127 2079 aut,
1159 2033 1186 2071 fi
1216 2033 1263 2070 ad
1293 2045 1357 2070 me
1386 2030 1584 2068 bonorum
1605 2042 1773 2066 concur-

383 2108 468 2146 sum
490 2106 573 2145 fieri
595 2105 761 2149 videbis,
793 2103 839 2141 ad
868 2112 904 2140 te
925 2101 1128 2154 improbos
1150 2099 1335 2138 invitabis
1356 2099 1369 2136 ?
1401 2097 1567 2141 nollem,
1599 2096 1772 2148 primum

383 2172 611 2225 reipublicae
632 2170 769 2215 causa,
802 2168 941 2207 deinde
962 2168 1081 2206 etiam
1102 2166 1306 2218 dignitatis
1328 2173 1418 2203 tuae.
1453 2162 1541 2207 Sed,
1574 2162 1599 2199 fi
1621 2161 1772 2213 princi-

384 2249 496 2293 patus
525 2246 715 2290 ageretur,
747 2249 867 2288 quem
900 2247 1105 2287 nunquam
1137 2232 1324 2285 expetivi,
1357 2229 1454 2283 quid
1487 2227 1644 2266 tandem
1671 2224 1773 2264 mihi

384 2305 473 2344 effet
495 2304 698 2357 optatius?
731 2304 818 2355 Ego
851 2303 958 2340 enim
986 2301 1098 2339 malis
1132 2298 1332 2338 sententiis
1360 2296 1574 2335 vinci'non
1604 2292 1770 2346 pofi'um,

385 2372 498 2411 bonis
519 2370 677 2408 forfitan
700 2369 866 2422 poffum,
889 2378 936 2406 'et
957 2368 1140 2406 libenter.

440 2439 539 2476 Haec
572 2435 767 2489 populum
800 2437 1030 2474 Romanum
1060 2431 1203 2476 videre,
1235 2429 1554 2470 animadvertere,
1582 2423 1772 2477 judicare,

470 2504 613 2542 TOM.
649 2502 719 2541 VI.
1321 2494 1360 2532 N
1393 2506 1417 2530 11
1449 2505 1475 2528 n
