2076 2860
198 2314 212 2342 3

549 232 1303 280 M.TULLII

371 377 421 434 C
509 380 536 436 Ι
628 379 677 436 <3
765 381 815 437 E
901 380 959 436 13
1047 380 1103 435 ()
1189 379 1257 436 DJ
1349 382 1373 436 I
1462 377 1501 433 S

853 543 1015 578 PRO

473 675 876 721 PUBLIO

971 675 1376 722 SEXTIO

575 828 940 867 ORATIO
1031 827 1241 867 XXXII.

313 964 422 1004 Edit.
458 966 612 1005 Olivet-

292 1119 306 1137 z
329 1110 442 1148 imperii
457 1111 481 1138 C
496 1123 520 1139 r.
537 1110 575 1148 (i.
591 1123 613 1140 e.
631 1111 758 1146 Romani)
773 1115 874 1149 imperii

293 1160 307 1188 3
333 1149 399 1179 forti
416 1151 445 1179 H
461 1151 478 1178 S
493 1155 605 1189 gforlcs

291 1199 310 1224 4
332 1190 407 1218 suam
423 1191 452 1219 in
473 1191 498 1226 ψ
513 1196 540 1218 in

292 1230 307 1257 8
329 1230 466 1259 omittatis
482 1244 501 1266 χ
515 1235 659 1259 omittamus

275 1277 311 1305 14
332 1270 436 1298 alacres
453 1272 476 1298 C
491 1271 587 1298 alacris

223 1307 230 1311 '
276 1317 308 1346 ¹5
333 1310 505 1339 voluntarios
520 1311 549 1338 T
562 1313 588 1338 d.

277 1357 312 1384 ¹7
335 1349 662 1388 suntCHSTxstnt

296 1397 306 1415 ι
333 1399 388 1418 non
403 1391 428 1425 ψ
443 1392 469 1419 d.

271 1442 313 1449 —-
334 1429 395 1457 suos
411 1429 437 1464 ψ
452 1431 477 1458 A.

295 1477 311 1496 2
333 1470 407 1498 viros
420 1484 442 1505 χ
455 1474 528 1499 cive»-

290 1518 310 1543 4
330 1508 380 1537 hos
395 1511 420 1538 C
435 1511 479 1539 hoc

295 1549 311 1575 8
333 1550 469 1586 putabam
486 1551 510 1578 C
524 1550 553 1578 T
563 1554 666 1588 putavi
679 1551 704 1586 ψ
714 1551 824 1588 putavi,
841 1560 863 1577 tt

277 1596 312 1615 12
335 1598 350 1616 a
366 1589 404 1624 Q.
422 1591 447 1619 C
463 1590 493 1619 T
508 1589 534 1625 ψ
549 1592 583 1619 ab

277 1636 310 1664 13
336 1629 366 1656 Ρ.
381 1643 401 1664 χ
416 1632 444 1658 d.

276 1675 310 1702 17
332 1668 433 1698 deesset
450 1669 473 1705 ψ
489 1671 583 1708 deffm

277 1707 312 1734 18
336 1718 351 1735 a
366 1719 410 1737 me
427 1711 451 1738 C
468 1711 495 1738 H
513 1713 529 1738 S
547 1711 574 1739 T
587 1712 612 1738 d.

271 1762 315 1769 —
335 1748 389 1776 hoc
404 1758 531 1778 extremo
553 1751 578 1779 C
600 1764 632 1788 χ,
649 1751 673 1785 ψ
687 1754 804 1779 exercista
826 1749 855 1778 H
874 1752 902 1777 in

370 1794 487 1818 exercitio
502 1791 530 1818 T
545 1794 574 1818 in
587 1793 766 1819 exet-[italiam

269 1842 310 1850 —
331 1828 394 1856 loco
410 1830 434 1857 C
449 1831 478 1858 T
490 1843 521 1866 χ,
535 1829 563 1865 ψ
577 1842 596 1858 a
610 1842 646 1859 me
659 1831 736 1859 locum
752 1830 780 1858 H
796 1835 874 1858 locum

275 1877 310 1905 19
331 1870 452 1906 querelae
466 1870 491 1898 C
506 1871 535 1898 H
553 1871 580 1898 T
595 1884 626 1906 χ,
642 1872 667 1905 ψ
682 1870 806 1908 querelam

270 1921 312 1929 ·—-
330 1908 500 1946 eloquentiae
514 1910 538 1938 C
556 1910 583 1938 H
602 1911 628 1938 Τ
643 1925 674 1947 χ,
690 1911 716 1946 ψ
729 1910 892 1948 cloquentiam

273 1956 310 1975 22
334 1948 382 1985 pio
395 1949 421 1984 ψ
431 1958 479 1987 pro

276 1996 311 2024 ²3
334 1988 437 2026 Neque
453 1990 527 2018 enim
543 1990 567 2018 C
581 1990 610 2018 T
624 1990 650 2026 ψ
663 2001 792 2029 nunquam
807 1991 836 2018 H
849 1990 865 2017 S
880 2004 902 2027 χ

371 2037 446 2065 neque

275 2076 311 2103 24
333 2067 418 2095 ullius
433 2068 457 2096 C
474 2070 502 2097 T
517 2070 541 2103 ψ
556 2068 621 2098 ullus
634 2067 664 2096 H
679 2068 750 2097 illms

275 2107 310 2133 26
332 2107 390 2135 ulla
403 2121 425 2143 χ
437 2110 464 2136 d.

271 2159 310 2167 —
332 2155 376 2174 me
395 2149 419 2181 ψ
433 2151 460 2176 d.

276 2195 312 2221 30
335 2186 425 2215 Sextii
442 2187 471 2214 H
483 2189 556 2226 Sestii

276 2234 312 2262 33
334 2227 449 2255 confusa
464 2241 484 2262 χ
498 2228 574 2262 (uasta

277 2274 315 2302 34
337 2276 352 2293 a
367 2277 422 2300 mc,
436 2268 510 2305 quod
524 2269 553 2296 H
568 2269 634 2305 quod
645 2269 727 2296 adme

299 2315 313 2342 3
337 2307 368 2334 P.
383 2320 404 2341 χ
418 2309 444 2337 d.

296 2355 316 2381 4
337 2347 369 2373 ad
386 2348 410 2380 ψ
423 2350 453 2375 de

299 2394 313 2422 5
338 2396 369 2414 ac
386 2386 412 2420 ψ
427 2398 475 2417 aut

963 1082 992 1109 p.

966 1121 979 1148 3

999 960 1539 1017 Mffi.cHSTxxss

1065 1112 1082 1140 6
1104 1113 1233 1141 exeitatae
1248 1113 1299 1141 fint
1314 1113 1344 1140 H
1359 1113 1374 1140 S
1390 1126 1411 1147 χ
1425 1113 1592 1149 excrlaestm:

1045 1162 1080 1181 10
1100 1152 1217 1190 optimis
1237 1154 1261 1181 C
1277 1152 1303 1187 ’ᾧ
1317 1159 1442 1189 aperturas

1040 1208 1079 1214 —
1101 1192 1187 1220 faftus
1202 1206 1235 1229 χ,
1250 1193 1276 1227 ψ
1286 1195 1400 1229 statutus

1043 1241 1052 1259 1
1063 1241 1077 1260 2
1098 1240 1126 1259 et
1141 1233 1165 1266 ψ
1178 1236 1256 1260 etiam

1042 1280 1074 1308 ¹3
1099 1271 1142 1298 his
1159 1273 1183 1300 C
1198 1272 1226 1300 T
1241 1274 1267 1299 A.

1040 1326 1081 1332 —
1101 1311 1265 1349 graviffimae
1282 1311 1306 1339 C
1321 1311 1350 1339 H
1366 1311 1382 1338 S
1398 1324 1431 1348 χ,
1445 1312 1469 1345 ψ
1481 1310 1641 1350 ἕνινυιζθίυκ.4

1046 1360 1082 1386 ¹4
1105 1359 1134 1379 ut
1151 1351 1264 1389 utrique
1277 1352 1303 1386 ψ
1317 1359 1418 1389 uterque

1040 1405 1080 1412 —
1101 1399 1128 1419 et
1143 1401 1222 1420 carus
1238 1392 1262 1420 C
1279 1390 1306 1426 ψ
1320 1400 1347 1419 ut
1361 1400 1384 1419 et
1400 1401 1475 1419 carus

1046 1440 1077 1468 ις
1100 1431 1245 1460 caritatem
1260 1431 1291 1459 H
1305 1434 1425 1459 caritatis

1045 1470 1079 1497 16
1102 1470 1137 1498 fic
1154 1472 1212 1508 >6st

1040 1525 1081 1532 —
1101 1519 1131 1539 ut
1146 1512 1170 1545 ψ
1184 1519 1208 1538 et

1045 1559 1078 1586 ¹7
1102 1550 1214 1587 potestis
1230 1551 1260 1578 H
1278 1551 1294 1578 S
1309 1551 1436 1587 quffltis

1038 1603 1079 1611 -—
1100 1590 1152 1618 hac
1165 1591 1209 1619 vel
1225 1591 1250 1624 ψ
1263 1591 1312 1618 hac
1326 1590 1380 1618 illis

1042 1639 1078 1658 20
1101 1630 1187 1658 filiam
1207 1630 1232 1658 C
1246 1632 1272 1658 d.
1288 1630 1318 1658 T
1332 1630 1357 1664 «ᾧ
1372 1629 1559 1667 Summifiliam

1038 1683 1078 1690 —-
1098 1669 1152 1698 hoc
1166 1671 1191 1704 ψ
1205 1671 1255 1698 hac

1038 1723 1079 1732 -
1099 1710 1193 1739 extitit
1207 1711 1237 1738 H
1251 1724 1272 1746 χ
1285 1717 1360 1739 extat

1038 1764 1079 1770 —-
1100 1758 1127 1778 et
1143 1750 1167 1778 C
1183 1750 1211 1777 T
1227 1752 1254 1778 d.

1039 1798 1070 1817 21
1095 1790 1236 1827 profeftus
1251 1804 1330 1812 ——
1348 1787 1478 1817 fluetibus
1507 1786 1670 1826 reipublicae

1037 1883 1078 1891 ¹—
1097 1870 1133 1897 est
1151 1871 1180 1898 H
1193 1883 1215 1905 χ
1229 1871 1257 1897 d.

1039 1918 1074 1937 22
1098 1909 1185 1947 posset
1200 1911 1225 1938 C
1237 1909 1310 1946 poffi't

1040 1958 1074 1985 23
1099 1950 1177 1978 terris
1200 1948 1267 1983 ψει).

1040 1998 1078 2024 24
1099 1989 1249 2026 oportebat
1265 1989 1295 2016 H
1309 1995 1419 2026 oporteat

1038 2043 1080 2051 —
1101 2029 1152 2056 illo
1168 2029 1196 2056 H
1213 2030 1230 2056 S
1246 2042 1276 2064 χ,
1291 2026 1318 2063 ψ
1331 2027 1375 2056 ille

1040 2079 1074 2106 25
1099 2069 1308 2106 complexuque
1321 2068 1346 2096 C
1361 2066 1525 2105 amplexuque

1039 2125 1081 2132 —-
1103 2117 1129 2136 at
1145 2110 1168 2135 C
1183 2115 1298 2136 attamen

1042 2161 1077 2185 27
1101 2148 1193 2186 quoad
1209 2148 1281 2176 vixit
1297 2146 1323 2182 ψ
1338 2158 1384 2185 quo
1397 2147 1521 2184 adjunxit

1042 2192 1077 2218 28
1100 2188 1215 2217 militari
1232 2188 1256 2215 C
1271 2187 1300 2214 T
1313 2188 1423 2215 militum

1041 2241 1077 2266 29
1100 2230 1126 2257 in
1144 2237 1177 2255 eo
1191 2241 1212 2263 χ
1227 2239 1276 2255 meo

1039 2285 1080 2291 -
1101 2268 1266 2296 abstinentia
1282 2267 1311 2295 H
1325 2275 1348 2294 et
1362 2266 1515 2302 abstinentia

1043 2319 1081 2348 30
1103 2308 1154 2336 sese
1170 2309 1193 2335 C
1207 2318 1258 2335 rem
1273 2307 1303 2334 H
1319 2308 1336 2335 S
1351 2305 1419 2341 Tse

1046 2360 1080 2386 3²
1103 2349 1136 2376 C.
1168 2348 1192 2375 C
1210 2348 1237 2375 T
1254 2348 1277 2381 ψ
1292 2348 1319 2374 d.

1046 2399 1083 2426 34
1105 2397 1188 2425 quam
1205 2387 1294 2416 multa
1309 2386 1333 2413 C
1351 2386 1381 2414 H
1397 2385 1425 2412 T
1443 2392 1542 2421 quanta

1324 2427 1349 2453 R
1366 2435 1379 2451 r
1393 2434 1406 2451 r
1429 2433 1444 2451 z
