2076 2860
417 243 522 300 ‘178
925 209 1370 274 OR'ATIO

503 339 636 378 XXX.
661 338 811 375 Verum
828 344 973 380 tamen,
991 335 1179 389 quoniam
1197 344 1234 373 te
1251 349 1330 373 non
1347 334 1635 382 Aristarchum,
1653 335 1718 374 sed
1734 335 1840 375 Pha-

447 407 561 444 larim
581 402 900 457 grammaticum,
922 400 1130 447 habemus,
1149 401 1219 454 qui
1240 415 1319 440 non
1341 411 1475 439 notam
1496 416 1665 455 apponas
1686 402 1734 440 ad
1754 402 1841 441 mass

447 472 532 509 lum
552 469 704 508 versum
719 497 730 513 ,
762 467 825 504 sed
845 476 1003 519 poetam
1023 468 1140 505 armis
1162 467 1389 520 persequare
1406 487 1416 512 ;
1450 467 1545 506 scire
1565 469 1685 521 cupio
1699 498 1710 514 ,
1742 468 1841 521 quid

445 536 604 575 tandem
621 534 692 573 isto
712 534 753 571 in
770 533 880 571 versu
900 531 1174 585 reprehendas,
1197 532 1336 571 Cedant
1355 548 1458 572 arma
1479 543 1584 586 togae.
1604 536 1704 572 Tuae
1725 533 1839 580 dicis,

446 602 598 655 inquit,
631 609 730 652 togae
752 599 952 638 summum
973 599 1250 651 imperatorem
1271 599 1342 637 effe
1362 599 1569 639 ceffurum.
1603 599 1714 652 Qid
1735 614 1841 638 nunc

445 676 498 712 te,
530 667 643 711 afine,
675 665 805 704 literas
836 665 1030 703 doceam?
1063 678 1141 703 non
1174 678 1272 717 opus
1304 664 1357 702 est
1389 666 1532 711 verbis,
1565 665 1627 704 sed
1655 665 1839 704 fustibus.

447 735 543 773 Non
564 733 648 771 dixi
667 731 768 771 hanc
790 741 937 784 togam,
967 745 1044 784 qua
1064 732 1148 770 sum
1169 732 1361 776 ami&us;
1394 746 1464 769 nec
1484 745 1604 778 arma,
1627 718 1784 770 scutum
1803 741 1843 770 et

446 799 624 852 gladium
646 799 761 837 unius
784 798 1029 851 imperatoris
1048 812 1057 836 ε
1091 797 1154 835 sed
1170 827 1180 842 ,
1213 797 1318 850 quod
1340 797 1445 850 pacis
1467 797 1521 835 est
1541 797 1691 849 infigne
1711 806 1750 836 et
1769 797 1842 836 otii

448 875 564 917 toga,
596 874 732 902 contra
759 872 891 902 autem
922 877 1027 902 arma
1056 863 1252 902 tumultus
1280 872 1397 915 atque
1419 863 1542 908 belli;
1575 876 1684 901 more
1704 871 1841 916 poeta-

448 945 537 970 rum
569 931 741 975 locutus,
773 929 849 968 hoc
882 929 1054 982 intelligi
1086 929 1209 973 volui,
1243 929 1395 967 bellum
1426 943 1469 968 ac
1502 929 1726 968 tumultum
1754 928 1842 982 paci

447 1008 565 1051 atque
595 997 679 1035 otio
708 996 993 1035 concessurum.
1027 997 1169 1048 Qaere
1198 1009 1245 1034 ex
1275 994 1462 1033 familiari
1492 1005 1575 1041 tuo,
1609 996 1750 1034 Graeco
1770 995 1843 1033 illo

447 1073 561 1117 poeta
579 1078 587 1102 :
620 1063 804 1116 probabit
824 1076 948 1114 genus
969 1061 1098 1115 ipsum
1114 1091 1124 1107 ,
1155 1070 1194 1100 et
1214 1060 1395 1113 agnoscet
1410 1090 1420 1106 ,
1453 1074 1580 1114 neque
1601 1069 1638 1099 te
1659 1060 1762 1099 nihil
1783 1061 1843 1099 sa·-

447 1144 538 1183 pere
558 1130 781 1168 mirabitur.

504 1198 560 1234 At
599 1197 640 1233 in
680 1195 751 1233 illo
790 1195 912 1232 altero
926 1222 937 1238 ‚
975 1193 1106 1246 inquit
1121 1222 1131 1238 ‚
1168 1192 1288 1232 haeres
1305 1223 1316 1238 ,
1353 1192 1530 1232 Concedat
1567 1193 1693 1231 laurea
1730 1191 1841 1231 laudi.

450 1263 582 1301 Immo
606 1260 845 1306 mehercule,
876 1259 1002 1298 habeo
1023 1260 1097 1298 tibi
1118 1260 1311 1312 gratiam:
1344 1258 1530 1297 haererem
1551 1259 1675 1304 enim,
1707 1259 1776 1296 nifi
1799 1267 1843 1297 tu

450 1327 675 1381 expediffes.
708 1327 841 1371 Nam,
873 1340 966 1364 cum
999 1335 1042 1363 tu
1073 1325 1237 1363 timidus
1267 1339 1309 1362 ac
1341 1334 1510 1362 tremens
1534 1325 1610 1362 tuis
1633 1323 1713 1377 ipse
1733 1323 1842 1362 fura-

450 1395 609 1433 ciffimis
631 1393 811 1432 manibus
833 1392 1043 1430 detractam
1064 1405 1084 1429 e
1105 1391 1277 1430 cruentis
1299 1390 1468 1429 fascibus
1489 1391 1659 1428 lauream
1681 1390 1728 1428 ad
1747 1404 1842 1443 por-

450 1472 531 1500 tam
553 1460 802 1513 Esquilinam
821 1458 1018 1511 abjecisti;
1042 1457 1236 1502 indicasti,
1259 1471 1338 1495 non
1359 1457 1479 1495 modo
1499 1457 1757 1510 ampliffimae,
1779 1456 1844 1495 sed

449 1528 568 1566 etiam
599 1526 789 1570 minimae,
821 1525 927 1563 laudi
959 1525 1129 1562 lauream
1162 1523 1393 1562 conceffiffe.
1427 1524 1562 1576 Atque
1594 1523 1662 1561 ista
1693 1523 1843 1562 ratione

448 1593 524 1632 hoc
547 1602 677 1631 tamen
699 1591 886 1643 intelligi,
918 1590 1112 1635 scelerate,
1143 1590 1217 1635 vis,
1250 1590 1488 1643 Pompeium
1508 1589 1721 1627 inimicum
1740 1587 1845 1627 mihi

449 1659 518 1698 isto
538 1658 647 1697 versu
669 1657 740 1695 effe
761 1656 910 1696 factum
921 1675 933 1702 ς
958 1665 1017 1701 ut,
1040 1656 1067 1695 fi
1088 1655 1216 1694 versus
1237 1655 1339 1694 mihi
1360 1655 1554 1700 nocuerit,
1576 1655 1624 1692 ab
1645 1668 1704 1699 e0,
1722 1668 1844 1707 quem

448 1727 478 1764 is
500 1725 627 1764 versus
650 1723 873 1769 offenderit,
891 1722 1068 1761 videatur
1087 1721 1189 1760 mihi
1210 1722 1403 1775 pernicies
1420 1721 1491 1760 effe
1512 1721 1682 1773 quaefita.
1702 1720 1841 1758 Ornit-

450 1801 504 1836 to,
528 1790 629 1828 nihil
652 1790 769 1827 istum
790 1789 943 1826 versum
964 1787 1190 1839 pertinuisse
1210 1789 1257 1826 ad
1277 1788 1395 1825 illum
1414 1803 1422 1826 :
1457 1801 1535 1825 non
1557 1786 1669 1825 fuisse
1690 1800 1846 1831 meum,

450 1871 582 1910 quem,
606 1864 800 1908 quantum
821 1853 1043 1907 potuissem,
1067 1853 1204 1892 multis
1227 1853 1322 1905 saepe
1343 1853 1588 1891 orationibus
1610 1852 1843 1905 scriptisque

450 1921 681 1961 decorassem
697 1950 708 1966 ‚
740 1919 848 1958 hunc
870 1933 948 1958 uno
969 1919 1113 1957 violare
1133 1918 1257 1957 versu.
1303 1918 1375 1956 Sed
1406 1919 1451 1956 fit
1482 1917 1681 1956 offensus:
1712 1918 1844 1970 primo

452 2002 581 2027 nonne
610 1986 880 2040 compensabit
908 2000 1001 2024 cum
1032 1999 1110 2024 uno
1138 1984 1326 2023 verficulo
1348 1994 1406 2022 tot
1427 1997 1513 2022 mea
1532 1983 1736 2022 volumina
1755 1983 1842 2021 lau-

445 2055 539 2092 dum
562 2053 715 2092 suarum
734 2054 746 2090 ?
780 2051 900 2104 Qod
921 2052 946 2090 fi
968 2051 1021 2089 est
1041 2059 1265 2089 commotus
1282 2079 1294 2095 ,
1324 2050 1370 2088 ad
1391 2050 1658 2103 perniciemne
1679 2062 1758 2087 non
1779 2049 1843 2087 di-

452 2134 537 2158 cam
559 2118 794 2163 amicissimi,
826 2131 905 2156 non
936 2118 990 2155 ita
1019 2116 1065 2155 de
1095 2117 1159 2155 sua
1188 2116 1301 2155 laude
1332 2116 1480 2160 meriti,
1513 2129 1591 2154 non
1621 2115 1675 2153 ita
1704 2114 1750 2153 de
1779 2128 1843 2153 re·-

455 2186 626 2238 publica,
659 2198 737 2222 non
759 2183 985 2228 consularis,
1019 2196 1097 2221 non
1119 2183 1318 2227 senatoris,
1352 2196 1429 2220 non
1452 2182 1564 2226 civis,
1595 2195 1673 2219 non
1696 2181 1840 2228 liberi;

452 2253 491 2290 in
515 2251 688 2290 hominis
710 2259 827 2302 caput
849 2249 915 2287 ille
938 2257 1017 2287 tam
1037 2248 1207 2287 crudelis
1229 2257 1388 2301 propter
1408 2247 1561 2286 versum
1582 2246 1711 2285 fuiffet
1731 2247 1744 2284 ?

508 2317 663 2355 XXXI.
696 2318 763 2355 Tu
784 2315 895 2368 quid,
919 2324 962 2353 tu
982 2314 1084 2368 apud
1106 2328 1220 2367 quos,
1243 2323 1286 2352 tu
1307 2314 1353 2352 de
1375 2328 1454 2367 quo
1475 2314 1596 2359 dicas,
1618 2311 1840 2364 intelligis?

454 2383 738 2436 Complecteris
760 2381 1013 2434 ampliffimos
1035 2381 1136 2419 viros
1158 2381 1203 2419 ad
1226 2390 1339 2418 tuum
1360 2390 1397 2418 et
1420 2380 1584 2418 Gabinii
1606 2379 1744 2424 scelus„
1770 2391 1842 2415 ne-

453 2464 528 2502 que
550 2449 589 2487 id
609 2448 779 2488 occulte.
807 2448 914 2486 Nam
936 2447 1053 2500 paulo
1073 2457 1161 2484 ante
1182 2446 1327 2491 dixisti,
1351 2460 1414 2484 me
1434 2460 1526 2485 cum
1548 2446 1594 2484 iis
1616 2444 1842 2495 confligere,

453 2529 550 2568 quos
573 2515 837 2567 despicerem5
871 2527 948 2552 non
969 2513 1159 2566 attingere
1180 2526 1260 2558 eos,
1292 2513 1360 2565 qui
1391 2513 1479 2564 plus
1502 2511 1665 2564 possent,
1697 2508 1843 2562 quibus
