2076 2860
722 154 1299 193 PHILIPPICA
1376 155 1428 194 x.
1696 170 1772 210 407

377 255 717 309 consequebatur:
751 266 796 294 ut
826 270 890 293 me
910 255 1090 308 puderet,
1125 258 1256 295 Patres
1278 257 1506 311 conscripti,
1538 258 1579 296 in
1601 271 1685 298 eam
1709 274 1776 298 ur-

382 324 474 360 bem
503 321 641 367 redire,
673 335 721 360 ex
751 335 828 374 qua
857 322 919 359 illi
948 322 1115 360 abirent.
1159 323 1247 368 Sed,
1279 337 1358 376 quo
1388 324 1551 362 confilio
1579 325 1776 371 redierim,

379 389 497 426 initio
518 387 692 433 audistis,
724 387 810 440 post
829 387 917 426 estiS
939 388 1105 441 experti.
1148 390 1414 441 Expectatum
1436 391 1559 443 igitur
1581 401 1736 445 tempus
1757 407 1779 430 a

380 456 503 494 Bruto
523 454 590 493 est.
628 455 752 500 Nam,
784 455 914 507 quoad
934 469 1001 493 vos
1024 456 1157 493 omnia
1178 456 1259 509 pati
1281 456 1394 502 vidit,
1427 457 1515 496 usus
1537 458 1591 496 est
1610 459 1690 512 ipse
1711 460 1775 497 in-

377 521 562 559 credibili
591 521 806 573 patientia:
839 521 1090 574 posteaquam
1120 536 1188 560 vos
1218 523 1265 560 ad
1290 522 1513 563 libertatem
1535 524 1648 564 senfit
1667 539 1777 564 erec-

379 596 468 633 tos,
501 586 675 640 praefidia
695 587 824 625 vestrae
845 587 1019 625 libertati
1039 588 1203 640 paravit.
1247 589 1303 626 At
1333 589 1398 626 cui
1426 590 1519 642 pesti
1543 601 1779 644 quantaeque

379 652 519 691 restitit
538 653 550 689 ?
584 652 623 689 Si
643 652 753 690 enim
784 653 834 691 C.
857 653 1074 699 Antonius,
1108 653 1215 706 quod
1236 654 1369 692 animo
1389 655 1624 701 intenderat,
1656 657 1776 709 perfi—

379 732 465 756 cere
486 718 684 771 potuiffet‚
706 718 909 771 (potuiffet
924 729 1071 764 autem,
1090 719 1160 757 nifi
1181 720 1264 771 ejus
1281 720 1415 757 sceleri
1436 721 1560 759 virtus
1582 723 1646 761 M.
1664 724 1778 761 Bruti

378 784 602 835 obstitiffet)
633 784 939 830 Macedoniam,
972 786 1204 837 Illyricum,
1237 786 1432 824 Graeciam
1462 788 1775 840 perdidiffemus.

380 846 486 890 Esset
507 851 568 888 vel
590 851 884 904 receptaculum
906 852 1019 904 pulso
1041 853 1234 898 Antonio,
1266 852 1327 890 vel
1357 867 1475 906 agger
1502 856 1777 907 oppugnandae

380 918 517 962 Italiae,
551 918 731 955 Graecia:
765 932 851 969 quae
872 917 1034 970 quidem
1055 932 1162 956 nunc
1193 919 1256 957 M.
1282 920 1395 957 Bruti
1425 920 1607 973 imperio,
1639 924 1774 961 aueto-

378 985 512 1029 ritate,
545 984 670 1036 copiis
702 997 781 1021 non
812 984 998 1022 instructa
1032 985 1181 1031 solum,
1214 985 1277 1023 sed
1309 987 1429 1024 etiam
1461 997 1616 1033 ornata,
1649 979 1777 1028 tendit

378 1049 579 1087 dexteram
601 1048 738 1093 Italiae,
771 1048 965 1101 suumque
985 1050 1021 1088 ei
1042 1051 1264 1102 praefidium
1285 1052 1513 1104 pollicetur.
1558 1054 1679 1106 Qod
1706 1057 1776 1108 qui

376 1116 425 1153 ab
447 1115 519 1153 illo
539 1114 701 1153 abducit
721 1115 956 1161 exercitum,
974 1126 1012 1154 et
1032 1116 1251 1169 respectum
1270 1117 1604 1170 pulcherrimum,
1621 1130 1660 1158 et
1676 1136 1776 1174 prae-

375 1182 521 1221 fidium
542 1181 824 1228 firmiffimum‚
857 1182 998 1220 adimit
1019 1182 1262 1236 reipublicae.
1304 1185 1506 1238 Equidem
1527 1187 1660 1239 cupio,
1693 1186 1776 1226 haec

376 1248 679 1300 quamprimum
700 1248 927 1286 Antonium
947 1248 1094 1294 audire,
1118 1258 1162 1287 ut
1182 1249 1395 1303 intelligat,
1414 1265 1494 1290 non
1515 1253 1571 1291 D.
1590 1253 1775 1300 Brutum,

379 1327 500 1366 queam
521 1313 624 1351 vallo
644 1313 922 1360 circumsedet,
952 1313 1015 1351 sed
1036 1314 1219 1367 seipsum,
1251 1316 1433 1356 obsideri.

437 1380 489 1418 V.
523 1379 621 1418 Tria
650 1388 756 1418 tenet
786 1379 931 1433 oppida
958 1389 1042 1418 toto
1069 1381 1110 1418 in
1131 1382 1226 1420 orbe
1248 1391 1466 1423 terrarum:
1498 1384 1617 1423 habet
1638 1386 1777 1424 inimi-

378 1446 571 1484 ciffimam
600 1446 802 1484 Galliam:
836 1460 901 1484 eos
922 1447 1056 1492 etiam,
1088 1448 1234 1500 quibus
1256 1449 1494 1496 confidebat,
1527 1451 1776 1491 alieniffimos

380 1511 701 1564 Transpadanos:
722 1512 835 1550 Italia
850 1514 979 1551 omnis
996 1512 1133 1551 infesta
1148 1514 1224 1553 est:
1248 1524 1388 1558 exterae
1404 1517 1597 1562 nationes,
1615 1531 1636 1555 a
1650 1518 1779 1570 prima

378 1591 446 1616 ora
467 1578 630 1616 Graeciae
652 1577 773 1630 usque
794 1578 841 1615 ad
862 1580 1099 1631 AEgyptum,
1131 1580 1378 1632 optimorum
1407 1591 1446 1620 et
1475 1582 1777 1622 fortiffimorum

379 1642 530 1680 civium
551 1643 728 1695 imperiis
760 1652 798 1680 et
827 1643 1011 1695 praefidiis
1041 1654 1238 1684 tenentur.
1283 1647 1378 1684 Erat
1403 1647 1437 1684 ei
1458 1647 1541 1700 spes
1564 1662 1641 1686 una
1660 1649 1701 1686 in
1723 1650 1773 1688 C.

380 1709 579 1746 Antonio:
604 1709 673 1761 qui
695 1708 864 1747 duorum
887 1709 1054 1748 fratrum
1076 1712 1255 1750 aetatibus
1278 1713 1431 1750 medius
1452 1714 1695 1766 interjectus,
1713 1716 1773 1752 vi-

379 1774 446 1812 tiis
468 1788 561 1812 cum
583 1783 751 1827 utroque
771 1775 969 1814 certabat:
993 1777 1078 1829 qui,
1103 1786 1290 1830 tanquam
1311 1779 1584 1818 extruderetur
1603 1793 1624 1817 a
1645 1780 1777 1820 senatu

379 1841 421 1879 in
457 1840 737 1879 Macedoniam
753 1871 764 1887 ,
800 1851 839 1880 et
873 1856 953 1881 non
988 1852 1126 1881 contra
1158 1843 1436 1896 prohiberetur
1469 1846 1692 1898 proficisci,
1724 1847 1778 1886 ita

380 1907 570 1946 cucurrit.

438 1974 537 2025 Qae
559 1973 779 2026 tempestas,
811 1975 884 2012 Dii
904 1974 1170 2014 immortales!
1203 1991 1290 2029 quae
1312 1977 1482 2023 flamma,
1500 1993 1587 2031 quae
1608 1979 1774 2025 vastitas,

380 2053 467 2092 quae
488 2039 603 2092 pestis
627 2041 790 2078 Graeciae
811 2040 958 2086 fuiffet,
990 2042 1059 2080 nis1
1082 2042 1326 2087 incredibilis
1348 2058 1390 2082 ac
1412 2044 1545 2083 divina
1565 2047 1688 2084 virtus
1709 2045 1777 2084 fu-

382 2104 503 2142 rentis
527 2104 704 2143 hominis
737 2115 924 2144 conatum
956 2116 1074 2160 atque
1105 2108 1306 2147 audaciam
1338 2111 1646 2163 compreffiffet?
1679 2112 1778 2164 Qae

382 2170 559 2208 celeritas
580 2170 650 2208 illa
671 2172 813 2210 Bruti?
836 2187 922 2226 quae
943 2175 1064 2212 cura?
1088 2188 1174 2227 quae
1194 2176 1317 2215 virtus
1335 2178 1348 2214 ?
1371 2178 1454 2215 Etfi
1476 2192 1524 2216 ne
1546 2179 1594 2216 C.
1613 2178 1776 2229 quidem

375 2236 553 2274 Antonii
585 2237 762 2275 celeritas
795 2239 1084 2278 contemnenda
1115 2241 1195 2279 est:
1227 2255 1348 2294 quem
1375 2243 1446 2281 nisi
1480 2244 1520 2281 in
1541 2244 1604 2282 via
1622 2243 1778 2282 caducae

380 2300 618 2340 hereditates
651 2302 917 2351 retardassent,
950 2305 1089 2344 volaffe
1122 2320 1236 2353 eum,
1269 2322 1348 2346 non
1383 2308 1457 2347 iter
1490 2309 1635 2355 feciss'e,
1667 2309 1775 2347 dice-

384 2381 457 2406 res.
498 2368 612 2407 Alios
634 2369 680 2406 ad
702 2371 908 2422 negotium
929 2372 1140 2424 publicum
1161 2374 1216 2412 ire
1238 2388 1330 2412 cum
1352 2375 1552 2427 cupimu5‚
1584 2376 1649 2413 vix
1674 2374 1774 2412 sole-

372 2448 470 2479 ,mus
492 2435 725 2476 extrudere:
758 2436 866 2476 hunc
887 2439 1098 2481 retinentes
1120 2440 1372 2479 exclufimus.
1416 2442 1470 2480 At
1498 2441 1594 2494 quid
1619 2440 1654 2478 ei
1681 2453 1774 2480 cum
