2076 2860
674 173 1246 222 PHILIPPICA
1327 187 1418 225 VH.
1693 196 1711 228 Q

1665 210 1741 248 ΜΞ

346 270 550 324 cujusque,
583 286 662 325 quo
689 277 950 328 cupiditatem
977 280 1175 322 infinitam
1203 299 1296 325 cum
1321 288 1487 328 immani
1508 293 1738 334 crudelitate

339 335 580 388 jampridem
601 339 772 379 intendit
793 344 994 383 Antonius
1010 366 1023 392 5
1056 351 1261 390 auetoritas
1283 354 1416 400 vestra,
1445 371 1563 408 quam
1585 361 1738 400 nullam

341 399 556 448 habebitis,
589 406 658 443 nifi
681 420 787 446 nunc
811 413 1028 451 tenueritis.
1074 416 1237 455 Tetram
1259 428 1298 457 et
1317 421 1539 473 pestiferam
1563 425 1735 466 belluam

342 478 389 503 ne
410 467 602 507 inclusam
625 481 663 508 et
683 474 930 515 constrie'tam
953 478 1178 527 dimittatis,
1202 494 1345 524 cavete.
1380 489 1440 526 Te
1461 490 1605 541 ipsum,
1631 493 1731 531 Pan-

340 530 398 576 sa,
431 547 601 574 moneo:
635 551 862 592 quanquam
897 557 976 582 non
1011 559 1100 597 eges
1135 550 1318 597 confilio,
1351 567 1431 605 quo
1466 557 1568 596 vales
1603 559 1730 611 pluri—

336 611 450 637 mum
466 619 485 645 ἱ
512 610 642 641 tamen
672 606 789 645 etiam
821 607 964 648 summi
994 613 1273 664 gubernatores
1304 618 1344 656 in
1373 623 1526 672 magnis
1559 627 1727 677 tempes-

338 664 485 703 tatibus
506 680 527 704 a
546 670 766 710 veetoribus
789 673 990 715 admoneri
1012 678 1136 718 solent
1154 696 1163 719 :
1196 680 1304 720 hunc
1335 693 1490 725 tanturn
1522 698 1636 729 tuum
1657 705 1726 744 ap*

335 739 529 781 paratum,
563 743 721 788 tamque
742 740 988 790 praeclarum,
1021 757 1068 782 ne
1095 745 1140 783 ad
1171 746 1345 787 nihilum
1375 752 1544 792 recidere
1564 757 1723 807 patiare.

335 796 516 850 Tempus
538 797 656 841 habes
679 803 768 848 tale,
791 807 906 857 quale
928 821 1042 847 nemo
1063 809 1202 851 habuit
1224 828 1422 868 unquam:
1444 817 1518 857 hac
1538 822 1727 873 gravitate

336 859 500 908 senatus,
532 863 609 903 hoc
639 866 766 907 studio
795 872 979 923 equestris
1010 876 1174 923 ordinis,
1206 877 1282 918 hoc
1304 882 1438 921 ardore
1465 887 1604 938 populi
1637 889 1721 927 Ro-

332 928 454 972 mani,
485 939 596 981 potes
626 932 666 969 in
699 946 936 987 perpetuum
966 943 1253 994 rempublicam
1283 958 1392 986 metu
1414 960 1451 987 et
1472 953 1648 1003 periculo
1670 955 1719 994 li-

332 990 475 1033 berare.
514 996 672 1048 Qibus
694 999 740 1038 de
761 1001 875 1041 rebus
898 1004 1031 1052 refers,
1064 1008 1110 1047 P,
1135 1010 1297 1050 Servilio
1318 1013 1524 1056 adsentior.

390 2455 520 2494 Tom.
556 2457 626 2494 Vi.
1258 2476 1289 2506 (J
1320 2484 1340 2508 c
1371 2486 1391 2507 ι,-
