2076 2860
459 234 531 286 176
931 230 1376 269 ORATIO

457 335 640 373 nullum:
674 332 836 372 maximi
864 330 1019 376 calices,
1050 339 1089 369 et
1115 330 1172 377 hi,
1205 345 1253 369 ne
1274 340 1524 370 contemnere
1545 330 1630 370 suos
1651 331 1842 379 videatur,

457 400 702 438 Placentini:
735 398 909 436 extructa
928 396 1072 442 mensa,
1105 410 1185 435 non
1205 396 1442 449 conchyliis,
1474 406 1539 435 aut
1559 397 1747 450 piscibus,
1780 398 1843 436 sed

457 466 581 502 multa
612 478 725 502 carne
757 461 999 500 subrancida.
1033 462 1139 500 Servi
1170 461 1354 500 sordidati
1379 462 1624 501 ministrant:
1658 463 1843 501 nonnulli

456 532 572 568 etiam
594 530 698 568 senes
717 544 726 567 t
750 529 856 566 idem
876 540 1042 580 coquus,
1065 528 1170 566 idem
1191 528 1361 566 atrienfis
1381 544 1389 567 :
1422 528 1542 581 pistor
1561 528 1668 566 domi
1692 529 1841 574 nullus,

456 596 564 632 nulla
584 595 682 633 cella
700 610 708 633 ε
741 595 851 647 panis
872 602 910 631 et
930 593 1069 630 vinum
1090 607 1110 630 a
1129 593 1293 646 propola
1307 623 1318 639 ,
1349 603 1465 646 atque
1486 594 1533 632 de
1553 607 1666 646 cupa.
1711 595 1843 632 Graeci

454 661 598 713 stipati,
621 661 733 713 quini
754 661 795 698 in
817 658 985 702 leffitulis,
1009 658 1105 710 saepe
1125 659 1280 711 plures,
1303 659 1383 711 ipse
1403 659 1520 698 solus.
1545 659 1703 698 Bibitur
1722 659 1844 712 usque

451 740 513 771 e0,
545 727 641 764 dum
663 726 709 764 de
730 726 825 763 solio
847 724 1101 763 ministretur.
1134 724 1217 762 Ubi
1238 725 1334 776 galli
1354 734 1515 763 cantum
1535 725 1697 770 audivit,
1729 739 1844 763 avum

456 793 569 830 suum
591 792 764 830 revixiffe
785 800 896 844 putat
914 806 923 828 :
957 790 1130 828 mensam
1152 790 1239 828 tolli
1255 790 1384 842 jubet.

512 859 709 896 XXVIII.
743 858 863 896 Dicet
879 857 1035 909 aliquis,
1055 856 1171 895 Unde
1189 856 1261 893 tibi
1283 855 1365 894 haec
1383 866 1474 894 nota
1490 856 1605 895 sunt?
1629 857 1740 902 Non,
1758 869 1843 895 me—

455 922 627 968 hercule,
647 922 896 961 contumeliae
912 921 1022 960 causa
1037 921 1252 959 describam
1269 935 1524 974 quemquam,
1547 921 1760 974 praesertim
1780 922 1845 959 in-

454 990 659 1042 geniosum
682 989 901 1034 hominem,
924 998 1039 1041 atque
1055 988 1270 1033 eruditum,
1289 988 1353 1026 cui
1370 989 1502 1040 generi
1523 988 1594 1026 effe
1615 1002 1687 1040 ego
1708 989 1844 1033 iratus,

458 1070 504 1092 ne
526 1056 550 1093 fi
572 1057 729 1108 cupiam
751 1055 910 1108 quidem
926 1084 936 1099 ‚
970 1054 1136 1107 poffum.
1170 1054 1237 1092 Est
1258 1054 1419 1106 quidam
1441 1055 1603 1092 Graecus
1619 1083 1629 1098 ,
1662 1055 1731 1105 qui
1752 1067 1846 1092 cum

456 1122 526 1159 isto
547 1123 658 1167 vivit,
681 1121 817 1166 homo,
849 1135 936 1159 vere
957 1130 1000 1158 ut
1022 1120 1164 1165 dicam,
1197 1120 1266 1172 (fic
1287 1120 1394 1157 enim
1415 1119 1607 1172 cognovi)
1632 1119 1844 1165 humanus,

455 1188 518 1226 sed
536 1188 700 1233 tamdiu,
718 1187 908 1240 quamdiu
923 1200 1017 1225 cum
1032 1186 1117 1224 aliis
1134 1185 1201 1231 est,
1219 1195 1284 1224 aut
1300 1186 1379 1238 ipse
1396 1186 1541 1224 secum.
1561 1187 1598 1224 Is
1615 1199 1708 1223 cum
1728 1185 1848 1223 istum

456 1255 738 1292 adolescentem
755 1255 838 1306 jam
860 1263 947 1292 tum
967 1267 1060 1291 cum
1081 1252 1154 1290 hac
1176 1253 1265 1290 Diis
1286 1252 1382 1289 irata
1401 1251 1531 1290 fronte
1558 1251 1708 1290 vidisset
1722 1281 1733 1297 ‚
1765 1265 1847 1290 non

457 1319 562 1373 fugit
582 1322 664 1372 ejus
686 1320 900 1357 amicitiam
916 1349 927 1364 ‚
959 1333 1052 1357 cum
1079 1318 1170 1356 esset
1190 1317 1403 1370 praesertim
1424 1318 1619 1370 appetitus
1639 1332 1647 1355 ε
1681 1316 1789 1355 dedit
1809 1316 1848 1355 se

456 1387 496 1424 in
518 1385 858 1430 consuetudinem,
888 1385 953 1430 fic,
985 1393 1029 1422 ut
1050 1383 1203 1437 prorsus
1227 1397 1302 1422 una
1322 1384 1481 1428 viveret,
1515 1397 1586 1421 nec
1607 1382 1687 1420 fere
1706 1382 1755 1420 ab
1776 1382 1849 1422 isto

457 1466 631 1506 unquam
652 1452 877 1490 discederet.
896 1452 992 1489 Non
1013 1450 1115 1503 apud
1137 1449 1329 1494 indoctos,
1348 1449 1425 1494 sed,
1445 1458 1488 1487 ut
1508 1463 1581 1501 ego
1601 1449 1782 1494 arbitror,
1804 1449 1848 1487 in

456 1518 668 1557 hominum
697 1517 1045 1556 eruditissimorum
1074 1524 1113 1554 et
1138 1515 1507 1554 humaniffimorum
1537 1524 1659 1560 coetu,
1688 1515 1844 1568 loquor.

456 1584 631 1622 Audistis
653 1583 828 1636 profecto
849 1583 952 1628 dici,
980 1581 1238 1635 philosophos
1260 1582 1477 1634 Epicureos
1499 1595 1634 1619 omnes
1656 1595 1729 1626 res,
1762 1594 1850 1634 quae

455 1651 544 1688 sunt
575 1649 730 1688 homini
762 1648 987 1702 expetendae
1002 1677 1012 1693 ,
1044 1648 1245 1701 voluptate
1278 1647 1424 1686 metiri.
1458 1648 1578 1686 Re&e
1591 1677 1602 1693 ‚
1633 1660 1681 1685 an
1713 1646 1820 1686 secus
1833 1675 1847 1693 ,

457 1715 557 1754 nihil
579 1716 625 1753 ad
647 1729 716 1753 nos
735 1735 745 1760 ;
778 1725 858 1759 aut,
891 1715 916 1752 fi
938 1714 984 1751 ad
1006 1727 1090 1758 nos,
1124 1712 1224 1751 nihil
1246 1713 1293 1751 ad
1313 1712 1389 1751 hoc
1411 1723 1566 1766 tempus
1586 1728 1594 1752 :
1628 1712 1691 1750 sed
1716 1721 1847 1751 tamen

455 1781 655 1818 lubricum
676 1793 798 1831 genus
820 1779 1033 1822 orationis,
1065 1778 1298 1816 adolescenti
1329 1792 1407 1816 non
1438 1779 1577 1816 acriter
1605 1777 1848 1829 intelligenti

456 1846 550 1898 saepe
578 1859 761 1898 praecepS.
806 1846 942 1896 Itaque
962 1843 1201 1880 admissarius
1223 1843 1291 1880 iste
1306 1872 1316 1888 ,
1349 1844 1462 1881 fimul
1484 1853 1600 1895 atque
1619 1843 1769 1881 audivit
1783 1872 1794 1888 ,
1826 1856 1848 1880 a

457 1910 694 1964 philosopho
714 1910 959 1963 voluptatem
980 1918 1180 1962 tantopere
1200 1909 1368 1953 laudari,
1400 1908 1502 1946 nihil
1524 1908 1742 1961 expiscatus
1762 1908 1816 1946 est
1834 1923 1844 1947 ι

457 1979 506 2016 s1c
524 1978 610 2015 suos
627 1977 753 2015 sensus
770 1976 1010 2028 voluptarios
1026 1988 1162 2013 omnes
1179 1975 1373 2020 incitavit,
1392 1974 1442 2012 fic
1457 1974 1504 2011 ad
1520 1974 1627 2012 illius
1644 1973 1745 2012 hanc
1758 1987 1847 2012 ora-

458 2045 605 2082 tionem
626 2041 838 2087 adhinniit‚
856 2051 899 2079 ut
921 2055 998 2079 non
1020 2040 1249 2093 magistrum
1269 2041 1442 2086 virtutis,
1460 2039 1523 2078 sed
1538 2042 1734 2078 auctorem
1750 2040 1848 2078 libi-

457 2110 575 2154 dinis,
591 2123 610 2146 a
623 2109 659 2146 se
675 2108 791 2146 illum
807 2109 1014 2145 inventum
1030 2107 1294 2145 arbitraretur.
1312 2108 1473 2145 Graecus
1487 2106 1616 2158 primo
1629 2105 1847 2158 distingue-

459 2190 497 2213 re
517 2184 633 2227 atque
654 2173 824 2211 dividere
845 2173 926 2218 illa,
950 2171 1284 2225 quemadmodum
1306 2172 1554 2210 dicerentur:
1579 2171 1646 2209 iste
1667 2171 1845 2217 claudus,
1880 2168 1883 2170 ’

459 2241 658 2294 quomodo
680 2241 803 2284 aiunt,
827 2239 948 2291 pilam
969 2239 1134 2276 retinere
1153 2253 1160 2276 ε
1189 2239 1295 2290 quod
1317 2247 1529 2291 acceperat,
1552 2237 1762 2282 testificari,
1786 2247 1845 2276 ta-

460 2308 568 2345 bulas
591 2306 790 2358 obsignare
811 2305 924 2350 velle,
948 2305 1168 2357 Epicurum
1189 2304 1377 2342 disertum
1398 2304 1622 2342 decernere:
1657 2313 1695 2342 et
1716 2314 1846 2342 tamen

458 2374 607 2410 dietum
624 2373 777 2424 opinor,
797 2371 832 2408 se
848 2370 1003 2408 nullum
1022 2370 1172 2407 bonum
1192 2371 1410 2423 intelligere
1427 2370 1542 2423 posse,
1565 2369 1736 2422 demptis
1757 2383 1845 2408 cor-

460 2431 563 2491 poris
581 2438 863 2491 voluptatibus.
884 2436 993 2488 Qid
1010 2436 1163 2474 multa?
1189 2437 1349 2475 Graecus
1366 2437 1508 2482 facilis,
1527 2445 1564 2474 et
1581 2436 1689 2474 valde
1706 2435 1845 2474 venus-

460 2516 536 2550 tus,
557 2505 673 2542 nimis
692 2517 849 2557 pugnax
866 2512 1001 2541 contra
1021 2503 1234 2542 senatorem
1255 2504 1394 2556 populi
1417 2503 1589 2542 Romani
1608 2501 1680 2540 effe
1700 2501 1843 2540 noluit.
