2076 2860
689 143 831 184 PRo
892 140 938 180 Ρ.
1002 134 1296 177 SEXTIO.
1646 143 1694 182 53

295 250 514 291 studiorum
535 246 576 284 in
599 257 685 282 mea
705 243 827 281 salute
848 236 1054 278 contentio
1073 254 1083 280 3
1117 243 1161 272 ut
1183 234 1237 279 ii,
1270 232 1339 285 qui
1361 244 1382 269 a
1403 230 1535 269 senatu
1566 228 1614 267 de
1644 241 1713 265 me

297 318 549 371 rogabantur,
573 311 696 350 iidem
718 308 867 347 senatui
883 319 954 359 pro
972 317 1036 342 me
1053 301 1335 354 supplicarent.
1355 300 1490 350 Atque
1507 298 1560 334 ita
1582 296 1622 333 in
1645 294 1708 333 his

298 386 414 424 rebus
431 394 532 421 unus
549 379 602 417 est
619 378 722 416 solus
739 377 939 418 inventus,
958 371 1028 425 qui
1044 371 1092 408 ab
1109 368 1182 407 hac
1205 377 1286 406 tam
1307 365 1484 419 impensa
1504 364 1709 403 voluntate

298 453 497 490 bonorum
512 446 642 500 palam
656 442 867 487 diffideret,
881 449 924 478 ut
941 439 1062 477 etiam
1076 434 1330 488 QMetellus
1348 432 1499 477 consul,
1517 431 1587 484 qui
1604 428 1707 468 mihi

298 518 361 558 vel
382 516 556 556 maxime
571 527 620 552 ex
641 511 796 564 magnis
817 504 1144 548 contentionibus
1167 501 1395 555 reipublicae
1415 498 1546 538 fuiffet
1565 497 1707 535 inimi-

301 599 386 631 cus,
409 584 457 623 de
477 595 565 621 mea
585 580 706 619 salute
728 577 921 616 retulerit.
946 573 1030 626 Qi
1046 572 1240 610 excitatus
1258 583 1352 607 cum
1368 568 1521 606 summa
1537 564 1708 604 auetori-

301 662 381 691 tate
402 652 448 690 P.
464 648 634 693 Servilii,
658 657 745 685 tum
767 640 996 683 incredibili
1017 638 1186 691 quadam
1208 635 1397 688 gravitate
1419 632 1592 677 dicendi,
1617 645 1711 669 cum

303 720 373 759 ille
393 730 531 757 omnes
555 729 678 769 prope
699 713 747 751 ab
769 710 906 750 inferis
929 705 1117 747 evocasset
1139 703 1346 747 Metellos,
1378 712 1416 739 et
1441 700 1489 738 ad
1510 700 1618 737 illius
1640 712 1710 750 ge-

305 786 425 831 neris,
457 782 564 836 quod
586 781 658 820 fibi
679 793 772 818 cum
793 791 839 816 eo
861 786 1076 814 commune
1096 770 1202 815 effer,
1235 769 1474 821 dignitatem
1496 765 1721 818 propinqui

307 853 366 892 sui
386 860 565 891 mentem
585 861 607 886 a
627 844 832 886 Clodianis
854 839 1074 880 latrociniis
1097 835 1331 880 reflexiss⁴et3
1359 847 1534 886 cumque
1555 846 1645 870 eum
1669 831 1715 869 ad

309 916 514 958 domestici
535 913 710 966 exempli
731 909 982 952 memoriam,
1009 905 1115 944 etad
1138 917 1264 942 unum
1286 902 1391 940 dieto
1413 900 1532 939 citius
1555 898 1716 936 Metelli

309 985 440 1024 casum
461 982 523 1021 vel
545 979 778 1034 gloriosum,
811 976 873 1014 vel
895 987 1070 1027 gravem,
1094 968 1368 1008 convertiffet:
1403 964 1715 1016 eollacrymavit,

310 1061 354 1090 ut
374 1051 435 1089 vir
454 1048 651 1102 egregius,
683 1059 727 1084 ac
749 1057 837 1082 vere
859 1040 1068 1084 Metellus,
1102 1047 1312 1088 totumque
1340 1034 1374 1072 se
1398 1034 1442 1071 Ρ.
1469 1031 1632 1070 Servilio
1655 1029 1718 1067 di—

311 1118 418 1156 centi
439 1116 558 1154 etiam
581 1123 669 1152 tum
690 1110 851 1150 tradidit
869 1127 880 1154 3
914 1121 986 1145 nec
1008 1105 1119 1144 illam
1141 1103 1317 1141 divinam
1340 1100 1572 1154 gravitatem
1589 1127 1598 1143 ‚
1631 1096 1720 1149 ple-

312 1198 405 1224 nam
425 1180 689 1235 antiquitatis,
719 1177 869 1216 diutius
890 1174 1015 1213 homo
1035 1170 1211 1225 ejusdem
1232 1168 1431 1220 sanguinis
1454 1166 1586 1219 potuit
1608 1163 1719 1202 susti-

314 1266 420 1297 nere,
442 1260 482 1289 et
502 1261 663 1288 mecum
684 1245 819 1285 absens
842 1241 1037 1282 beneficio
1059 1239 1176 1278 rediit
1198 1238 1239 1275 in
1257 1235 1437 1289 gratiam.
1460 1232 1580 1285 Qod
1601 1244 1733 1275 certe⁹>

318 1320 344 1358 fi
365 1319 419 1357 est
439 1317 582 1369 aliquis
604 1313 732 1353 sensus
755 1313 795 1350 in
818 1319 946 1350 morte
968 1307 1246 1362 praeclarorum
1266 1304 1457 1346 virorum,
1478 1314 1570 1338 cum
1588 1298 1723 1336 omni-

320 1387 393 1424 bus
426 1382 622 1427 Metellis,
656 1391 744 1419 tum
776 1392 868 1417 vero
894 1376 964 1414 uni
994 1375 1078 1413 viro
1101 1371 1327 1414 fortiffimo,
1355 1379 1393 1406 et
1415 1364 1736 1421 praestantiffimo.

320 1452 399 1490 civi
429 1449 713 1504 gratissimum,
744 1445 859 1484 fratri
890 1443 973 1488 su0‚
1006 1440 1118 1485 fecit,
1151 1438 1256 1476 socio
1287 1435 1491 1479 laborum,
1525 1430 1737 1486 periculo--

320 1533 424 1564 rum,
457 1516 713 1557 confiliorum
734 1525 931 1552 meorum.

381 1586 538 1624 LXIII.
572 1582 741 1620 Reditus
762 1593 854 1618 vero
876 1590 986 1616 meus
1009 1575 1078 1626 qui
1099 1573 1235 1616 fuerit,
1259 1570 1348 1622 quis
1370 1568 1551 1621 ignorat?
1585 1579 1740 1617 quemm-

323 1650 541 1689 admodum
562 1647 665 1686 mihi
685 1643 926 1687 advenienti,
949 1651 1138 1692 tanquam
1160 1638 1282 1676 totius
1306 1636 1441 1679 Italiae,
1474 1646 1590 1685 atque
1612 1631 1742 1684 ipsius-

327 1718 474 1771 patriae‚
498 1716 699 1753 dexteram
720 1709 968 1765 porrexerint
990 1704 1251 1749 Brundufini3
1271 1716 1365 1740 cum
1382 1701 1472 1754 ipsis
1496 1700 1610 1737 nonis
1634 1699 1730 1735 Sex-

328 1785 467 1823 tilibus
489 1783 595 1820 idem
618 1780 699 1817 dies
721 1779 910 1816 adventus
933 1774 1013 1812 mei
1035 1771 1181 1816 fuisset,
1215 1770 1285 1823 qui
1316 1778 1354 1807 et
1376 1767 1514 1806 natalis
1538 1766 1644 1803 idem
1666 1778 1732 1802 ca-

327 1851 481 1890 riffimae
502 1848 608 1893 filiae,
627 1859 748 1900 quam
765 1858 812 1882 ex
834 1841 1058 1896 graviffimo
1080 1850 1169 1876 tum
1190 1838 1369 1891 primum
1391 1833 1579 1872 defiderio
1600 1832 1734 1870 luetu-

329 1931 406 1971 que
427 1915 638 1969 conspexi;
657 1913 764 1951 idem
785 1911 906 1950 etiam
928 1908 1046 1961 ipsius
1070 1905 1236 1944 coloniae
1258 1902 1529 1946 Brundufinae,
1548 1899 1737 1951 idemque

330 1986 502 2024 Salutis:
535 1995 710 2034 cumque
741 1994 805 2018 me
835 1978 978 2016 domus
1006 1974 1141 2013 eadem
1164 1973 1411 2026 optimorum
1433 1979 1471 2007 et
1493 1967 1743 2006 doffiffimow

331 2065 421 2091 rum
442 2051 634 2093 virorum,
667 2046 786 2086 Lenii
808 2044 958 2088 Flacci,
982 2051 1020 2080 et
1042 2040 1178 2093 patriS,
1210 2048 1250 2076 et
1271 2036 1401 2076 fratris
1423 2037 1529 2088 ejus‚.
1546 2033 1740 2072 laetiffima

332 2117 552 2171 accepisset,
575 2129 662 2168 quae
684 2113 870 2167 proximo
886 2123 989 2148 anno
1005 2120 1176 2147 moerens
1194 2114 1407 2158 receperat,
1424 2112 1463 2141 et
1480 2102 1547 2140 suo
1564 2100 1740 2154 praefidio

334 2185 593 2240 periculoque
615 2180 865 2220 defenderat:
889 2189 1065 2229 cumque
1085 2175 1226 2213 itinere
1244 2182 1328 2211 toto
1345 2171 1460 2209 urbes
1480 2168 1602 2208 Italiae
1624 2167 1739 2205 festos

337 2254 418 2291 dies
450 2264 562 2304 agere
594 2249 783 2287 adventus
817 2246 897 2285 mei
916 2244 1179 2286 videbantur3
1211 2241 1282 2279 viae
1303 2236 1566 2277 multitudine
1587 2235 1739 2286 legato-

340 2333 428 2358 rum
450 2317 627 2369 undique
650 2314 855 2354 mifforum
877 2311 1206 2353 celebrabantur;
1239 2306 1286 2345 ad
1307 2306 1448 2344 urbem
1477 2301 1646 2341 acceffus
1676 2301 1740 2337 in-

339 2384 524 2425 credibili
544 2383 758 2421 hominum
779 2379 1042 2419 multitudine
1061 2387 1100 2416 et
1121 2374 1385 2428 gratulatione
1406 2371 1569 2410 florebat
1586 2389 1596 2414 ;
1631 2369 1704 2405 iter
1724 2381 1745 2404 a

342 2463 468 2508 porta,
500 2451 541 2489 in
564 2449 812 2502 Capitolium
832 2445 1024 2490 ascensus,
1056 2443 1224 2482 domum
1245 2441 1409 2484 reditus,
1433 2446 1512 2476 erat
1533 2434 1756 2489 ejusmodi,
