2076 2860
496 147 633 186 PRO
685 147 734 186 C.
788 146 1096 197 RABIRIO
1147 146 1512 188 POSTUMQ
1631 162 1710 203 227

298 249 423 302 gloria
453 249 507 288 rei
537 248 722 288 militaris
754 248 926 287 Paulum
954 248 1101 302 Scipio,
1134 257 1200 287 aut
1227 249 1458 288 Maximum
1490 248 1612 295 filius,
1645 245 1709 289 sed

296 317 416 355 etiam
437 317 478 354 in
500 315 709 354 devotione
730 315 833 360 vitae,
866 323 905 352 et
927 314 967 352 in
991 314 1074 368 ipso
1095 329 1237 368 genere
1258 316 1414 362 mortis,
1447 317 1626 355 imitatus
1655 317 1708 357 est

297 384 341 422 P.
368 383 542 421 Decium
564 381 685 421 filius.
721 383 808 420 Sint
829 382 954 434 igitur
975 382 1130 428 fimilia,
1159 384 1336 434 Judices,
1369 398 1485 437 parva
1506 386 1676 438 magnis.

352 451 408 489 II.
441 450 537 488 Fuit
558 449 681 495 enim,
704 449 835 502 pueris
859 449 988 495 nobis,
1013 448 1132 502 hujus
1154 460 1263 503 pater
1285 452 1334 490 C.
1354 452 1500 490 Curius
1522 452 1706 505 princep5

294 516 444 556 ordinis
466 516 669 570 equestris,
692 515 925 555 fortiffimus
948 526 986 555 et
1008 517 1206 555 maximus
1228 518 1466 571 publicanus
1486 535 1494 558 :
1528 520 1642 572 cujus
1664 521 1705 558 in

295 585 466 637 negotiis
487 583 667 637 gerendis
691 583 1011 636 magnitudinem
1034 583 1157 622 animi
1188 599 1267 623 non
1299 594 1379 624 tam
1405 585 1589 625 homines
1611 601 1704 639 pro-

296 651 457 697 baffent,
481 651 551 690 nifi
574 652 614 689 in
636 650 776 689 eodem
797 650 1022 703 benignitas
1043 650 1290 689 incredibilis
1313 651 1472 698 fuiffet;
1507 662 1550 691 ut
1571 653 1611 691 in
1635 667 1703 691 au-

293 718 421 770 genda
438 732 476 756 re
494 732 572 756 non
590 718 759 756 avaritiae
776 717 963 770 praedam,
983 716 1045 755 sed
1062 716 1372 756 instrumentum
1390 719 1575 764 bonitati,
1594 735 1702 773 quae-

294 798 375 823 rere
396 785 608 824 videretur.
630 786 723 823 Hoc
745 785 814 822 ille
836 794 964 829 natus,
984 785 1165 838 quamvis
1186 794 1340 837 patrem
1361 785 1476 824 suum
1498 800 1704 839 nunquam

292 852 457 898 viderat,
490 861 622 890 tamen
651 861 690 890 et
720 860 858 889 natura
888 851 969 904 ipsa
997 850 1112 896 duce,
1145 865 1232 904 quae
1261 852 1486 905 plurimum
1516 854 1634 900 valet,
1666 864 1705 893 et

292 918 446 957 assiduis
469 918 777 957 domesticorum
799 917 1045 956 sermonibus
1059 948 1070 964 ‚
1103 918 1144 956 in
1175 928 1344 972 paternae
1366 920 1493 974 culpae
1514 920 1702 960 similitu-

292 986 427 1024 dinem
457 985 648 1024 deductus
680 985 747 1024 est.
786 984 922 1023 Multa
951 985 1090 1038 geffit:
1124 985 1252 1024 multa
1283 988 1509 1027 contraxit:
1542 1002 1703 1041 magnas

290 1062 418 1105 partes
440 1051 583 1091 habuit
603 1052 862 1105 publicorum
881 1067 889 1090 :
924 1051 1094 1090 credidit
1113 1052 1273 1106 populis
1293 1069 1302 1092 ε
1336 1055 1377 1092 in
1402 1054 1586 1108 pluribus
1608 1069 1702 1108 pro-

290 1119 434 1158 vinciis
455 1120 539 1172 ejus
561 1118 705 1158 versata
727 1132 784 1158 res
813 1118 897 1157 est:
928 1118 1037 1157 dedit
1068 1119 1104 1157 se
1134 1120 1254 1158 etiam
1285 1120 1472 1174 regibus:
1505 1121 1601 1160 huic
1633 1123 1702 1175 ipfi

291 1185 564 1224 Alexandrino
593 1185 783 1238 grandem
807 1186 892 1239 jam
922 1195 1035 1224 antea
1063 1186 1275 1239 pecuniam
1305 1188 1501 1227 credidit:
1535 1202 1608 1227 nec
1636 1190 1700 1227 in-

290 1261 395 1291 terea
415 1252 658 1306 locupletare
687 1253 836 1291 amicos
868 1266 1047 1307 unquam
1077 1253 1165 1292 suos
1191 1253 1354 1301 destitit,
1387 1255 1546 1294 mittere
1567 1257 1607 1294 in
1629 1271 1701 1296 ne·-

290 1320 465 1372 gotium,
497 1319 588 1358 dare
606 1329 749 1373 partes,
781 1334 821 1359 re
846 1333 1001 1373 augere,
1034 1320 1111 1358 fide
1141 1320 1366 1362 sustentare.
1400 1323 1513 1376 Qid
1540 1324 1700 1362 multa?

290 1399 384 1425 cum
405 1386 683 1440 magnitudine
704 1387 842 1433 animi,
871 1396 960 1426 tum
981 1386 1232 1434 liberalitate,
1254 1390 1379 1428 vitam
1400 1391 1520 1443 patris
1542 1400 1581 1429 et
1601 1405 1700 1430 con-

289 1452 540 1492 suetudinem
561 1453 807 1507 exprefferat.
850 1453 990 1493 Pulsus
1013 1455 1159 1493 interea
1180 1469 1302 1508 regno
1325 1456 1562 1496 Ptolemaeus
1585 1457 1699 1496 dolo-

290 1519 336 1558 fis
359 1520 548 1565 consiliis,
584 1521 648 1572 (ut
669 1519 771 1558 dixit
793 1520 957 1571 Sibylla,
990 1520 1104 1558 senfit
1125 1521 1354 1572 Postumus)
1381 1523 1554 1561 Romam
1576 1525 1698 1563 venit.

292 1585 405 1624 Huic
426 1587 585 1638 egenti,
618 1595 656 1623 et
678 1587 861 1638 roganti,
894 1585 961 1624 hic
984 1585 1126 1624 infelix
1156 1588 1367 1640 pecuniam
1397 1588 1593 1628 credidit:
1628 1604 1701 1628 nec

291 1661 379 1690 tum
400 1653 606 1706 primum;
640 1666 733 1691 nam
754 1653 936 1706 regnanti
957 1652 1174 1691 crediderat
1195 1654 1329 1692 absens
1351 1670 1359 1693 :
1392 1668 1465 1693 nec
1486 1665 1633 1695 temere
1662 1657 1700 1696 se

290 1718 448 1757 credere
466 1719 645 1773 putabat,
678 1719 787 1773 quod
807 1729 888 1758 erat
909 1719 1061 1758 nemini
1083 1719 1269 1766 dubium,
1292 1720 1391 1774 quin
1412 1722 1444 1759 is
1466 1722 1507 1760 in
1530 1736 1700 1775 regnum

289 1785 558 1825 restitueretur
577 1800 598 1824 a
617 1785 766 1832 senatu,
797 1786 1029 1840 populoque
1050 1787 1250 1825 Romano.
1290 1788 1336 1826 In
1359 1788 1487 1826 dando
1507 1799 1639 1828 autem
1661 1801 1699 1831 et

286 1840 685 1907 credendo'proceflit
705 1852 894 1906 longius:
927 1866 1000 1892 nec
1030 1852 1139 1892 suam
1170 1852 1299 1893 solum
1325 1855 1538 1908 pecuniam
1568 1857 1697 1896 credi-2

286 1919 359 1966 dit,
378 1919 442 1959 sed
461 1921 583 1960 etiam
601 1920 848 1960 amicorum:
871 1919 1011 1960 stulte:
1036 1921 1124 1975 quis
1148 1923 1293 1975 negat?
1317 1931 1384 1961 aut
1405 1923 1494 1976 quis
1511 1923 1596 1977 jam
1617 1939 1695 1964 non

286 1987 473 2026 admonet
492 1988 505 2026 ?
538 1988 647 2041 quod
668 1988 770 2026 male
790 1987 952 2034 cecidit,
984 1988 1084 2027 bene
1105 1989 1334 2028 consultum
1357 1999 1512 2043 putares
1529 1992 1543 2029 ?

342 2053 421 2093 ΙΙΙ.
454 2052 501 2092 Id
517 2053 570 2092 est
591 2053 770 2099 difficile,
788 2053 896 2106 quod
917 2067 1010 2093 cum
1028 2054 1092 2108 spe
1113 2069 1255 2108 magna
1273 2056 1317 2095 fis
1336 2056 1540 2109 ingreffus,
1561 2058 1600 2096 id
1617 2071 1697 2097 non

287 2119 430 2172 exequi
451 2119 574 2173 usque
593 2120 640 2157 ad
661 2129 901 2159 extremum.
935 2121 1109 2176 Supplex
1131 2132 1211 2161 erat
1232 2137 1324 2168 rex;
1358 2124 1484 2162 multa
1507 2125 1693 2177 rogabat,-

287 2187 421 2224 omnia
440 2186 705 2240 pollicebatur
724 2202 731 2225 :
766 2197 809 2225 ut
825 2189 909 2240 jam
932 2198 1107 2229 metuere
1129 2190 1339 2229 Postumus
1361 2201 1587 2244 cogeretur,
1620 2206 1668 2230 ne
1683 2222 1693 2238 ‚

287 2251 395 2304 quod
427 2252 669 2299 crediderat,
703 2255 905 2307 perderet,
939 2256 965 2295 fi
1000 2257 1185 2296 credendi
1218 2257 1477 2297 constituisset
1510 2259 1691 2297 modum.

288 2317 408 2358 Nihil
429 2327 562 2357 autem
583 2329 662 2358 erat
684 2321 754 2359 illo
778 2322 976 2377 blandius,
1007 2322 1109 2362 nihil
1131 2323 1208 2362 hoc
1231 2325 1442 2377 benignius
1462 2342 1469 2364 :
1504 2334 1548 2364 ut
1567 2326 1692 2379 magis

287 2387 499 2440 poeniteret
519 2387 689 2440 coepiffe,
721 2402 840 2442 quam
861 2391 997 2430 liceret
1018 2391 1206 2431 desistere.

344 2453 457 2492 Hinc
490 2454 663 2504 primurn
697 2457 873 2495 exoritur
906 2460 1055 2496 crimen
1091 2458 1216 2497 illud:
1251 2458 1429 2497 senatum
1460 2467 1691 2512 corruptum

1256 2525 1287 2561 F
1319 2524 1341 2562 f
1367 2537 1386 2563 2
