2076 2860
638 156 1215 196 PHILIPPICA
1282 154 1316 196 I.
1598 160 1678 214 287

277 261 460 314 diflipato
480 259 673 298 concursu
694 259 925 312 impiorum,
944 257 1193 310 principibus
1210 257 1362 295 sceleris
1378 271 1495 312 poena
1513 258 1677 306 affectis,

283 328 380 366 urbe
411 326 595 364 incendio
627 335 666 363 et
697 325 811 363 caedis
845 334 954 362 metu
986 324 1172 368 liberata,
1206 333 1243 362 te
1274 323 1440 362 domum
1468 326 1677 378 recepisti?

285 394 410 446 Cujus
427 392 592 437 ordinis,
610 393 723 444 cujus
745 391 913 444 generis,
932 391 1045 443 cujus
1068 390 1236 442 denique
1258 389 1426 429 fortunae
1446 390 1570 430 studia
1592 402 1679 430 tum

281 458 390 497 laudi
411 467 449 496 et
469 458 724 510 gratulationi
746 467 821 495 tuae
842 457 878 494 se
899 470 978 494 non
1000 456 1232 494 obtulerunt
1251 458 1263 494 ?
1287 457 1398 509 Qin
1419 457 1521 495 mihi
1543 460 1678 504 etiam,

283 539 365 577 quo
384 526 540 562 auctore
569 534 607 561 te
635 524 678 562 in
708 524 755 561 iis
786 523 901 561 rebus
932 524 991 561 uti
1018 523 1331 569 arbitrabantur,
1363 533 1402 561 et
1421 525 1562 576 gratias
1586 524 1682 563 boni

284 591 358 629 viri
378 591 560 643 agebant,
591 600 630 628 et
650 600 720 628 tuo
742 590 902 628 nornine
923 589 1235 642 gratulabantur.
1268 590 1502 636 Recordare,
1535 592 1679 644 quaeso,

284 657 519 703 Dolabella,
551 657 782 695 consensum
811 656 929 695 illum
956 655 1123 702 theatri,
1155 670 1249 694 cum
1269 670 1432 702 ornnes,
1464 671 1598 696 earum
1619 673 1681 697 re-

282 738 374 762 rum
395 724 539 769 obliti,
571 733 732 776 propter
752 736 846 776 quas
869 723 944 760 tibi
964 721 1119 760 fuerant
1140 721 1274 760 offensi
1290 752 1301 768 ‚
1333 723 1650 776 significaverunt
1667 755 1679 771 ,

282 790 321 829 se
352 804 455 828 novo
488 790 681 828 beneficio
713 790 948 828 memoriam
978 789 1118 827 veteris
1151 789 1298 827 doloris
1330 790 1525 842 abjecifl'e.
1562 791 1682 830 Hanc

284 865 356 902 tu,
389 857 434 896 P.
457 857 694 902 Dolabella,
729 859 892 909 (magno
920 856 1063 909 loquor
1093 870 1187 894 cum
1208 855 1360 908 dolore)
1385 856 1486 895 hanc
1515 866 1583 904 tu,
1615 859 1681 897 in-

283 937 420 976 quam,
450 923 584 962 anImo
605 936 716 976 aequo
736 922 898 976 potuisti
919 931 1067 960 tantam
1089 921 1326 974 dignitatem
1347 923 1540 976 deponere
1559 925 1574 962 ?

339 989 460 1027 XIII.
484 989 552 1027 Tu
572 997 719 1034 autem,
738 989 802 1027 M.
817 988 986 1033 Antoni,
1007 987 1225 1041 (absentem
1240 989 1347 1027 enim
1363 990 1537 1042 appello)
1556 1004 1683 1030 unum

279 1054 405 1094 illum
430 1054 551 1100 diem,
583 1068 664 1108 quo
695 1055 736 1093 in
769 1054 847 1093 aede
878 1053 1056 1092 Telluris
1084 1053 1235 1092 senatus
1263 1054 1356 1101 fuit,
1388 1069 1467 1093 non
1495 1057 1684 1096 omnibus

282 1121 334 1160 iis
363 1121 562 1160 menfibus
575 1150 589 1168 ,
621 1121 767 1175 quibus
790 1130 827 1159 te
847 1120 1036 1174 quidam,
1068 1121 1244 1159 multum
1266 1134 1286 1159 a
1306 1135 1369 1159 me
1390 1122 1654 1162 dissentientes
1671 1153 1682 1168 ,

285 1188 447 1227 beatum
462 1197 619 1242 putant,
636 1189 840 1242 anteponis
856 1189 869 1226 ?
889 1189 988 1240 Qae
1004 1186 1083 1226 fuit
1099 1189 1224 1226 oratio
1240 1187 1287 1227 de
1302 1189 1537 1228 concordia?
1555 1203 1685 1242 quan-

284 1263 328 1293 to
349 1265 460 1294 metu
478 1255 665 1300 veterani,
697 1263 843 1307 quanta
863 1254 1130 1292 sollicitudine
1149 1255 1286 1293 civitas
1308 1264 1395 1294 tum
1416 1270 1437 1293 a
1463 1265 1501 1294 te
1522 1256 1685 1295 liberata

284 1321 365 1359 est?
387 1323 528 1360 Tuum
544 1321 753 1373 collegam,
771 1320 954 1374 depositis
971 1320 1212 1366 inimicitiis,
1230 1321 1381 1360 oblitus
1402 1322 1682 1376 auspiciorum,

286 1387 430 1441 teipso
451 1402 597 1441 augure
617 1389 850 1433 nuntiante,
881 1387 952 1426 illo
983 1387 1161 1440 primum
1190 1387 1253 1426 die
1282 1388 1477 1442 collegam
1508 1390 1583 1429 tibi
1612 1391 1685 1430 effe

286 1454 472 1493 voluisti:
506 1464 597 1493 tuus
628 1454 812 1507 parvulus
843 1453 949 1492 filius
980 1454 1020 1491 in
1052 1454 1299 1507 Capitolium
1320 1469 1341 1492 a
1360 1465 1397 1494 te
1418 1456 1552 1494 mifi‘us
1577 1458 1684 1510 pacis

286 1520 398 1559 obses
427 1520 521 1559 fuit.
566 1522 660 1572 Qo
688 1521 840 1559 senatus
871 1520 933 1558 die
962 1520 1119 1558 laetior?
1152 1534 1232 1573 quo
1253 1523 1423 1574 populus
1445 1523 1683 1561 Romanus?

287 1587 359 1639 qui
380 1587 543 1639 quidem
564 1586 673 1624 nulla
693 1587 735 1625 in
755 1587 946 1625 concione
967 1599 1144 1638 unquam
1164 1585 1410 1639 frequentior
1438 1587 1531 1627 fuit.
1573 1590 1687 1627 Tum

289 1652 460 1705 denique
479 1652 635 1690 liberati
657 1666 724 1705 per
744 1653 847 1691 viros
868 1651 1096 1690 fortissimos
1124 1652 1381 1698 videbamur3
1414 1654 1520 1706 quia,
1553 1664 1597 1692 ut
1624 1655 1687 1693 illi

288 1719 507 1763 voluerant,
539 1718 762 1757 libertatem
783 1732 857 1772 pax
878 1717 1124 1771 sequebatur.
1157 1719 1360 1765 Proximo,
1392 1720 1527 1765 altero,
1552 1722 1685 1766 tertio,

290 1785 452 1837 reliquis
473 1785 692 1823 consecutis
714 1784 867 1830 diebus,
900 1798 979 1822 non
1000 1784 1290 1823 intermittebas
1312 1786 1417 1838 quafi
1439 1786 1590 1824 donum
1611 1787 1686 1824 ali-

289 1851 397 1904 quod
419 1850 596 1903 quotidie
617 1851 751 1890 afferre
771 1851 1021 1905 reipublicae:
1045 1850 1267 1890 maximum
1289 1861 1419 1890 autem
1441 1852 1556 1898 illud,
1580 1853 1688 1906 quod

290 1917 490 1956 dictaturae
511 1931 656 1956 nomen
678 1917 875 1957 sustulisti.
918 1918 1016 1956 Haec
1039 1917 1164 1956 inusta
1184 1918 1237 1955 est
1257 1932 1278 1955 a
1298 1928 1350 1963 te,
1382 1932 1402 1956 a
1424 1928 1474 1964 te,
1507 1921 1685 1972 inquam,

290 1993 449 2023 mortuo
482 1984 621 2022 Caesari
654 1994 746 2023 nota
776 1985 822 2023 ad
850 1984 1113 2037 ignominiam
1140 1984 1432 2038 sempiternam.
1478 1987 1535 2024 Ut
1562 1987 1685 2032 enim,

291 2059 451 2102 propter
483 2050 599 2088 unius
633 2051 697 2089 M.
720 2051 867 2088 Manlii
895 2050 1034 2095 scelus,
1066 2050 1223 2088 decreto
1249 2052 1377 2104 gentis
1407 2052 1585 2098 Manliae,
1617 2066 1688 2090 ne-

289 2116 443 2153 minem
475 2117 687 2168 patricium
719 2117 783 2154 M.
808 2116 1010 2154 Manlium
1043 2117 1172 2154 vocari
1199 2117 1321 2163 licet5
1356 2118 1405 2157 fic
1438 2128 1495 2164 tu,
1528 2128 1688 2172 propter

293 2182 410 2219 unius
433 2181 631 2219 dictatoris
653 2182 805 2227 odium,
838 2196 983 2220 nomen
1004 2182 1204 2222 distatoris
1225 2182 1406 2222 funditus
1428 2184 1626 2223 sustulisti.

350 2248 465 2286 Num
487 2258 523 2285 te
537 2277 546 2292 ‚
579 2261 673 2286 cum
694 2262 764 2300 pro
785 2249 905 2287 salute
926 2249 1153 2303 reipublicae
1175 2259 1281 2288 tanta
1300 2250 1462 2303 geffiffes
1478 2281 1489 2296 ,
1521 2250 1688 2290 fortunae

294 2325 386 2359 tuae,
418 2328 515 2351 num
537 2315 828 2366 amplitudinis,
861 2329 958 2355 num
980 2316 1182 2362 claritatis,
1216 2331 1313 2354 num
1335 2317 1483 2369 gloriae,
1516 2319 1688 2369 poenite-

297 2380 386 2418 bat?
410 2380 527 2417 Unde
543 2380 665 2432 igitur
681 2380 810 2419 subito
827 2391 933 2420 tanta
948 2381 1018 2419 ista
1033 2383 1226 2420 mutatio?
1250 2383 1344 2421 Non
1361 2383 1514 2435 poffum
1531 2383 1687 2427 adduci,

296 2456 340 2484 ut
371 2445 563 2499 suspicer,
597 2457 634 2484 te
665 2448 832 2500 pecunia
862 2457 1038 2501 captum.
1075 2448 1217 2493 Licet,
1248 2449 1355 2502 quod
1387 2449 1530 2502 cuique
1562 2449 1686 2493 libet,
