2076 2860
470 200 764 243 VARIAE
847 199 1418 246 LECTIONES.'

200 307 260 377 {57
285 346 322 374 ¹4
341 336 491 366 dementiae
505 350 519 365 υ
535 339 666 367 dementiae
677 346 732 367 tuae
966 309 1025 379 {58
1049 348 1084 377 ²5
1108 349 1166 376 quo
1180 339 1276 368 veniat
1297 339 1323 374 ψ
1337 340 1404 378 quod
1414 342 1525 369 veniant

282 386 316 407 21
342 387 447 416 magno
461 377 590 415 equitatu
605 392 618 406 υ
632 382 743 406 maximo
751 379 873 416 peditatu
885 377 912 415 ψ
1049 379 1087 408 26
1110 380 1255 408 δεηᾶἰοςε
1272 379 1299 414 ψ
1314 380 1457 408 Sanffiom

388 429 476 455 magno
486 419 615 454 peditatu,
634 421 752 457 equitatu
1049 429 1085 456 27
1107 429 1178 456 quos
1193 429 1268 447 arma
1285 419 1339 447 fert
1352 433 1366 447 v
1382 422 1523 458 armasere

283 466 323 494 24
342 457 406 486 sunt
421 458 506 494 xysta?
968 468 1026 497 459
1073 468 1082 486 1
1109 459 1250 496 reliquum
1266 473 1290 494 v,
1304 460 1330 492 ψ
1343 458 1458 488 relidam

280 506 318 534 29
340 498 474 534 Namque
490 497 508 524 fi
525 495 551 532 ψ
567 498 638 525 Nam
1046 513 1087 521 —
1108 508 1142 526 ne
1156 512 1169 526 υ
1184 501 1212 526 d.

284 545 322 573 30
343 537 405 565 sunt
420 537 446 571 ψ
459 538 485 564 d.
1070 547 1084 575 3
1108 538 1261 576 conscripti
1274 538 1300 573 ψ
1314 540 1440 577 corstriffli

201 576 259 615 458
302 585 321 613 4
340 577 436 614 poffim
451 577 574 614 sppoffi‘cm
1067 588 1083 614 7
1107 578 1167 605 haec
1181 578 1206 612 ψ
1221 579 1267 606 hoc

279 631 320 638 -
340 624 388 644 aut
402 630 415 644 υ
428 625 511 644 autem
1045 633 1084 640 —
1107 618 1204 652 vellet,
1226 626 1275 646 aut
1290 617 1349 646 fieri
1363 631 1377 647 v
1392 618 1545 655 nolletfieri.
1567 618 1622 645 Aut
1636 629 1682 647 non

279 671 319 678 --
340 656 429 684 velint
444 670 456 684 v
472 657 551 685 velim
1069 659 1084 685 8
1109 658 1190 685 undis
1206 657 1321 686 flamma
1332 672 1358 692 υ,
1374 659 1399 694 ψ
1413 659 1634 697 undasflammam

277 710 319 719 —
340 696 392 723 fint
406 695 501 731 alffimt
1052 706 1082 725 ιι
1106 697 1160 725 suis
1176 711 1201 731 v,
1213 698 1239 733 ψ
1253 700 1282 727 d.

301 736 317 763 8
340 735 457 772 cupiant
470 735 497 770 ψ
510 738 538 764 d.
1054 746 1064 765 ι
1075 747 1088 765 z
1114 737 1142 764 in
1159 737 1227 765 alias
1242 751 1254 765 υ
1269 740 1297 765 d.

282 777 317 803 18
339 775 462 812 primum
478 775 506 811 ψ
520 778 545 803 d.
1054 786 1089 814 ¹9
1112 777 1165 805 viri
1180 777 1320 805 clariffimi
1335 777 1359 811 ψ
1375 778 1414 815 2
1430 778 1462 806 C.

280 823 317 853 25
340 815 582 845 Bene—credo
595 830 609 845 v
627 816 653 844 d.
1050 818 1087 845 28
1108 816 1243 855 perscribi
1258 819 1284 852 ψ
1295 825 1343 855 per
1357 819 1382 850 [ὲ
1395 818 1445 848 tibi

884 1061 899 1096 1
949 1060 989 1096 N

279 1207 1601 1271 MANTONIUM

488 1378 1163 1441 PHILIPPICA
1245 1396 1376 1445 xlv,

321 1557 429 1599 Edit.
460 1558 601 1598 olivet.
1277 1562 1394 1603 MSS.
1424 1579 1454 1606 υ,
1472 1557 1513 1616 ψ

193 1663 255 1731 Ξόο
299 1704 310 1724 ι
336 1696 377 1730 Si,
400 1701 457 1725 utv
471 1696 544 1726 Sicut
966 1669 1023 1736 261
1052 1709 1089 1728 22
1112 1699 1158 1728 sed
1173 1713 1197 1732 u,
1212 1698 1240 1735 ψ
1253 1709 1278 1730 et

299 1745 314 1773 3
337 1743 366 1765 et
381 1745 417 1764 ex
436 1749 449 1764 v
463 1737 490 1765 d.
1049 1749 1086 1777 27
1110 1740 1271 1769 consulibus
1286 1741 1311 1774 ᾧ
1322 1741 1416 1777 confide

296 1785 311 1814 ς
334 1776 386 1804 effe
400 1789 413 1804 v
427 1777 505 1814 ffst
1046 1794 1088 1802 ·—-
1107 1788 1278 1818 propraetore
1292 1782 1318 1816 ψ
1327 1789 1441 1819 praelore

295 1826 313 1852 9
336 1815 397 1844 usus
415 1830 439 1849 υ,
453 1815 480 1851 ψ
498 1816 566 1853 mfiaes
1047 1829 1086 1857 29
1108 1820 1198 1858 gladii
1211 1834 1225 1849 v
1240 1823 1269 1849 d.

279 1865 315 1884 ιο
338 1856 472 1884 reservate
487 1870 501 1884 υ
514 1858 648 1892 νψνυανι
1047 1869 1085 1897 30
1107 1861 1256 1889 madesaffi
1271 1862 1297 1896 ψ
1310 1861 1446 1899 ηιαΙεῘαὲἳί

278 1905 289 1924 ι
299 1905 312 1933 3
335 1903 459 1925 mutetur
469 1896 494 1930 ψ
505 1900 620 1924 mittetur
1043 1914 1085 1921 —
1106 1901 1216 1928 duobus
1232 1914 1256 1934 v,
1269 1902 1294 1935 ψ
1305 1904 1411 1930 duorum

279 1944 289 1963 ι
299 1944 314 1971 7
335 1944 432 1963 eorum
447 1936 472 1969 ᾧ
486 1937 616 1963 eorundem
1046 1949 1085 1977 34
1103 1948 1131 1968 et
1145 1940 1276 1969 dubitare
1288 1955 1302 1969 v
1315 1942 1443 1969 dubitatis

276 1983 315 2004 2ο
335 1974 451 2004 videant
465 1988 478 2003 v
499 1977 625 2004 videatur
964 1978 1023 2016 462
1069 1988 1079 2007 ι
1105 1979 1256 2008 decernitis
1272 1979 1459 2019 «ludecrevistit

277 2023 314 2043 22
338 2014 372 2043 ad
387 2015 515 2043 vestitum
530 2027 543 2042 υ
557 2016 583 2043 α’.
1065 2028 1081 2047 2
1101 2029 1168 2047 vero
1184 2021 1271 2048 nostre
1286 2034 1299 2048 υ
1313 2023 1411 2058 vestrae
1425 2020 1452 2055 ψ
1467 2022 1558 2057 nostrae

274 2067 316 2077 —
336 2054 411 2083 hunc
426 2055 529 2089 *labant
541 2062 641 2084 tantum
1066 2058 1084 2087 6
1106 2059 1202 2088 inustae
1304 2069 1379 2090 notae
1398 2074 1412 2089 v
1432 2063 1529 2099 iniusta
1545 2059 1623 2089 evelli
1635 2062 1680 2088 in-

278 2103 295 2123 2
300 2103 314 2131 3
337 2103 372 2122 ne
386 2109 400 2123 v
414 2097 442 2124 d.
1151 2108 1191 2128 ter
1205 2112 1247 2129 mc
1261 2112 1308 2129 uno
1322 2110 1346 2130 n
1360 2100 1388 2137 ψ
1402 2103 1498 2140 1¹²3justa
1510 2100 1655 2130 evelluntur
1666 2112 1678 2128 :

193 2132 252 2173 '461
298 2143 316 2163 2
338 2134 461 2171 ejusdem
474 2136 500 2170 ψ
510 2136 563 2173 gjus
1152 2150 1194 2169 nec
1203 2152 1249 2169 uno

296 2183 315 2212 9
335 2174 459 2210 ejusdem
474 2188 488 2203 υ
501 2177 528 2203 d.
1066 2188 1083 2216 7
1106 2187 1154 2208 aut
1170 2180 1287 2217 ejiciunt
1302 2194 1315 2209 v
1328 2190 1355 2209 ut
1369 2183 1475 2220 ejiciant

277 2228 318 2237 --
337 2214 432 2244 consul
449 2214 546 2244 sonitu
561 2214 586 2249 ψ
600 2214 800 2254 consulisfirliti
1047 2227 1083 2247 10
1103 2220 1264 2249 consulibus
1278 2221 1303 2255 ψ
1317 2221 1438 2258 consulum

280 2262 311 2282 ιι
338 2263 389 2292 per
404 2254 429 2283 se
444 2268 468 2289 v,
482 2255 507 2290 ψ
520 2256 549 2284 d.
1051 2267 1085 2296 ¹3
1109 2260 1267 2289 cruciatum
1283 2261 1308 2296 ψ
1323 2265 1464 2291 cruciatum
1480 2264 1557 2291 etiam

281 2302 317 2322 12
339 2304 355 2322 a
368 2307 381 2323 υ
396 2306 451 2323 cum
1050 2307 1087 2336 ¹4
1109 2300 1238 2330 barbaria
1252 2301 1277 2336 ψ
1292 2301 1428 2330 barbaries

279 2333 318 2362 16
341 2334 505 2372 graviffimis
519 2336 709 2373 ngravifflmm
1047 2353 1085 2360 —
1105 2340 1252 2376 agnoscere
1266 2341 1291 2375 ψ
1306 2341 1428 2379 ignoscere

281 2381 317 2408 17
338 2375 447 2411 populo
463 2375 592 2403 Romano
606 2376 631 2410 ψ
641 2376 758 2414 populum
770 2375 910 2407 Romanum
1051 2380 1089 2409 16
1110 2388 1196 2418 atque
1210 2394 1224 2408 υ
1237 2381 1264 2409 d.
1286 2379 1313 2416 ψ
1327 2389 1402 2420 atque
1415 2382 1457 2411 bis

282 2413 318 2442 18
340 2413 440 2442 Brutus
455 2414 655 2450 liberareturss
665 2416 773 2447 Brutum
785 2418 909 2449 liberaret
1049 2422 1083 2450 18
1105 2420 1227 2450 maxime
1241 2421 1267 2457 ψ
1280 2424 1396 2451 maxima

282 2461 318 2483 cz
339 2452 505 2494 depoposcit
518 2454 544 2490 ψ
558 2456 663 2494 depqscit
