2076 2860
538 136 675 175 PRO
736 135 785 173 L.
849 132 1064 172 CORN.
1126 131 1373 170 BALBO.
1591 145 1664 185 133

255 235 365 290 quod
385 249 406 273 a
427 233 541 273 nobis
563 232 655 272 effet
684 231 963 277 constitutum,
996 240 1063 269 aut
1092 229 1227 283 aliquo
1255 230 1470 269 commodo
1501 240 1567 269 aut
1596 233 1665 270 be—

256 303 414 347 neficio,
447 310 668 340 uterentur.

312 367 432 407 Tulit
463 366 567 420 apud
598 367 765 419 majores
799 365 949 404 nostros
982 364 1114 417 legem
1145 365 1194 403 C.
1220 365 1364 403 Furius
1387 365 1433 403 de
1456 366 1666 405 testamen-

255 434 307 473 tis
326 449 336 473 t
370 433 465 473 tulit
486 433 758 486 QVoconius
781 433 828 471 de
849 432 1067 470 mulierum
1087 430 1374 470 hereditatibus
1394 448 1401 470 :
1436 433 1667 472 innumera-

257 501 356 540 biles
378 500 463 539 aliae
483 500 588 553 leges
610 500 658 538 de
679 500 789 538 civili
806 500 896 552 jure
916 499 1007 537 sunt
1029 499 1129 538 latae.
1151 501 1259 552 Qas
1282 500 1417 538 Latini
1439 501 1665 547 voluerunt,

255 568 519 607 adsciverunt.
565 567 651 621 Ipsa
680 567 852 620 denique
882 567 1015 618 Julia,
1048 580 1125 620 qua
1154 567 1240 619 lege
1261 567 1399 606 civitas
1420 568 1473 606 est
1495 568 1608 607 sociis
1630 579 1671 608 et

255 635 414 674 Latinis
436 634 546 680 data,
579 634 650 687 qui
670 633 788 672 fundi
808 633 949 687 populi
970 632 1062 671 facti
1084 647 1165 671 non
1186 633 1304 671 effent
1320 663 1331 678 ,
1364 635 1566 673 civitatem
1590 650 1669 673 non

256 700 464 741 haberent.
499 703 545 740 In
576 715 657 754 quo
689 715 833 754 magna
862 701 1069 739 contentio
1099 700 1417 740 Heraclienfium
1445 711 1483 739 et
1506 703 1668 756 Neapo-

258 768 477 807 litanorum
498 767 592 813 fuit,
611 782 705 806 cum
721 781 865 820 magna
880 780 966 820 pars
983 767 1025 804 in
1042 767 1090 804 iis
1108 766 1337 805 civitatibus
1355 766 1515 806 foederis
1537 769 1594 807 sui
1617 770 1668 807 li-

259 834 454 873 bertatem
476 835 627 872 civitati
649 833 874 872 anteferret.
900 832 1102 871 Postremo
1118 832 1201 871 haec
1219 834 1276 871 vis
1295 833 1347 871 est
1364 834 1473 873 istius
1495 844 1533 873 et
1549 837 1667 888 juris,

259 911 300 939 et
319 901 443 946 verbi,
477 910 521 938 ut
541 899 658 938 fundi
678 900 820 953 populi
842 899 1036 938 beneficio
1057 899 1203 945 nostro,
1236 914 1316 938 non
1338 901 1406 940 suo
1421 903 1525 954 jure,
1557 902 1667 941 fiant,

262 969 370 1007 Cum
398 967 551 1020 aliquid
579 967 752 1020 populus
784 968 990 1005 Romanus
1012 967 1149 1020 juffit,
1182 967 1222 1004 id
1253 967 1279 1005 fi
1301 968 1354 1006 est
1375 969 1593 1020 ejusmodi,
1628 980 1671 1008 ut

262 1034 501 1088 quibusdam
522 1035 682 1088 populis
704 1035 779 1073 five
800 1033 1001 1073 fcederatis
1015 1064 1025 1080 ‚
1058 1035 1133 1072 five
1163 1034 1298 1073 liberis
1313 1065 1323 1080 ‚
1356 1037 1673 1089 permittendum

260 1102 334 1141 effe
354 1102 533 1141 videatur
548 1132 559 1147 ‚
592 1111 636 1140 ut
657 1101 826 1141 statuant
847 1102 917 1155 ipfi
939 1115 1020 1140 non
1042 1101 1089 1139 de
1111 1101 1250 1140 nostris
1266 1132 1277 1147 ‚
1310 1102 1374 1140 sed
1404 1104 1451 1141 de
1472 1103 1548 1142 suis
1565 1134 1576 1149 ‚
1609 1119 1670 1143 re-

260 1168 351 1215 bus,
383 1182 463 1221 quo
478 1170 568 1221 jure
589 1169 648 1208 uti
669 1168 820 1214 velint;
854 1178 957 1213 turn,
980 1177 1117 1206 utrum
1138 1167 1255 1206 fundi
1276 1167 1369 1207 facti
1392 1169 1480 1215 fint,
1504 1184 1550 1207 an
1574 1185 1668 1216 nou,

262 1235 522 1288 quaerendum
542 1235 614 1273 effe
635 1235 813 1274 videatur
832 1251 840 1274 ε
875 1235 921 1273 de
952 1235 1079 1273 nostra
1100 1249 1189 1274 vero
1211 1235 1415 1288 republica
1430 1267 1440 1282 ‚
1473 1238 1520 1275 de
1542 1238 1671 1276 nostro

262 1302 432 1355 imperio
446 1331 456 1347 ,
490 1301 536 1340 de
558 1301 696 1340 nostris
720 1302 834 1340 bellis
851 1331 862 1346 ‚
895 1301 942 1340 de
962 1302 1125 1340 victoria
1139 1331 1150 1347 ,
1183 1301 1230 1340 de
1252 1301 1396 1348 salute,
1428 1303 1574 1342 fundos
1597 1318 1671 1357 po-

262 1368 379 1422 pulos
401 1367 486 1407 fieri
507 1368 736 1408 noluerunt.

319 1435 395 1474 IX.
419 1436 563 1489 Atqui,
582 1436 608 1474 fi
626 1435 931 1490 imperatoribus
954 1436 1109 1482 nostris,
1134 1436 1160 1474 fi
1182 1436 1345 1482 senatui,
1365 1437 1390 1475 fi
1412 1437 1562 1490 populo
1586 1438 1673 1475 Ro-

262 1515 383 1542 mano
398 1532 410 1549 ‚
442 1516 522 1541 non
544 1502 683 1541 licebit
703 1504 912 1556 propositis
935 1505 1106 1556 praemiis
1129 1504 1269 1541 elicere
1290 1518 1337 1542 ex
1359 1505 1587 1542 civitatibus
1610 1504 1671 1542 so-

265 1569 439 1614 ciorum,
460 1579 577 1621 atque
593 1571 829 1614 amicorum,
848 1569 1105 1608 fortiffimum
1121 1580 1238 1622 atque
1256 1571 1457 1622 optimum
1473 1585 1673 1623 quemque

265 1634 314 1673 ad
344 1634 546 1673 subeunda
576 1648 646 1688 pro
677 1635 799 1673 salute
829 1635 958 1673 nostra
986 1636 1162 1688 pericula
1178 1653 1189 1679 3
1223 1636 1377 1674 summa
1411 1637 1597 1682 utilitate,
1631 1651 1673 1675 ac

266 1702 444 1741 maximo
465 1700 561 1754 saepe
581 1701 785 1754 praefidio,
817 1703 859 1739 in
888 1701 1075 1754 periculis
1106 1711 1224 1754 atque
1253 1702 1395 1755 asperis
1426 1703 1673 1756 temporibus

267 1769 481 1807 carendum
502 1769 590 1806 erit.
611 1768 698 1813 Sed,
716 1782 786 1820 per
808 1769 914 1806 Deos
937 1768 1182 1806 immortales
1200 1768 1207 1806 !
1227 1783 1313 1822 quae
1334 1769 1387 1807 est
1408 1770 1477 1807 ista
1497 1770 1673 1815 societas,

267 1849 355 1888 quae
375 1834 551 1872 amicitia
565 1863 576 1879 ,
609 1835 717 1887 quod
738 1833 868 1873 foedus
885 1865 895 1880 ,
928 1844 972 1873 ut
993 1843 1059 1873 aut
1081 1833 1208 1872 nostra
1228 1836 1366 1873 civitas
1388 1846 1513 1874 careat
1534 1837 1575 1874 in
1598 1837 1674 1874 suis

266 1901 454 1955 periculis
477 1899 705 1939 Masfilienfi
727 1911 1035 1954 propugnatore,
1065 1911 1191 1939 careat
1213 1901 1427 1947 Gaditano,
1459 1912 1584 1940 careat
1608 1904 1674 1941 Sa-

268 1967 469 2020 guntino;
501 1976 568 2005 aut
583 1996 593 2012 ‚
626 1967 653 2005 fi
675 1967 764 2019 quis
786 1980 834 2005 ex
855 1967 935 2005 illis
958 1967 1117 2020 populis
1140 1967 1186 2005 fit
1206 1977 1365 2006 exortus
1381 1998 1392 2013 ,
1425 1969 1495 2021 qui
1526 1969 1675 2007 nostros

269 2033 389 2072 duces
421 2033 571 2072 auxilio
596 2033 757 2078 laboris,
789 2043 1062 2079 commeatus,
1095 2034 1274 2086 periculo
1305 2034 1373 2073 suo
1397 2036 1573 2088 juverit,
1606 2038 1678 2088 qui

270 2114 364 2139 cum
384 2099 494 2138 hoste
514 2099 644 2138 nostro
665 2100 848 2138 cominus
878 2100 920 2137 in
949 2100 1031 2138 acie
1062 2100 1158 2153 saepe
1188 2102 1374 2154 pugnarit
1390 2131 1400 2147 ,
1433 2103 1501 2154 qui
1524 2102 1560 2139 se
1582 2102 1677 2155 saepe

271 2166 361 2204 telis
392 2165 592 2210 hostium,
625 2166 694 2217 qui
726 2165 974 2204 dimicationi
1003 2166 1171 2219 capitis,
1202 2167 1272 2220 qui
1300 2168 1421 2206 morti
1454 2168 1673 2220 objecerit3

273 2231 384 2269 nulla
403 2231 632 2269 conditione
654 2230 772 2284 hujus
794 2232 966 2270 civitatis
988 2233 1159 2285 praemiis
1182 2233 1286 2271 affici
1305 2233 1421 2286 poffit
1440 2235 1452 2271 ?

330 2298 494 2335 Etenim
514 2298 556 2335 in
577 2298 773 2350 populum
794 2299 1025 2338 Romanum
1045 2314 1159 2352 grave
1180 2299 1232 2338 est
1246 2330 1257 2345 ‚
1291 2314 1370 2338 non
1400 2300 1504 2353 poffe
1527 2300 1585 2338 uti
1614 2300 1675 2338 so-

275 2363 347 2401 ciis
368 2363 579 2401 excellenti
599 2364 745 2402 virtute
765 2364 954 2418 praeditis,
977 2366 1046 2419 qui
1069 2365 1192 2403 velint
1214 2379 1308 2404 cum
1329 2366 1515 2419 periculis
1538 2365 1675 2403 nostris

278 2429 343 2468 sua
362 2430 682 2470 communicare:
715 2430 756 2469 in
779 2430 903 2471 socios
924 2445 1016 2471 vero
1037 2431 1140 2484 ipsos
1155 2460 1167 2477 ‚
1199 2441 1238 2470 et
1267 2433 1309 2470 in
1339 2445 1403 2470 eos
1419 2461 1430 2478 ‚
1463 2431 1508 2469 de
1530 2431 1678 2483 quibus
