2076 2860
398 218 469 256 162
872 212 1316 250 ORATIO

391 308 661 346 auctoritatem
691 306 867 350 servarat,
899 305 1084 357 idemque
1113 304 1154 341 in
1186 304 1312 348 Italia,
1345 304 1415 356 qui
1443 317 1579 342 omnes
1600 303 1785 342 omnium

390 373 573 425 gentium
599 382 725 425 partes
756 371 881 408 tribus
913 368 1127 422 triumphis
1156 369 1396 413 devinxerat,
1429 370 1460 406 is
1490 369 1526 406 se
1553 369 1592 406 in
1622 368 1787 421 publico

392 448 480 476 tuto
500 438 632 476 statuit
653 437 724 474 effe
746 450 823 473 non
845 435 978 487 poffe?
1010 437 1075 472 An
1098 445 1185 472 tum
1205 435 1318 472 eratis
1340 434 1533 480 consules,
1555 449 1663 479 cum,
1686 447 1786 486 qua-

393 517 549 556 cunque
571 503 616 540 de
638 517 677 540 re
693 502 858 539 verbum
878 500 1004 538 facere
1026 501 1246 552 coeperatis,
1268 510 1334 538 aut
1356 500 1496 539 referre
1516 500 1564 538 ad
1585 500 1784 544 senatum3

394 571 557 607 cunctus
588 568 684 605 ordo
714 567 963 611 reclamabat,
995 566 1313 619 ostendebatque,
1346 566 1449 604 nihil
1479 566 1550 604 effe
1580 579 1648 603 vos
1677 567 1787 602 actu-

394 649 471 680 ros,
504 635 574 672 nifi
595 634 703 687 prius
726 634 772 671 de
793 648 855 671 me
878 632 1098 670 retulissetis
1119 634 1132 669 ?
1164 645 1257 670 cum
1277 647 1360 678 vos,
1393 646 1620 685 quanquam
1643 630 1790 669 foedere

394 699 569 737 obstricti
604 699 845 737 tenebamini
864 728 874 744 ,
913 708 1043 736 tamen
1077 711 1218 750 cupere
1252 711 1320 736 vos
1356 698 1536 736 diceretis
1554 728 1566 743 ‚
1603 697 1667 736 sed
1705 697 1790 748 lege

397 765 582 817 impediri
602 766 615 802 ?

455 832 554 883 Qae
575 831 639 868 lex
659 831 820 883 privatis
843 829 1074 867 hominibus
1104 829 1176 866 effe
1206 829 1269 866 lex
1300 842 1378 866 non
1405 827 1636 872 videbatur,
1667 827 1794 865 inusta

397 909 466 948 per
487 896 611 933 servos
627 924 638 940 ,
671 895 791 932 incisa
811 909 878 947 per
899 896 980 932 vim
995 923 1006 939 ,
1038 894 1217 946 impolita
1238 908 1306 946 per
1327 893 1581 931 latrocinium
1595 922 1607 938 ‚
1640 892 1792 931 sublato

399 961 531 998 senatu
547 990 558 1006 ,
590 960 709 1012 pulfis
731 975 751 998 e
771 960 858 998 foro
879 961 992 998 bonis
1014 960 1200 997 omnibus
1216 988 1227 1004 ,
1259 968 1372 1011 capta
1398 959 1626 1012 republica,
1657 967 1795 997 contra

399 1040 536 1065 omnes
566 1026 697 1078 legeS,
730 1026 842 1064 nullo
872 1026 1013 1078 scripta
1041 1039 1178 1070 more;
1211 1024 1312 1063 hanc
1342 1026 1411 1077 qui
1433 1025 1468 1062 se
1490 1034 1662 1062 metuere
1683 1024 1792 1062 dice-

401 1102 501 1138 rent,
525 1092 717 1137 consules,
741 1106 820 1130 non
841 1092 971 1130 dicam
991 1092 1113 1130 animi
1134 1090 1361 1136 hominum,
1385 1091 1447 1129 sed
1468 1090 1555 1129 fasti
1575 1091 1663 1135 ulli,
1694 1089 1795 1128 ferre

401 1158 558 1212 poffunt
577 1159 589 1195 ?
623 1159 730 1196 Nam
752 1158 777 1195 fi
805 1158 916 1196 illam
936 1158 1065 1210 legem
1086 1171 1165 1195 non
1186 1157 1377 1210 putabitis
1394 1187 1404 1202 ‚
1436 1171 1522 1210 quae
1551 1166 1632 1194 erat
1660 1165 1797 1194 contra

401 1237 537 1261 ornnes
559 1223 679 1276 leges,
711 1223 929 1261 indemnati
950 1223 1061 1267 civis,
1084 1232 1201 1275 atque
1222 1223 1365 1274 integri
1387 1223 1540 1275 capitis,
1573 1222 1793 1259 bonorum-

403 1303 480 1341 que
498 1289 705 1326 tribunitia
719 1289 952 1341 proscriptio
961 1308 973 1333 3
996 1288 1069 1326 hae
1092 1297 1222 1326 tamen
1238 1288 1411 1326 obstricti
1431 1288 1611 1340 pactione
1633 1287 1794 1325 teneba-

404 1354 530 1399 mini;
561 1355 649 1406 quis
678 1368 744 1392 vos
774 1368 853 1393 non
878 1353 998 1392 modo
1023 1353 1216 1399 consules,
1248 1353 1311 1391 sed
1336 1354 1496 1398 liberos,
1527 1352 1640 1391 fuifi‘e
1666 1361 1794 1405 putet,

404 1434 575 1473 quorum
592 1434 701 1458 mens
718 1419 838 1459 fuerit
853 1420 1026 1473 oppreffa
1041 1420 1217 1472 praemio,
1240 1420 1376 1471 lingua
1395 1419 1571 1463 adstricta
1586 1419 1764 1457 mercede
1781 1420 1795 1456 ?

405 1487 471 1523 Sin
492 1486 602 1524 illam
619 1499 686 1523 vos
703 1486 774 1524 soli
795 1486 923 1538 legem
943 1486 1159 1539 putabitis3
1184 1485 1391 1538 quisquam
1411 1499 1478 1522 vos
1501 1484 1678 1522 consules
1700 1494 1796 1522 tunc

405 1550 531 1595 fuisse,
549 1561 614 1588 aut
635 1565 741 1589 nunc
762 1552 834 1589 effe
854 1551 1088 1596 consulares,
1111 1560 1238 1604 putet,
1257 1552 1327 1603 qui
1346 1552 1428 1603 ejus
1450 1551 1635 1595 civitatis,
1659 1551 1699 1588 in
1721 1563 1799 1603 qua

405 1618 445 1653 in
468 1617 696 1668 principum
718 1630 882 1655 numero
902 1617 1022 1654 vultis
1043 1616 1130 1661 effe,
1153 1630 1232 1654 non
1254 1617 1373 1668 leges,
1396 1630 1475 1654 non
1496 1615 1686 1660 instituta,
1718 1629 1798 1653 non

400 1683 489 1734 jura
509 1682 647 1719 noritis
667 1683 680 1719 ?
712 1683 793 1727 An,
825 1696 931 1721 cum*
939 1681 1296 1735 proficiscebamini
1317 1682 1491 1734 paludati
1515 1683 1554 1719 in
1576 1681 1797 1734 provincias

406 1748 466 1786 vel
487 1757 637 1801 emptas
652 1777 662 1793 ‚
694 1749 754 1786 vel
776 1758 948 1801 ereptas,
980 1748 1158 1787 consules
1179 1762 1247 1786 vos
1269 1747 1477 1801 quisquam
1498 1749 1651 1800 putavit
1671 1749 1683 1784 ?
1716 1749 1797 1786 Ita-

406 1828 496 1866 que,
528 1814 658 1858 credo,
682 1814 706 1851 si
728 1814 860 1852 minus
881 1813 1104 1866 frequentia
1123 1813 1188 1851 sua
1207 1813 1376 1851 vestrum
1396 1814 1588 1864 egreffum
1607 1813 1795 1858 ornando,

407 1879 805 1931 atque'celebrando;
837 1889 875 1916 at
896 1878 1098 1916 ominibus
1120 1878 1256 1915 saltem
1276 1877 1406 1922 bonis,
1439 1887 1483 1915 ut
1503 1878 1697 1922 consules,
1719 1891 1799 1916 non

409 1944 644 1989 tristiffimis‚
676 1953 720 1982 ut
739 1942 867 1982 hostes
888 1953 953 1982 aut
974 1943 1207 1996 proditores,
1238 1943 1585 1995 prosequebantur.

463 2010 579 2048 XIV.
603 2011 721 2048 Tune
736 2010 870 2055 etiam,
889 2009 1216 2048 immaniffimum
1230 2022 1272 2046 ac
1289 1997 1547 2047 foediffimum
1563 2008 1798 2053 monstrum,

410 2076 520 2114 ausus
550 2089 588 2114 es
611 2089 745 2114 meum
766 2075 970 2114 disceffum
991 2076 1107 2114 illum
1124 2105 1135 2120 ,
1167 2075 1303 2113 testem
1323 2075 1475 2114 sceleris
1497 2084 1535 2113 et
1555 2075 1798 2113 crudelitatis

412 2151 499 2185 tuae,
531 2141 729 2179 maledicti
749 2151 787 2179 ct
808 2142 1059 2180 contumeliae
1083 2142 1172 2180 loco
1192 2155 1335 2194 ponere
1354 2143 1367 2179 ?
1400 2143 1493 2193 Qo
1513 2141 1674 2193 quidem
1696 2150 1798 2179 tem-

409 2221 502 2260 pore
523 2207 624 2259 cepi,
658 2207 788 2244 Patres
809 2206 1036 2260 conscripti,
1059 2206 1233 2246 fruc'tum
1254 2208 1521 2246 immortalem
1541 2207 1653 2245 vestri
1675 2208 1715 2244 in
1736 2220 1801 2244 me

410 2282 448 2310 et
464 2273 621 2317 amoris,
639 2272 856 2324 etjudicii3
880 2273 949 2325 qui
970 2286 1050 2311 non
1070 2273 1443 2318 admurmuratione,
1467 2273 1530 2310 sed
1550 2285 1644 2310 voce
1658 2282 1698 2310 et
1717 2273 1801 2310 cla-

412 2352 534 2383 more,
552 2339 694 2390 abjecti
708 2337 898 2384 hominis,
913 2348 952 2377 et
967 2338 1159 2384 semivivi,
1176 2338 1350 2377 furorem
1366 2339 1703 2392 petulantiamque
1719 2338 1800 2377 fre-

411 2405 533 2455 gistis.
572 2407 639 2443 Tu
668 2404 821 2443 luctum
842 2405 1010 2451 senatus,
1041 2414 1084 2444 tu
1105 2405 1336 2444 defiderium
1357 2406 1542 2458 equestris
1562 2405 1725 2450 ordinis,
1757 2414 1802 2442 tu

414 2470 633 2522 squalorem
654 2471 791 2516 Italiac,
810 2480 852 2510 tu
869 2472 985 2511 curiae
1006 2472 1314 2511 taciturnitatem
1336 2485 1520 2517 annuam,
1539 2481 1581 2510 tu
1603 2471 1802 2510 silentium
