2076 2860
457 181 537 237 478
792 178 1523 219 ORATIONUM

514 282 746 335 FRoN-ro.]
779 283 901 322 Demi
932 280 1086 321 medius
1119 281 1236 320 fidius
1270 280 1317 320 de
1348 280 1411 320 his
1443 281 1651 321 tormentis
1672 282 1853 338 aliquan-

456 360 545 390 tum
565 350 718 389 malim.

511 416 671 468 IDEM]
704 414 769 454 Ad
789 415 1057 454 miserrimum
1077 414 1469 467 crudeliffimumque
1488 414 1741 456 dominatum
1761 416 1854 458 dedi

453 483 675 537 patiamini,

508 548 670 601 IDEM.]
704 550 788 587 Cur
808 562 915 587 nunc
937 548 1109 593 redeant,
1141 548 1169 587 fi
1191 557 1286 586 tunc
1307 547 1440 600 gratiae
1461 549 1733 589 concefi‘erint.

507 615 669 668 IDEM.]
702 615 828 668 Qid,
860 615 967 669 quod
1001 628 1048 653 ne
1078 628 1174 653 cum
1202 615 1250 653 iis
1272 613 1436 667 quidem
1457 624 1642 669 expertus
1663 629 1719 661 es,
1750 629 1850 669 quos

450 682 570 720 duces
591 695 799 736 operarum
819 681 932 721 fuiffe
953 681 1084 720 dixisti
1104 682 1117 719 ?

508 748 669 801 IDEM]
703 748 911 802 Ejusmodi
940 748 1042 787 mihi
1073 748 1170 787 duos
1201 748 1362 801 laqueos
1384 747 1426 787 in
1448 748 1559 787 causa
1579 749 1651 788 effe
1671 749 1849 804 proposl-

451 824 527 861 tos‚
560 824 618 860 ut,
652 815 677 853 fi
699 829 763 853 me
784 816 906 854 altero
927 815 1179 869 expediffem,
1213 825 1364 853 tenerer
1384 815 1521 854 altero.

507 883 652 920 ACRO.
683 882 720 919 in
745 896 775 920 1.
799 882 938 935 Serm.]
970 882 1141 935 Aperuit
1162 881 1264 920 fores
1286 881 1492 920 scalarum.

506 949 682 986 BOETH.
720 949 867 1002 Defin.]
914 949 1056 1002 Legite
1071 978 1082 994 ,
1119 957 1165 987 ut
1198 949 1388 1001 legebatis
1406 968 1418 994 ς
1455 948 1552 987 hinc
1587 948 1821 1002 intelligetis
1835 978 1850 996 ‚

448 1014 558 1052 nulla
579 1013 800 1053 tenuiffima
819 1014 1039 1068 suspicione
1059 1014 1227 1054 describi
1248 1024 1315 1053 aut
1336 1015 1546 1067 significari
1568 1015 1818 1055 Cornelium.

504 1080 732 1133 AQJJLA.]
765 1081 977 1121 Refertum
1007 1081 1228 1120 tribunitiis
1254 1081 1425 1133 legibus,
1458 1080 1691 1120 exhaustum
1711 1095 1732 1120 a
1752 1082 1845 1135 qui-

449 1146 521 1186 bus
544 1147 603 1192 fit,
636 1147 707 1199 ipfi
729 1147 872 1186 sciunt.

837 1274 1070 1317 REMQUA
1116 1285 1171 1307 Ex
1213 1273 1453 1307 Ascowxo.

764 1372 972 1410 VERsu
1021 1385 1050 1410 A
1098 1372 1131 1411 Ι.
1180 1384 1523 1411 CIRCITER.

499 1475 723 1515 Postulatur
755 1475 859 1529 apud
890 1489 955 1515 me
986 1484 1194 1528 praetorem
1226 1476 1404 1529 primum
1436 1475 1484 1514 de
1514 1476 1694 1530 pecuniis
1727 1489 1840 1530 repe-

442 1541 593 1581 tundis.
633 1542 856 1596 Prospeetat
875 1541 1061 1581 videlicet
1082 1542 1310 1588 Cominius,
1342 1541 1440 1595 quid
1459 1551 1609 1595 agatur.
1643 1541 1843 1582 Videlicet

441 1607 624 1647 homines
646 1608 812 1655 foeneos,
845 1609 887 1647 in
915 1608 1111 1655 medium,
1141 1608 1190 1647 ad
1222 1607 1457 1647 tentandum
1488 1607 1714 1662 periculum
1745 1622 1841 1663 pro-

434 1675 576 1727 οᾗεὲὶοε.

497 1741 641 1793 Qid?
684 1742 904 1787 Metellus,
936 1742 1090 1780 summa
1124 1741 1333 1780 nobilitate
1367 1755 1409 1780 ac
1445 1742 1618 1789 virtute,
1650 1755 1745 1781 cum
1779 1742 1840 1781 bis

436 1806 622 1859 juraffet5
657 1807 773 1845 semel
804 1808 990 1861 privatim
1019 1821 1040 1845 a
1069 1816 1192 1860 patre,
1223 1810 1370 1846 iterum
1400 1808 1590 1861 publice;
1623 1823 1643 1846 a
1662 1797 1839 1861 lege-co-

440 1871 562 1917 aetus,
593 1871 742 1910 destitit
772 1873 1030 1910 accusatione.
1076 1875 1140 1910 An
1176 1873 1229 1918 vi,
1261 1887 1308 1910 an
1340 1874 1533 1911 veritate?
1566 1875 1612 1912 In
1645 1887 1726 1926 quo
1757 1873 1840 1911 sus-

441 1938 643 1990 picionem
677 1951 840 1976 omnem
875 1938 983 1976 tollit
1018 1939 1066 1976 C.
1105 1938 1291 1976 Curionis
1326 1940 1450 1977 virtus
1486 1953 1529 1977 ac
1564 1939 1763 1991 dignitas,
1800 1948 1840 1976 et

442 2003 680 2057 QMetelli
712 2004 985 2050 adolescentia,
1017 2004 1064 2042 ad
1096 2004 1289 2042 summam
1322 2004 1480 2043 laudem
1508 2005 1695 2043 omnibus
1723 2005 1838 2043 rebus
1880 2030 1892 2037 .

439 2079 589 2108 ornata.

496 2137 662 2189 Legem,
695 2138 841 2191 inquit,
874 2138 919 2176 de
951 2137 1231 2176 libertinorum
1268 2138 1460 2190 suffragiiS
1497 2139 1706 2176 Cornelius
1743 2152 1838 2177 cum

440 2202 614 2242 Manilio
634 2204 756 2243 dedit.
802 2205 913 2257 Qid
943 2204 995 2242 est
1025 2203 1116 2249 hoc,
1148 2204 1241 2243 dedit
1260 2205 1279 2242 ἒ
1309 2219 1357 2242 an
1381 2205 1488 2250 tulit,
1521 2219 1567 2242 an
1591 2206 1755 2257 rogavit,
1787 2219 1836 2243 an

437 2268 618 2309 hortatus
649 2271 702 2308 est
721 2272 733 2308 ?
767 2272 875 2309 Nam
896 2271 1024 2309 tuliffe
1050 2271 1264 2309 ridiculum
1285 2272 1353 2316 est,
1385 2272 1489 2324 quafi
1511 2272 1639 2324 legem
1661 2272 1835 2324 aliquam

436 2345 504 2374 aut
533 2337 580 2374 ad
610 2337 860 2376 scribendum
891 2337 1111 2382 difficilem,
1144 2347 1209 2375 aut
1236 2337 1283 2375 ad
1312 2338 1620 2390 excogitandum
1650 2338 1832 2376 recondi-

440 2411 534 2441 tam.
577 2404 676 2456 Qae
709 2404 772 2443 lex
803 2404 939 2458 paucis
972 2403 1034 2443 his
1067 2404 1178 2443 annis
1201 2418 1279 2443 non
1301 2404 1420 2443 modo
1443 2405 1598 2457 scripta,
1630 2404 1693 2443 sed
1714 2405 1832 2443 etiam

440 2468 517 2507 lata
536 2468 641 2508 esset.
