2076 2860
413 203 485 253 196
884 198 1326 236 ORAT1o

410 301 547 354 potest.
565 302 694 352 Luget
711 299 881 337 senatus:
901 307 1040 336 moeret
1055 297 1228 350 equester
1240 297 1355 335 ordo:
1376 305 1457 334 tota
1472 295 1607 334 civitas
1623 295 1800 334 confecta

410 367 515 405 senio
536 366 588 404 est
606 381 614 404 ε
649 364 823 417 squalent
844 364 1061 415 municipia
1079 378 1088 401 ι
1111 362 1347 401 affli&antur
1367 362 1531 400 coloniae
1550 377 1559 399 ε
1582 362 1663 414 agri
1684 361 1797 399 deni-

409 446 485 484 que
506 431 574 483 ipfi
594 440 671 468 tam
691 428 926 473 beneficum,
960 438 1039 466 tam
1060 428 1279 472 salutarem,
1304 438 1382 466 tam
1404 427 1650 466 mansuetum
1671 428 1798 465 civem

411 496 637 534 defiderant.
671 495 764 532 Non
787 492 865 531 fuit
885 507 928 531 ea
947 493 1070 538 causa,
1102 493 1276 544 Judices,
1309 491 1483 545 profecto
1505 506 1583 530 non
1605 491 1697 537 fuit,
1729 505 1798 529 cur

412 562 482 600 fibi
498 560 665 598 censeret
681 559 891 611 Pompeius
906 558 1160 611 quaestionem
1176 558 1397 596 ferendam:
1418 558 1479 596 sed
1495 557 1616 595 homo
1633 557 1798 609 sapiens,

411 635 450 664 et
469 627 559 671 alta,
581 635 619 663 et
640 624 772 662 divina
791 624 974 676 quadarn,
1000 632 1132 661 mente
1152 623 1352 676 praeditus,
1383 623 1508 661 multa
1528 622 1626 661 vidit
1645 637 1654 660 ι
1686 620 1797 660 fuiffe

410 692 480 730 fibi
502 691 617 729 illum
638 691 847 729 inimicum
864 719 874 735 ‚
906 689 1140 728 familiarem
1161 689 1362 727 Milonem
1381 704 1389 727 :
1423 689 1463 726 in
1485 688 1690 726 communi
1710 701 1798 725 om-

411 757 524 795 nium
545 756 681 794 laetitia
702 755 727 793 fi
748 756 866 793 etiam
887 755 966 808 ipse
985 755 1184 807 gauderet,
1217 754 1368 799 timuit,
1400 767 1447 791 ne
1472 753 1666 791 videretur
1686 752 1798 790 infir-

410 814 514 861 mior
535 821 629 860 fides
652 821 911 859 reconciliatae
932 821 1078 873 gratiae.
1097 820 1232 859 Multa
1252 820 1371 857 etiam
1391 819 1465 856 alia
1484 818 1598 864 vidit,
1617 817 1680 855 sed
1700 816 1804 854 illud

410 890 606 927 maxime:
637 887 814 939 quamvis
836 888 1019 925 atrociter
1038 886 1118 939 ipse
1139 885 1298 930 tulisset,
1321 898 1388 923 vos
1411 894 1540 922 tamen
1561 883 1717 922 fortiter
1731 884 1803 936 ju-

411 954 622 993 dicaturos.
643 954 779 1005 Itaque
795 952 941 1004 delegit
961 965 981 990 e
1002 951 1278 990 florentissimis
1299 950 1503 989 ordinibus
1524 950 1605 1003 ipsa
1623 949 1798 987 lumina:

412 1034 539 1074 neque
559 1033 648 1059 vero
663 1049 674 1065 ,
706 1020 813 1072 quod
834 1019 1018 1058 nonnulli
1039 1019 1246 1064 dictitant,
1277 1018 1438 1056 secrevit
1459 1017 1499 1055 in
1515 1016 1720 1069 judicibus
1740 1015 1799 1054 le-

411 1086 548 1139 gendis
569 1085 716 1124 amicos
736 1099 859 1124 meos.
887 1085 1029 1138 Neque
1050 1084 1156 1122 enim
1176 1083 1253 1122 hoc
1274 1084 1462 1136 cogitavit
1482 1083 1540 1121 vir
1555 1081 1800 1135 justiffimus,

412 1166 539 1205 neque
560 1151 601 1190 in
622 1151 736 1190 bonis
752 1152 844 1189 viris
861 1150 1035 1203 legendis
1052 1150 1092 1188 id
1107 1149 1250 1202 affequi
1265 1148 1462 1202 potuisset,
1485 1148 1631 1186 etiamfi
1652 1146 1801 1200 cupiis-

415 1218 483 1257 set.
513 1219 609 1257 Non
630 1218 737 1256 enim
756 1231 843 1255 mea
861 1218 984 1269 gratia
1003 1215 1336 1254 familiaritatibus
1358 1215 1597 1259 continetur,
1621 1227 1705 1265 quae
1726 1213 1804 1250 late

414 1294 543 1336 patere
564 1297 642 1321 non
664 1283 845 1336 possunt,
876 1291 1079 1335 propterea
1105 1281 1212 1334 quod
1241 1279 1539 1318 consuetudines
1567 1279 1692 1317 victus
1721 1291 1805 1316 non

412 1350 568 1403 possunt
587 1349 658 1387 effe
679 1363 771 1387 cum
792 1348 943 1387 multis.
982 1347 1054 1385 Sed
1069 1376 1080 1392 ‚
1112 1346 1138 1384 fi
1160 1346 1257 1399 quid
1277 1345 1477 1398 possumus
1493 1375 1505 1390 ,
1537 1358 1583 1383 ex
1604 1357 1649 1382 eo
1669 1343 1802 1396 poffu-

412 1429 516 1461 mus,
539 1415 645 1468 quod
667 1415 883 1466 respublica
903 1427 972 1452 nos
994 1414 1202 1465 conjunxit
1223 1426 1316 1450 cum
1337 1412 1449 1450 bonis
1467 1427 1475 1449 :
1499 1424 1546 1448 ex
1567 1410 1712 1462 quibus
1733 1409 1803 1448 ille

412 1497 505 1520 cum
525 1483 697 1535 optimos
717 1482 819 1519 viros
841 1482 1010 1533 legeret,
1043 1479 1161 1532 idque
1186 1479 1355 1516 maxime
1376 1478 1422 1515 ad
1444 1477 1562 1515 fidem
1583 1476 1690 1514 suam
1710 1489 1805 1529 per-

413 1549 535 1586 tinere
555 1548 818 1591 arbitraretur,
851 1559 929 1583 non
950 1546 1081 1598 potuit
1102 1544 1228 1596 legere
1248 1557 1327 1581 non
1347 1542 1534 1581 studiosos
1556 1542 1649 1580 mei.

469 1614 588 1666 Qod
615 1627 704 1651 vero
727 1623 777 1658 te,
811 1613 858 1651 L.
884 1613 1055 1656 Domiti,
1087 1610 1181 1649 huic
1213 1609 1416 1663 quaestioni
1449 1608 1599 1661 praeeffe
1630 1608 1804 1646 maxime

414 1680 554 1724 voluit,
587 1678 687 1717 nihil
709 1678 882 1731 quaefivit
903 1678 1023 1722 aliud,
1056 1677 1125 1715 nifi
1142 1675 1349 1728 justitiam,
1381 1674 1625 1727 gravitatem,
1657 1672 1802 1712 huma-

415 1747 593 1790 nitatem,
613 1745 745 1783 fidem.
763 1745 894 1788 Tulit,
918 1754 960 1781 ut
981 1743 1224 1781 consularem
1245 1741 1389 1780 neceffe
1410 1740 1523 1779 effet:
1548 1739 1677 1785 credo,
1696 1738 1804 1792 quod

415 1812 641 1864 principum
663 1823 807 1847 munus
828 1809 899 1846 effe
920 1809 1087 1845 ducebat
1102 1836 1112 1851 ‚
1145 1807 1308 1844 resistere
1329 1816 1366 1844 et
1394 1806 1543 1843 levitati
1571 1805 1803 1843 multitudi-

416 1878 474 1914 nis
491 1905 501 1920 ,
533 1880 571 1912 et
592 1873 833 1927 perditorum
857 1872 1079 1910 temeritati.
1113 1873 1176 1908 Ex
1203 1870 1470 1908 consularibus
1500 1879 1536 1907 te
1563 1871 1705 1907 creavit
1726 1882 1804 1920 po-

418 1942 605 1979 tiffimum
625 1956 633 1978 :
671 1939 825 1977 dederas
858 1939 979 1983 enim,
1011 1950 1130 1990 quam
1161 1945 1431 1973 contemneres
1463 1934 1667 1987 populares
1700 1933 1801 1971 insa-

418 2009 513 2051 nias,
540 2008 622 2058 jam
643 2006 690 2042 ab
711 2005 965 2043 adolescentia
987 2003 1223 2041 documenta
1243 2002 1428 2039 maxima.

474 2073 546 2110 IX.
572 2071 855 2123 Qamobrem,
872 2069 1045 2120 Judices,
1062 2078 1103 2106 ut
1120 2067 1329 2120 aliquando
1345 2066 1390 2104 ad
1407 2066 1558 2104 causam
1575 2066 1803 2116 crimenque

417 2139 645 2176 veniamus:
680 2137 705 2174 fi
737 2149 861 2188 neque
891 2136 1019 2173 omnis
1047 2133 1233 2172 confeffio
1253 2132 1342 2171 sacti
1365 2132 1416 2170 est
1437 2132 1642 2176 inufitata3
1676 2144 1803 2182 neque

418 2205 464 2241 de
484 2204 594 2241 causa
614 2202 830 2255 quidquam
853 2201 977 2239 nostra
996 2201 1121 2245 aliter,
1153 2213 1195 2237 ac
1217 2213 1286 2237 nos
1309 2199 1513 2243 vellemus,
1545 2211 1565 2235 a
1585 2197 1717 2235 senatu
1732 2197 1803 2248 ju-

419 2271 593 2306 dicatum
614 2268 695 2311 est3
727 2277 763 2305 et
786 2267 883 2304 lator
904 2265 982 2318 ipse
1012 2266 1136 2317 legis,
1168 2279 1261 2302 cum
1291 2264 1379 2302 efl‘et
1409 2263 1667 2308 controversia
1696 2261 1806 2299 nulla

420 2336 524 2378 suffiti,
552 2335 651 2386 juris
675 2343 804 2370 tamen
826 2331 1147 2384 disceptationem
1167 2330 1239 2368 esse
1260 2331 1385 2368 voluit
1403 2349 1414 2375 3
1446 2338 1483 2367 et
1503 2329 1616 2367 elec‘ti
1631 2328 1801 2381 judices,

418 2412 456 2439 ct
478 2400 538 2438 isti
559 2399 783 2452 praepositus
805 2397 1022 2450 quaestioni,
1053 2397 1121 2449 qui
1143 2395 1225 2434 haec
1240 2395 1341 2447 juste
1363 2395 1629 2448 sapienterque
1650 2393 1803 2445 discep-

420 2477 496 2505 tet:
517 2465 714 2517 reliquum
735 2463 802 2508 est,
821 2463 995 2514 Judices‚
1015 2472 1057 2500 ut
1080 2461 1179 2500 nihil
1198 2462 1280 2514 jam
1301 2461 1405 2499 aliud
1427 2475 1595 2513 quaerere
1617 2459 1803 2503 debeatis,
