2076 2860
430 230 507 272 320
783 215 859 254 IN
917 213 983 254 M.
1043 214 1471 256 ANTONIUM

426 320 528 359 dum
549 322 668 359 timor
698 319 814 364 abest,
846 333 867 356 a
897 327 934 356 te
964 332 1043 356 non
1073 319 1251 365 discedit,
1283 320 1456 359 audacia.
1491 319 1572 359 Etfi
1596 328 1697 366 tum,
1729 333 1822 359 cum

425 389 628 440 optimum
650 396 686 424 te
707 386 913 438 putabant,
945 399 1009 423 me
1030 386 1193 438 quidem
1214 386 1475 432 dissentiente,
1498 386 1629 424 funeri
1651 388 1820 439 tyranni,

428 453 453 491 fi
487 452 587 490 illud
619 452 738 489 funus
771 450 864 496 fuit,
896 451 1181 489 sceleratiffime
1212 451 1427 504 praefuisti:
1463 462 1528 490 tua
1559 452 1627 490 illa
1656 452 1823 506 pulchra

428 518 613 562 laudatio,
646 527 712 555 tua
732 517 942 561 miseratio,
973 526 1039 554 tua
1059 517 1294 556 cohortatio.

482 585 563 628 Tu,
588 593 645 628 tu,
669 584 847 636 inquam,
871 583 956 620 illas
978 582 1080 620 faces
1102 583 1324 628 incendisti,
1347 593 1385 621 et
1407 597 1481 628 eas,
1505 584 1650 636 quibus
1673 583 1820 622 semus-

427 650 573 687 tulatus
595 649 663 686 ille
684 650 751 694 est,
783 659 821 687 et
841 662 917 693 eas,
949 648 1095 701 quibus
1127 649 1282 686 incensa
1312 650 1360 687 L.
1386 649 1553 687 Bellieni
1583 649 1723 687 domus
1751 649 1820 687 de-

421 716 625 768 flagravit:
660 724 703 753 tu
724 715 813 752 illos
837 716 1008 767 impetus
1030 714 1276 767 perditorum
1297 714 1525 760 hominum,
1549 725 1600 760 et,
1623 729 1671 753 ex
1692 716 1821 753 maxi-

424 797 489 820 ma
509 792 631 836 parte,
665 782 877 827 servorum,
909 795 1006 833 quos
1028 795 1098 819 nos
1120 782 1157 819 vi
1178 795 1378 834 manuque
1400 782 1632 835 repulimus,
1666 783 1707 819 in
1729 782 1819 820 nos-

424 859 501 887 tras
537 850 675 887 domos
711 848 919 886 immifisti.
957 848 1068 886 Idem
1103 857 1254 892 tamen,
1288 849 1393 900 quasi
1428 848 1599 900 fuligine
1634 848 1816 897 abstersa,

422 917 588 969 reliquis
619 916 756 954 diebus
787 916 827 953 in
859 915 1059 967 Capitolio
1092 915 1273 967 praeclara
1300 915 1659 953 senatus-consulta
1677 914 1818 959 fecisti,

426 997 474 1020 ne
495 997 571 1035 qua
592 981 676 1035 post
697 981 784 1020 idus
807 982 972 1019 lVIartias
994 982 1260 1019 immunitatis
1284 981 1438 1026 tabula,
1472 995 1567 1019 neve
1588 981 1820 1033 cujusquam

424 1049 622 1093 beneficii,
642 1048 842 1100 figeretur.
862 1047 1089 1085 Meministi-
1107 1047 1186 1099 ipse
1203 1047 1249 1084 de
1267 1047 1472 1092 exulibus,-
1497 1045 1584 1091 scis,
1604 1047 1650 1084 de
1667 1047 1817 1084 immu-

424 1116 547 1153 nitate
568 1115 665 1168 quid
686 1114 845 1153 dixeris.
887 1114 1102 1165 Optimum
1124 1127 1229 1157 vero,
1263 1113 1368 1164 quod
1390 1113 1588 1152 dictaturae
1609 1126 1755 1150 nomen
1776 1113 1820 1150 in

424 1192 661 1235 perpetuum
683 1181 729 1219 de
750 1180 953 1233 republica
974 1179 1170 1217 sustulisti.
1192 1181 1284 1230 Qo
1306 1180 1468 1231 quidem
1489 1178 1591 1216 fa&o
1609 1188 1764 1216 tantum
1782 1188 1820 1217 te

423 1247 562 1301 cepiffe
583 1248 721 1285 odium
742 1247 853 1299 regni
874 1246 1093 1290 videbatur,
1126 1254 1170 1283 ut
1190 1246 1273 1298 ejus
1295 1259 1470 1289 omnem,
1499 1253 1660 1297 propter
1679 1244 1817 1297 proxi-

422 1328 538 1353 mum
558 1314 802 1359 dictatorem,
836 1312 991 1350 tolleres
1014 1321 1182 1350 metum.

480 1380 705 1418 Constituta
734 1378 954 1431 respublica
982 1376 1187 1415 videbatur
1216 1377 1317 1423 aliis,
1350 1376 1451 1415 mihi
1482 1390 1573 1415 vero
1595 1376 1708 1415 nullo
1727 1390 1818 1415 mo-

422 1446 488 1492 do,
511 1447 581 1500 qui
602 1447 749 1491 omnia,
773 1454 811 1483 te
831 1444 1089 1498 gubernante,
1122 1443 1332 1496 naufragia
1343 1443 1584 1482 metuebam.
1618 1444 1733 1482 Num
1754 1457 1820 1482 me

421 1514 546 1566 igitur
574 1511 719 1551 fefellit
737 1514 751 1551 ?
782 1520 849 1550 aut
871 1525 968 1549 num
989 1511 1139 1548 diutius
1161 1510 1218 1548 sui
1239 1510 1373 1563 potuit
1393 1510 1464 1548 effe
1485 1509 1680 1548 diffimilis
1700 1511 1713 1547 ?
1746 1510 1817 1548 In-

421 1579 685 1632 spectantibus
703 1579 830 1624 vobis,
849 1587 934 1616 toto
957 1577 1158 1630 Capitolio
1180 1576 1321 1615 tabulae
1337 1576 1582 1629 figebantur3
1607 1589 1734 1629 neque
1754 1575 1817 1615 so-

419 1646 507 1684 lum
527 1646 690 1698 singulis
711 1644 920 1683 veniebant
941 1644 1229 1689 immunitates,
1252 1642 1315 1681 sed
1335 1643 1455 1681 etiam
1475 1641 1635 1695 populis
1656 1642 1817 1680 univer-

420 1713 467 1751 fis
487 1728 495 1751 :
529 1713 665 1751 civitas
688 1726 767 1750 non
783 1712 868 1764 jam
889 1710 1140 1764 fingillatim,
1172 1709 1236 1748 sed
1256 1709 1471 1762 provinciis
1493 1709 1603 1754 totis,
1635 1708 1815 1747 dabatur.

421 1779 573 1830 Itaque,
606 1778 632 1815 fi
660 1776 743 1815 haec
765 1786 941 1821 manent,
973 1790 1059 1828 quae
1080 1775 1202 1813 stante
1222 1774 1427 1827 republica
1447 1788 1603 1812 manere
1623 1787 1703 1812 non
1724 1773 1816 1826 pos-

421 1843 531 1889 sunt,
555 1844 776 1896 provincias
794 1842 1003 1887 universas,
1028 1842 1159 1879 Patres
1181 1841 1410 1893 conscripti,
1428 1840 1665 1893 perdidistis,
1688 1853 1816 1893 neque

417 1909 624 1961 veffitigalia
644 1908 787 1953 solum,
819 1907 882 1945 sed
912 1907 1031 1950 etiam
1061 1907 1275 1958 imperium
1305 1906 1444 1959 populi
1476 1906 1662 1950 Romani,
1694 1904 1814 1957 hujus

420 1976 644 2014 domesticis
667 1975 855 2013 nundinis
877 1973 1131 2012 deminutum
1151 1973 1218 2012 est.

478 2041 696 2081 XXXVII.
722 2041 805 2078 Ubi
822 2039 875 2078 est
895 2039 1033 2092 septies
1051 2039 1196 2077 millies
1214 2038 1445 2083 sestertium,
1465 2038 1572 2090 quod
1593 2039 1632 2075 in
1651 2037 1812 2083 tabulis,

419 2122 507 2162 quae
528 2107 617 2146 sunt
637 2107 684 2145 ad
707 2107 822 2159 Opis,
846 2105 1031 2158 patebat?
1054 2104 1214 2143 funestae
1231 2105 1339 2142 illius
1361 2103 1523 2157 quidem
1544 2104 1733 2157 pecuniae,
1752 2103 1816 2142 sed

421 2185 553 2214 tamen
575 2189 660 2227 quae
683 2187 768 2219 nos,
791 2173 817 2211 fi
839 2173 901 2218 iis,
921 2186 1092 2224 quorum
1114 2181 1208 2217 erat,
1227 2185 1305 2209 non
1329 2171 1595 2216 redderentur,
1613 2184 1633 2208 a
1650 2170 1810 2208 tributis

418 2240 541 2293 poffet
561 2239 772 2279 vindicare.
806 2239 873 2277 Tu
894 2247 1026 2275 autem
1046 2237 1364 2289 quadringenties
1395 2237 1503 2275 H-S.
1539 2235 1646 2289 quod
1680 2235 1812 2274 idibus

419 2307 579 2346 Martiis
601 2305 783 2351 debuisti,
815 2317 988 2357 quonam
1018 2303 1137 2342 modo
1169 2313 1257 2341 ante
1285 2304 1479 2341 Kalendas
1501 2303 1652 2356 Aprilis
1673 2302 1813 2340 debere

419 2373 583 2412 defiisti?
608 2375 706 2412 Sunt
723 2386 764 2410 ea
784 2371 946 2424 quidem
963 2370 1280 2415 innumerabilia,
1300 2385 1385 2423 quae
1406 2384 1426 2408 a
1447 2370 1602 2408 diverfis
1624 2369 1812 2407 emeban-

418 2449 498 2486 tur,
530 2453 610 2478 non
639 2439 829 2477 insciente
859 2447 920 2476 te:
954 2437 1017 2475 sed
1047 2450 1172 2475 unum
1199 2438 1403 2489 egregium
1430 2435 1476 2474 de
1497 2450 1585 2488 rege
1606 2435 1809 2487 DejotarO,

416 2506 569 2560 populo
602 2507 785 2546 Romano
818 2503 1071 2550 amiciflimo,
1105 2503 1305 2542 decretum
1341 2503 1382 2542 in
1418 2502 1631 2555 Capitolio
1653 2500 1779 2539 fixum
1798 2514 1808 2538 ι
