2076 2860
449 188 469 227 8
922 189 1363 227 ORATIO

502 285 629 330 Alter,
664 287 698 324 O
724 285 793 323 Dii
816 284 909 322 boni
929 285 935 322 !
969 298 1089 337 quam
1111 293 1208 323 teter
1228 284 1448 331 incedebat,
1481 299 1601 338 quam
1623 285 1829 325 truculen-

447 359 525 396 tus,
543 366 661 403 quam
683 351 867 389 terribilis
888 350 1039 403 aspeffu
1056 351 1063 388 l
1083 364 1208 389 unum
1224 351 1398 403 aliquem
1415 360 1451 389 te
1471 365 1519 389 ex
1541 351 1710 390 barbatis
1732 352 1828 398 illis,

446 418 674 469 exemplum
709 417 864 468 imperii
899 418 1053 461 veteris,
1095 418 1310 470 imaginem
1345 418 1607 470 antiquitatiS,
1644 417 1831 456 columen

447 483 684 534 reipublicae,
716 482 861 519 diceres
883 482 1042 521 intueri.
1076 482 1249 521 Vestitus
1270 483 1397 536 aspere
1419 484 1545 522 nostra
1564 483 1637 522 hac
1658 497 1832 537 purpura

444 548 608 600 plebeia,
641 561 683 585 ac
704 561 802 600 pene
822 547 956 586 fusca:
989 548 1134 600 capillo
1155 549 1208 586 ita
1228 547 1403 594 horrido,
1435 559 1480 588 ut
1502 551 1650 602 Capua,
1682 550 1724 588 in
1753 563 1832 602 qua

444 613 523 666 ipse
556 623 641 651 tum
674 613 856 666 imaginis
884 613 1063 651 ornandae
1090 614 1201 652 causa
1229 614 1525 656 duumviratum
1555 615 1728 668 gerebat,
1761 616 1829 653 Se·-

444 680 601 732 plafiam
622 680 842 719 sublaturus
864 680 1072 718 videretur.
1110 681 1218 719 Nam
1239 681 1336 732 quid
1357 695 1430 734 ego
1459 682 1506 720 de
1536 682 1745 735 supercilio
1766 681 1829 719 di-

445 759 545 790 cam,
562 746 668 798 quod
685 755 771 783 tum
788 745 1018 783 hominibus
1036 759 1113 783 non
1132 745 1402 798 supercilium,
1421 747 1484 785 sed
1499 748 1644 800 pignus
1667 747 1830 800 reipub-

445 812 543 856 licae,
580 811 812 850 videbatur?
848 821 954 849 tanta
973 821 1053 849 erat
1073 812 1239 864 gravitas
1261 813 1301 849 in
1323 813 1455 858 oculo,
1487 822 1595 851 tanta
1614 814 1832 852 contractio

444 877 600 922 frontis,
634 887 676 915 ut
697 878 767 916 illo
788 878 995 930 supercilio
1016 878 1247 930 respublica,
1280 887 1467 930 tanquam
1489 879 1651 918 Atlante
1671 879 1828 925 caelum,

445 944 519 980 niti
535 943 743 981 videretur.
768 944 862 981 Erat
878 943 1046 995 denique
1061 942 1129 981 hic
1145 943 1327 980 omnium
1344 943 1490 982 sermo:
1510 944 1579 982 Est
1599 952 1730 982 tamen
1751 945 1830 983 rei-

444 1009 613 1061 publicae
629 1023 819 1061 magnum
836 1009 1076 1062 firmumque
1092 1009 1305 1047 subfidium
1320 1025 1328 1048 :
1349 1009 1474 1049 habeo
1490 1024 1611 1062 quem
1630 1024 1831 1064 opponam

444 1075 523 1113 labi
546 1075 604 1112 illi
626 1085 742 1127 atque
762 1089 897 1113 coeno:
931 1075 1058 1120 vultu,
1092 1075 1244 1114 medius
1266 1075 1398 1121 fidius,
1430 1077 1591 1129 collegae
1612 1076 1669 1114 sui
1689 1077 1829 1115 libidi-

444 1155 534 1179 nem
567 1141 846 1194 levitatemque
876 1141 1055 1194 franget:
1090 1140 1253 1180 habebit
1284 1141 1435 1180 senatus
1468 1142 1509 1180 in
1541 1142 1649 1181 hunc
1681 1156 1830 1182 annum

445 1221 563 1258 quem
585 1207 786 1259 sequatur:
812 1221 889 1245 non
911 1207 1033 1245 deerit
1054 1209 1186 1246 anaor
1205 1216 1244 1245 et
1264 1208 1345 1246 dux
1367 1208 1496 1246 bonis.
1528 1207 1639 1246 Mihi
1659 1209 1831 1262 denique

444 1272 624 1310 homines
646 1274 838 1325 praecipue
859 1273 1167 1325 gratulabantur,
1200 1274 1307 1326 quod
1328 1273 1534 1312 habiturus
1556 1274 1671 1312 effem
1692 1284 1830 1314 contra

446 1339 650 1376 tribunum
672 1339 796 1391 plebis
818 1338 1010 1376 furiosum
1031 1349 1069 1377 et
1089 1338 1274 1377 audacem
1295 1353 1389 1378 cum
1409 1341 1583 1378 amicum
1599 1349 1638 1378 et
1654 1340 1827 1387 affinem,

445 1414 529 1441 tum
551 1406 668 1442 etiam
690 1404 833 1442 fortem
854 1414 892 1442 et
912 1419 1069 1457 gravem
1091 1406 1307 1444 consulem.

500 1471 571 1508 IX.
606 1472 738 1523 Atque
755 1484 891 1508 eorum
907 1472 1002 1509 alter
1018 1470 1162 1509 fefellit
1178 1472 1394 1510 neminem.
1419 1472 1521 1524 Qis
1543 1474 1651 1511 enim
1671 1473 1829 1512 clavum

442 1537 538 1574 tanti
575 1537 731 1588 imperii
767 1546 908 1581 tenere,
945 1546 984 1575 et
1017 1537 1283 1589 gubernacula
1315 1538 1543 1591 reipublicae
1577 1541 1750 1586 tractare,
1786 1540 1829 1578 in

441 1602 616 1639 maximo
636 1602 748 1639 cursu
770 1615 813 1640 ac
835 1602 1019 1640 fluetibus
1040 1602 1144 1655 posse
1163 1603 1417 1642 arbitraretur
1445 1603 1667 1652 hominem,
1699 1619 1829 1644 emer-

441 1668 526 1705 sum
548 1668 677 1705 subito
697 1682 744 1705 ex
765 1668 962 1706 diuturnis
986 1669 1155 1707 tenebris
1172 1669 1385 1708 lustrorum
1400 1684 1443 1708 ac
1460 1670 1699 1724 stuprorum,
1716 1670 1827 1719 vino,

440 1734 586 1785 ganeis,
605 1733 827 1778 lenociniis,
845 1733 1122 1785 adulteriisque
1137 1734 1391 1773 confecitum?
1410 1749 1503 1774 curn
1519 1737 1551 1774 is
1568 1746 1706 1789 praeter
1718 1737 1828 1791 spem

442 1799 480 1835 in
504 1799 685 1836 altiffimo
706 1799 827 1851 gradu
848 1799 983 1837 alienis
1011 1799 1154 1852 opibus
1184 1801 1330 1853 pofitus
1360 1801 1465 1846 effet,
1497 1803 1567 1854 qui
1598 1816 1678 1840 non
1707 1803 1828 1842 modo

443 1865 709 1917 tempestatem
735 1854 1029 1918 impendentem
1060 1867 1205 1904 intueri
1236 1867 1492 1914 temulentus,
1524 1868 1588 1907 sed
1617 1883 1666 1907 ne
1694 1870 1828 1910 lucem

441 1931 603 1982 quidem
638 1930 834 1969 insolitam
868 1931 1035 1984 aspicere
1050 1961 1060 1976 ‚
1097 1931 1219 1984 poffet
1237 1933 1250 1970 ?
1293 1933 1408 1971 Alter
1441 1933 1589 1973 multos
1630 1935 1744 1988 plane
1784 1937 1827 1975 in

441 2011 576 2034 omnes
598 2006 722 2049 partes
744 1996 888 2034 fefellit
907 2013 915 2034 :
948 2007 1027 2034 erat
1048 1998 1154 2035 enim
1176 1997 1389 2037 hominum
1410 2000 1591 2052 opinioni
1619 2001 1828 2040 nobilitate

442 2063 532 2114 ipsa,
553 2063 692 2100 blanda
707 2063 1032 2108 conciliatricula,
1050 2065 1363 2104 commendatus.
1390 2067 1541 2104 Omnes
1560 2067 1655 2106 boni
1677 2068 1828 2122 semper

442 2129 637 2166 nobilitati
660 2128 849 2174 favemus,
868 2140 905 2167 et
922 2130 1014 2182 quia
1030 2131 1127 2168 utile
1147 2131 1200 2169 est
1221 2132 1447 2184 reipublicae
1469 2134 1621 2172 nobiles
1642 2134 1826 2174 homines

439 2196 510 2233 effe
532 2196 670 2247 dignos
694 2196 906 2248 majoribus
938 2196 1039 2242 suis,
1071 2207 1109 2235 et
1139 2199 1232 2250 quia
1260 2199 1361 2236 valet
1391 2199 1493 2252 apud
1528 2214 1598 2239 nos
1629 2202 1826 2241 clarorum

440 2261 651 2299 hominum
683 2272 720 2299 et
755 2262 851 2299 bene
883 2262 929 2300 de
962 2263 1163 2315 republica
1195 2265 1427 2303 meritorum
1462 2267 1673 2312 memoria,
1706 2269 1826 2307 etiam

440 2336 702 2365 mortuorum.
780 2328 841 2364 uia
862 2328 1009 2366 tristem
1031 2329 1194 2381 semper,
1224 2331 1316 2383 quia
1337 2332 1594 2379 taciturnum,
1618 2335 1711 2386 quia
1731 2334 1825 2373 sub-

440 2391 643 2429 horridum
666 2402 780 2444 atque
802 2393 1014 2438 incultum,
1046 2395 1245 2441 videbant,
1278 2406 1315 2434 et
1345 2397 1452 2450 quod
1479 2408 1558 2436 erat
1579 2413 1624 2437 eo
1646 2401 1822 2446 nornine,

441 2467 481 2495 ut
501 2458 719 2509 ingenerat-„1
737 2458 894 2497 familia]
912 2459 1113 2513 frugalitas
1131 2462 1347 2509 videretur;
1372 2463 1567 2511 favebant,
1586 2465 1822 2519 gaudebant,
