2076 2860
679 128 1254 173 PHILIPPICA
1327 126 1444 166 VIII.
1683 125 1760 177 387

363 243 489 294 major
506 239 630 278 timor
650 237 797 276 oriatur
815 237 828 273 ?
848 233 956 274 unde
976 232 1096 271 etiam
1117 243 1262 268 nomen
1284 228 1449 268 ductum
1470 227 1523 265 est
1544 225 1757 277 tumultus.

362 309 499 359 Itaque
520 306 684 357 majores
707 301 826 340 nostri
849 299 1071 338 tumultum
1097 297 1297 340 Italicum,
1330 293 1436 346 quod
1463 301 1544 331 erat
1571 290 1758 329 domesti-

361 387 451 418 cus;
477 371 700 410 tumultum
722 367 943 411 Gallicum,
962 364 1070 416 quod
1089 372 1169 403 erat
1190 362 1313 401 Italiae
1335 360 1552 403 finitimus;
1576 366 1760 411 praeterea

361 440 520 478 nullum
542 436 816 476 nominabant.
841 433 1010 472 Gravius
1032 440 1165 469 autem
1186 428 1408 467 tumultum
1429 426 1516 470 effe,
1535 423 1756 478 quambel-

361 506 462 551 lum,
481 504 576 543 hinc
598 501 770 554 intelligi
791 501 902 545 licet,
921 498 1028 552 quod
1050 496 1155 535 bello
1176 495 1395 534 vacationes
1416 493 1561 536 valent,
1580 490 1759 528 tumultu

349 585 442 611 -non
474 571 619 609 valent.
662 569 724 607 Ita
751 567 814 612 fit,
845 563 1183 618 quemadmodum
1215 560 1313 605 dixi,
1346 568 1390 597 ut
1418 558 1571 596 bellum
1592 557 1670 595 fine
1692 565 1758 594 tu-

361 637 494 678 multu
515 635 643 689 poffit,
667 633 864 673 tumultus
886 632 964 671 fine
981 629 1091 670 bello
1112 627 1184 666 effe
1203 640 1284 666 non
1306 625 1436 678 puoffit.
1464 623 1647 667 Etenim,
1665 635 1760 660 cum

363 705 466 743 inter
481 702 639 742 :bellum
660 710 698 739 et
719 713 856 753 pacem
875 697 1057 736 medium
1086 694 1189 734 nihil
1217 693 1261 731 fit
1277 711 1290 737 3
1321 689 1469 734 neceffe
1501 688 1569 734 est,
1602 687 1757 726 tumul-

364 779 467 814 tum,
498 768 526 808 fi
554 768 650 806 belli
678 779 757 804 non
787 765 846 809 fit,
879 764 983 816 pacis
1012 760 1111 801 effe:
1139 772 1224 812 ¹quo
1251 757 1348 810 quid
1368 754 1571 794 absurdius
1593 753 1673 791 dici
1693 762 1760 791 aut

364 834 575 876 existimari
594 831 721 886 potest
740 832 752 868 ?
785 830 858 868 Sed
880 828 998 868 nimis
1021 826 1147 867 multa
1176 824 1223 862 de
1252 823 1371 862 verbo
1391 837 1400 860 :
1433 834 1517 859 rem
1543 819 1676 872 potius
1697 818 1758 856 vi-

364 902 539 945 deamus,
573 900 703 938 Patres
726 894 954 948 conscripti,
987 907 1106 946 quam
1137 889 1300 944 quidem
1331 887 1515 939 intelligo
1535 885 1655 924 verbo
1675 884 1759 923 fieri

364 966 565 1006 interdum
587 965 819 1003 deteriorem
840 961 975 1000 solere.

421 1034 477 1071 ΙΙ.
510 1031 714 1071 Nolumus
741 1029 818 1066 hoc
850 1027 1002 1065 bellum
1033 1024 1169 1063 videri.
1214 1024 1347 1074 Qam
1377 1020 1500 1072 igitur
1529 1016 1760 1069 municipiis

364 1109 403 1138 et
431 1098 598 1137 coloniis
629 1096 676 1134 ad
706 1092 999 1133 excludendum
1030 1090 1257 1128 Antonium
1286 1086 1558 1125 auctoritatem
1589 1083 1760 1121 damus?

365 1178 501 1218 quam,
520 1171 564 1201 ut
585 1162 731 1200 milites
755 1160 850 1198 fiant
871 1158 948 1196 fine
970 1157 1022 1202 vi,
1043 1156 1119 1195 fine
1141 1154 1303 1198 mulera,
1327 1151 1453 1190 studio
1474 1160 1514 1188 et
1533 1148 1760 1188 voluntate?

367 1245 503 1284 quam,
526 1238 570 1267 ut
591 1228 775 1280 pecunias
797 1226 838 1264 in
861 1223 1150 1276 rempublicam
1172 1218 1464 1273 polliceantur?
1488 1216 1526 1254 Si
1542 1215 1650 1254 enim
1667 1213 1763 1252 belli

367 1310 512 1336 nomen
536 1294 712 1337 tolletur,
736 1290 1051 1342 municipiorum
1073 1287 1197 1325 studia
1217 1285 1436 1324 tollentur:
1460 1280 1667 1321 consensus
1688 1293 1763 1332 po-

367 1363 454 1417 puli
484 1360 672 1404 Romani,
704 1359 773 1411 qui
798 1358 882 1409 jam
904 1354 1103 1393 descendit
1131 1353 1171 1390 in
1193 1351 1362 1395 causam,
1393 1350 1420 1388 fi
1449 1361 1520 1387 nos
1542 1345 1763 1400 languesci-

368 1441 474 1473 mus,
492 1426 721 1465 debilitetur
742 1422 888 1461 neceffe
908 1421 975 1459 est.
1001 1419 1073 1458 Sed
1094 1418 1190 1471 quid
1210 1417 1343 1469 plura?
1368 1416 1423 1454 D.
1438 1416 1583 1453 Brutus
1605 1425 1763 1465 oppug-

368 1503 503 1532 natur:
528 1505 607 1530 non
629 1490 682 1528 est
704 1489 870 1528 bellum.
904 1486 1066 1525 Mutina
1086 1483 1303 1522 obsidetur:
1328 1495 1376 1519 ne
1396 1480 1472 1519 hoc
1493 1478 1657 1532 quidem
1678 1477 1765 1515 bel-

370 1561 457 1598 lum
476 1559 543 1596 est.
568 1557 701 1598 Gallia
721 1555 886 1594 vastatur
902 1569 910 1592 z
936 1567 1021 1605 quae
1043 1550 1167 1604 potest
1184 1563 1257 1602 pax
1274 1547 1346 1586 effe
1362 1546 1528 1585 certior?
1552 1543 1660 1582 Illud
1675 1556 1767 1581 vero

369 1627 460 1679 quis
491 1623 616 1678 potest
646 1623 798 1661 bellum
828 1620 900 1659 effe
930 1619 1089 1657 dicere?
1124 1615 1339 1655 Consulem
1359 1612 1615 1651 fortiffimum
1635 1609 1766 1648 virum

371 1706 466 1731 cum
496 1691 671 1729 exercitu
693 1689 899 1732 mifimus;
932 1686 1017 1739 qui,
1049 1698 1142 1722 cum
1162 1682 1253 1720 effet
1274 1680 1455 1719 infirmus
1478 1692 1525 1716 ex
1545 1677 1654 1729 gravi
1675 1676 1767 1714 diu-

372 1768 571 1809 turnoque
591 1756 747 1799 morbo,
780 1753 931 1791 nullam
953 1752 1022 1789 fibi
1045 1749 1198 1802 putavit
1224 1746 1516 1786 excusationem
1546 1743 1618 1780 effe
1646 1755 1766 1795 opor-

371 1834 467 1869 tere,
499 1837 592 1861 cum
613 1822 659 1859 ad
680 1819 906 1872 reipublicae
926 1816 1149 1870 praesldium
1171 1821 1386 1852 vocaretur.
1421 1812 1469 1847 C.
1493 1808 1655 1862 quidem
1678 1808 1768 1845 Cae-

373 1891 430 1930 sar
462 1904 542 1928 non
573 1888 792 1941 expectavit
825 1885 950 1924 nostra
980 1884 1146 1926 decreta,
1179 1879 1392 1933 pracsertim
1424 1890 1516 1914 cum
1548 1873 1650 1913 illud
1679 1873 1770 1912 esset

373 1957 497 1997 aetatis
517 1972 526 1995 ε
559 1955 712 1994 bellum
741 1962 878 1992 contra
897 1950 1124 1989 Antonium
1145 1948 1209 1986 sua
1231 1946 1366 1999 sponte
1393 1942 1575 1995 suscepit.
1619 1941 1770 1979 Decer-

375 2022 495 2063 nendi
515 2022 623 2060 enim
645 2030 800 2071 tempus
823 2018 1001 2055 nondum
1023 2024 1101 2053 erat
1121 2030 1129 2052 :
1163 2012 1259 2051 belli
1279 2020 1411 2049 autem
1431 2006 1592 2061 gerendi
1614 2015 1770 2063 tempus

378 2089 405 2127 fi
426 2087 745 2141 praetermiliffet5
767 2084 939 2128 videbat,
958 2081 1161 2134 republica
1180 2077 1369 2131 oppreffa,
1387 2074 1490 2113 nihil
1511 2073 1615 2127 poffe
1635 2071 1771 2110 decer-

379 2154 435 2192 ni.
467 2155 576 2205 Ergo
593 2152 654 2189 illi
676 2163 797 2194 nune,
820 2158 858 2186 et
878 2161 1015 2186 eorum
1036 2146 1246 2188 exercitus,
1266 2144 1306 2181 in
1319 2154 1417 2195 pace
1433 2139 1645 2178 versantur.
1675 2137 1774 2176 Non

378 2220 433 2258 est
452 2219 572 2257 hostis
596 2219 641 2263 is,
665 2218 778 2269 cujus
800 2215 1021 2268 praefidium
1044 2213 1228 2251 Claterna
1247 2209 1390 2262 dejecit
1411 2207 1594 2245 Hirtius:
1619 2217 1700 2242 non
1720 2203 1773 2240 est

380 2285 516 2329 hostis,
549 2284 619 2336 qui
645 2282 797 2321 consuli
823 2290 992 2319 armatus
1021 2278 1184 2323 obfistit,
1215 2276 1285 2330 qui
1305 2275 1549 2326 defignatum
1571 2269 1773 2308 consulem

381 2359 609 2405 oppugnat:
644 2363 714 2387 nec
737 2348 804 2386 illa
823 2347 980 2385 hostilia
1000 2346 1129 2390 verba,
1153 2358 1223 2382 nec
1247 2341 1402 2386 bellica,
1435 2353 1520 2391 quae
1548 2336 1666 2390 paulo
1685 2343 1774 2372 ante

380 2431 429 2457 ex
451 2417 610 2469 collegat
632 2414 755 2453 literis
789 2413 911 2451 Pansa
941 2412 1146 2450 recitavit:
1185 2407 1315 2459 Dcy'eci
1333 2403 1565 2458 proestdium:
1600 2401 1777 2439 Claterna

1304 2473 1336 2508 C
1359 2484 1379 2508 c
1401 2484 1422 2507 c
1454 2483 1475 2508 2
