2076 2860
451 216 524 266 198
920 209 1360 247 ORATIO

448 314 560 365 scire)
585 316 656 352 iter
679 313 879 355 sollemne,
911 310 1154 361 legitimum,
1186 308 1456 354 necessarium,
1487 318 1576 347 ante
1597 309 1703 348 diem
1726 324 1832 350 X111.

448 381 641 419 Kalendas
660 379 756 417 Feb.
776 376 926 414 Miloni
945 375 1017 413 effe
1037 376 1264 413 Lanuvium
1283 375 1331 413 ad
1351 375 1551 414 flaminem
1572 376 1835 428 prodendum,

447 446 553 498 quod
577 454 656 482 erat
683 444 846 480 dictator
874 442 1043 479 Lanuvii
1069 441 1204 486 Milo;
1236 442 1367 479 Roma
1387 441 1516 479 subito
1535 441 1616 495 ipse
1636 442 1835 495 profectus

448 511 570 562 pridie
591 510 657 553 est,
686 517 728 546 ut
748 516 837 545 ante
858 506 971 544 suum
992 506 1178 551 fundum,
1202 507 1308 559 quod
1330 521 1369 545 re
1389 507 1636 546 intellectum
1657 508 1724 554 est,
1747 509 1835 546 Mi-

447 576 529 613 loni
550 574 703 612 infidias
725 572 949 610 collocaret.
982 573 1117 624 Atque
1137 572 1191 609 ita
1210 572 1407 623 profectus
1428 573 1481 611 est
1495 603 1506 618 ,
1538 582 1583 610 ut
1604 574 1839 612 concionem

447 640 731 683 turbulentam,
764 639 804 675 in
837 651 914 690 qua
939 638 1022 689 ejus
1055 636 1165 674 furor
1191 636 1423 675 defideratus
1456 638 1523 684 est,
1556 653 1642 691 quae
1663 639 1734 677 illo
1755 639 1839 691 ipso

447 705 508 742 die
529 704 663 742 habita
681 703 748 748 est,
781 703 1043 755 relinqueret:
1077 715 1211 754 quam,
1244 702 1314 740 nifi
1346 703 1455 741 obire
1485 703 1670 742 facinoris
1703 704 1839 743 locum

447 771 679 823 tempusque
700 769 892 813 voluiffet‚
924 782 1128 821 nunquam
1149 768 1377 821 reliquiffet.

503 836 610 873 Milo
641 845 786 879 autem,
819 848 912 872 cum
944 834 985 871 in
1018 834 1150 871 senatu
1183 833 1313 872 fuiffet
1344 848 1390 872 eo
1422 834 1499 879 die,
1530 834 1660 888 quoad
1687 834 1838 873 senatus

448 901 623 938 dimiffus
645 900 712 945 est,
731 900 895 938 domum
917 899 1046 937 venit:
1065 898 1215 937 calceos
1232 908 1270 937 et
1286 899 1514 937 vestimenta
1533 900 1720 938 mutavit:
1739 913 1839 952 pau-

447 966 577 1018 lisper,
610 965 707 1003 dum
727 966 762 1003 se
784 979 896 1010 uxor,
919 974 962 1002 ut
984 964 1043 1009 fit,
1066 973 1280 1017 comparat,
1303 975 1569 1003 commoratus
1589 965 1668 1004 est:
1699 965 1841 1004 deinde

450 1031 645 1083 profectus
666 1031 719 1068 est
740 1030 780 1068 id
801 1031 1010 1083 temporis,
1042 1043 1134 1067 cum
1150 1030 1234 1081 jam
1256 1030 1422 1068 Clodius
1438 1060 1449 1075 ,
1481 1031 1507 1068 fi
1528 1030 1691 1083 quidem
1711 1043 1757 1068 eo
1777 1030 1841 1068 die

450 1099 622 1135 Romam
641 1106 827 1134 venturus
849 1105 943 1141 erat,
966 1095 1089 1134 redire
1110 1095 1306 1147 potuisset.
1341 1096 1513 1134 Obviam
1534 1096 1580 1134 fit
1599 1097 1634 1134 ei
1657 1096 1838 1142 Clodius,

448 1164 670 1216 expeditus,
701 1163 742 1200 in
767 1176 883 1215 equo,
916 1162 1025 1200 nulla
1056 1161 1188 1207 rheda,
1221 1162 1341 1200 nullis
1374 1162 1686 1214 impedimentis,
1719 1162 1840 1200 nullis

450 1229 599 1266 Graecis
621 1228 852 1272 comitibus,
875 1237 919 1264 ut
940 1227 1105 1270 solebat;
1129 1227 1206 1264 fine
1228 1241 1362 1271 uxore,
1385 1227 1492 1279 quod
1513 1240 1717 1279 nunquam
1737 1226 1836 1267 fere:

449 1308 542 1332 cum
563 1294 628 1331 hic
651 1293 872 1337 insidiator,
905 1294 974 1345 qui
1002 1293 1075 1330 iter
1102 1292 1203 1329 illud
1230 1292 1276 1329 ad
1304 1292 1451 1330 caedem
1477 1291 1698 1330 faciendam
1718 1305 1839 1345 appa-

449 1360 572 1405 rafl‘et,
604 1373 697 1397 cum
719 1372 838 1396 uxore
859 1358 1064 1396 veheretur
1084 1359 1125 1395 in
1146 1357 1279 1402 rheda,
1311 1359 1534 1410 penulatus,
1563 1358 1674 1411 vulgi
1696 1371 1841 1411 magno

448 1425 750 1477 impedimento,
777 1437 819 1461 ac
840 1424 1027 1462 muliebri
1048 1432 1087 1461 et
1106 1423 1274 1462 delicato
1295 1424 1528 1462 ancillarum
1546 1437 1841 1476 puerorumque

448 1491 654 1528 comitatu.

504 1557 570 1594 Fit
602 1556 759 1593 obviam
793 1555 936 1592 Clodio
962 1563 1051 1592 ante
1077 1554 1250 1593 fundum
1277 1555 1359 1607 ejus
1387 1553 1483 1593 hora
1508 1553 1589 1592 fere
1616 1554 1840 1600 undecima,

447 1630 514 1658 aut
537 1635 615 1658 non
637 1621 765 1659 multo
786 1621 908 1658 secus.
943 1621 1083 1658 Statim
1109 1620 1333 1673 complures
1361 1634 1455 1658 cum
1480 1621 1567 1658 telis
1589 1621 1630 1658 in
1651 1619 1759 1659 hunc
1779 1620 1840 1658 fa-

449 1688 561 1724 ciunt
582 1687 628 1724 de
649 1687 737 1724 loco
758 1686 953 1739 superiore
973 1686 1169 1739 impetum
1189 1702 1197 1725 :
1225 1686 1367 1724 adverfi
1390 1685 1615 1724 rhedarium
1635 1686 1839 1725 occidunt.

451 1754 557 1790 Cum
578 1762 710 1790 autem
731 1752 797 1789 hie
819 1752 865 1789 de
887 1751 1019 1797 rheda,
1043 1754 1182 1805 rejecta
1203 1753 1359 1804 penula,
1383 1752 1603 1797 desiluisset,
1626 1752 1742 1806 seque
1762 1753 1841 1791 acri

449 1818 581 1855 animo
602 1817 826 1854 defenderet
844 1836 854 1860 5
887 1817 962 1860 illi,
995 1817 1064 1868 qui
1085 1827 1194 1854 erant
1214 1831 1307 1854 cum
1329 1817 1489 1862 Clodio,
1512 1818 1652 1869 gladiis
1673 1818 1839 1863 eductis,

450 1877 594 1934 partim
627 1895 820 1918 recurrere
851 1880 897 1918 ad
930 1880 1106 1925 rhedam,
1140 1890 1183 1919 ut
1214 1895 1235 1918 a
1265 1891 1375 1933 tergo
1407 1883 1609 1920 Milonem
1640 1882 1841 1920 adoriren-

451 1957 542 1991 tur;
576 1947 732 1997 partim,
765 1945 870 1997 quod
892 1944 999 1983 hunc
1014 1947 1099 1997 jam
1120 1945 1371 1983 interfeftum
1391 1955 1588 1998 putarent,
1611 1946 1756 1984 caedere
1776 1947 1842 1985 in-

450 2012 606 2064 cipiunt
626 2013 708 2063 ejus
730 2010 870 2055 servos,
893 2010 962 2061 qui
983 2011 1067 2063 post
1086 2020 1218 2049 erant:
1241 2024 1290 2049 ex
1310 2011 1470 2063 quibus,
1493 2013 1562 2064 qui
1582 2012 1714 2050 animo
1734 2011 1842 2050 fideli

451 2079 491 2115 in
514 2077 722 2114 dominum
743 2086 781 2114 et
802 2076 978 2129 praesenti
1000 2076 1160 2115 fuerunt
1175 2106 1186 2122 ,
1219 2079 1361 2129 partim
1387 2078 1501 2115 occisi
1524 2077 1612 2116 sunt
1627 2108 1638 2123 ,
1670 2078 1813 2131 partim
1829 2107 1840 2124 ‚

451 2157 543 2180 cum
565 2143 610 2179 ad
632 2141 791 2180 rhedam
812 2144 977 2195 pugnari
999 2143 1188 2188 viderent,
1217 2153 1255 2181 et
1277 2143 1439 2181 domino
1461 2144 1681 2182 succurrere
1703 2143 1840 2197 prohi-

454 2211 650 2252 berentur,
676 2208 954 2260 Milonemque
974 2209 1148 2247 occisum
1168 2209 1287 2246 etiam
1308 2223 1355 2248 ex
1376 2210 1458 2262 ipso
1481 2210 1625 2248 Clodio
1645 2210 1840 2256 audirent,

452 2285 490 2312 et
508 2276 561 2312 ita
577 2274 647 2312 effe
665 2283 865 2326 putarent3
889 2273 1067 2312 fecerunt
1084 2275 1123 2312 id
1141 2275 1235 2312 servi
1257 2275 1441 2321 Milonis,
1467 2276 1614 2328 (dicam
1634 2278 1741 2315 enim
1762 2290 1842 2316 non

452 2340 649 2378 derivandi
671 2340 848 2377 criminis
869 2339 979 2377 causa
994 2369 1004 2384 ,
1037 2340 1099 2377 sed
1125 2349 1168 2378 ut
1189 2339 1336 2379 factum
1356 2341 1426 2392 est)
1452 2356 1577 2394 neque
1598 2343 1814 2395 imperante
1828 2371 1840 2388 ‚

454 2419 578 2457 neque
600 2405 756 2450 sciente,
791 2419 915 2457 neque
936 2405 1118 2457 praesente
1139 2405 1316 2451 domino,
1343 2407 1449 2459 quod
1470 2408 1556 2447 suos
1577 2407 1742 2462 quisque
1762 2407 1840 2445 ser·

453 2485 518 2508 vos
541 2472 580 2508 in
604 2471 671 2508 tali
692 2484 730 2508 re
751 2469 875 2509 facere
895 2470 1087 2509 voluifl‘et.
