2076 2860
720 136 862 175 PRO
923 135 970 174 P.
1032 133 1327 173 SEXTIO.
1676 147 1728 187 37

324 249 433 279 tanta
453 237 671 278 moderatio
691 237 771 276 fuit
791 235 969 275 hominis
985 265 996 282 ‚
1029 244 1186 273 tantum
1208 233 1418 272 confilium
1435 262 1445 279 ‚
1478 242 1522 271 ut
1543 232 1728 271 contine-

324 317 382 346 ret
401 307 595 350 dolorem,
627 318 756 357 neque
776 303 912 342 eadem
933 303 970 341 se
991 315 1031 341 re
1052 302 1321 346 ulcisceretur,
1353 315 1431 354 qua
1457 300 1548 338 effet
1577 299 1727 338 laceffi-

325 383 416 419 tus;
449 372 513 411 sed
533 372 667 417 illum,
700 380 760 409 tot
786 371 871 423 jam
903 368 1112 407 funeribus
1145 368 1375 421 reipublicae
1406 367 1654 405 exultantem
1684 380 1728 404 ac

324 440 626 494 tripudiantem,
657 439 809 491 legum,
842 438 868 476 fi
890 437 1028 490 posset,
1060 437 1211 489 laqueis
1233 435 1531 488 constringeret.

378 506 597 545 Descendit
617 505 665 544 ad
685 504 964 543 accusandum.
998 503 1100 556 Qis
1135 516 1313 556 unquam
1346 511 1427 540 tam
1458 501 1617 554 proprie
1650 500 1726 538 rei-

323 573 496 627 publicae
517 572 642 617 causa,
674 572 797 610 nullis
820 570 1061 615 inimicitiis,
1094 570 1216 608 nullis
1239 569 1425 622 praemiis,
1459 568 1569 606 nulla
1592 567 1727 606 homi-

324 653 424 677 num
444 639 722 693 postulatione,
754 647 821 676 aut
853 637 973 675 etiam
1005 637 1209 689 opinione,
1242 635 1282 673 id
1308 648 1485 687 unquam
1507 634 1579 672 effe
1601 633 1728 671 factu-

326 707 445 744 rum?
469 706 599 746 Fraeti
616 715 726 743 erant
742 704 865 743 animi
882 703 1058 742 hominis
1076 718 1084 741 z
1108 701 1186 740 hoc
1207 702 1316 739 enim
1337 701 1556 746 accusante,
1575 700 1728 753 pristini

325 773 435 811 illius
469 772 526 810 sui
553 772 700 825 judicii
733 770 1025 824 turpitudinem
1057 768 1297 821 desperabat.
1332 769 1438 806 Ecce
1469 767 1544 805 tibi
1574 767 1727 812 consul,

326 848 482 892 praetor‚
515 839 699 877 tribunus
730 838 873 891 plebis,
907 851 1007 875 nova
1034 836 1125 874 novi
1147 836 1300 888 generis
1322 835 1448 872 edicta
1467 844 1727 887 proponunt:

327 907 392 944 Ne
413 918 499 944 reus
521 905 631 950 adfit,
663 918 711 943 ne
733 905 892 950 citetur,
921 917 968 942 ne
990 913 1200 956 quaeratur‚
1225 916 1272 940 ne
1294 902 1541 940 mentionem
1563 901 1730 938 omnino

325 973 514 1025 cuiquam
540 972 728 1025 judicum
760 982 827 1010 aut
853 971 1102 1025 judiciorum
1135 969 1261 1008 facere
1295 970 1425 1007 liceat.
1459 968 1571 1021 Qid
1601 978 1732 1020 ageret

325 1039 385 1077 vir
415 1039 463 1077 ad
494 1039 700 1084 virtutem,
732 1038 985 1092 dignitatern,
1016 1038 1186 1090 gloriam
1220 1046 1348 1082 natus,
1381 1037 1420 1073 vi
1453 1036 1731 1074 sceleratorum

325 1104 541 1143 hominum
569 1105 843 1151 corroborata,
875 1105 1031 1157 legibus
1049 1103 1291 1157 judiciisque
1317 1102 1478 1141 sublatis
1500 1103 1512 1140 ?
1546 1102 1730 1140 Cervices

326 1171 511 1210 tribunus
533 1172 661 1225 plebis
684 1173 851 1225 privato,
884 1171 1215 1225 praestantiffimus
1237 1171 1297 1208 vir
1317 1169 1633 1223 profligatissimo
1653 1167 1730 1206 ho·-

327 1239 444 1284 mini,
466 1239 603 1277 daret?
635 1253 682 1277 an
704 1239 858 1277 causam
881 1239 1098 1291 susceptam
1118 1237 1338 1291 affligeret?
1371 1250 1419 1274 an
1441 1236 1477 1274 se
1498 1236 1608 1274 domi
1630 1249 1730 1273 con-

329 1306 498 1344 tineret?
523 1307 577 1344 Et
597 1306 705 1344 vinci
722 1316 836 1359 turpe
857 1306 1026 1359 putavit,
1045 1314 1083 1343 et
1105 1305 1304 1343 deterreri.
1330 1304 1465 1342 Etiam
1486 1317 1506 1341 e
1528 1302 1733 1355 republica

329 1372 519 1418 credidit,
553 1383 620 1419 ut,
654 1374 845 1426 quoniam
875 1373 946 1411 fibi
976 1374 1018 1410 in
1050 1372 1167 1410 illum
1196 1371 1351 1424 legibus
1375 1371 1434 1408 uti
1456 1384 1536 1408 non
1570 1370 1730 1414 liceret,

328 1439 437 1477 illius
471 1440 553 1477 vim
585 1454 713 1493 neque
746 1440 787 1478 in
821 1439 903 1485 suo,
937 1453 1064 1492 neque
1095 1438 1136 1476 in
1165 1437 1407 1491 reipublicae,
1441 1436 1619 1490 periculo
1640 1450 1732 1488 per-

328 1506 562 1545 timesceret.

385 1573 519 1610 XLII.
555 1574 772 1624 Qomodo
805 1573 928 1624 igitur
958 1571 1037 1608 hoc
1071 1571 1111 1608 in
1144 1583 1285 1622 genere
1318 1569 1482 1621 praefidii
1515 1567 1734 1620 comparati

330 1638 483 1676 accusas
507 1640 712 1683 Sextium,
746 1653 840 1676 cum
873 1639 978 1675 idern
1009 1637 1141 1674 laudes
1173 1636 1407 1673 Milonem?
1441 1637 1532 1679 An,
1566 1635 1635 1687 qui
1669 1634 1735 1671 sua

333 1706 432 1742 tecta
463 1703 669 1749 defendit3
708 1705 778 1757 qui
811 1705 858 1741 ab
891 1704 981 1748 aris,
1014 1702 1129 1747 focis,
1163 1701 1312 1740 ferrum
1347 1702 1629 1753 flammamque
1662 1700 1731 1738 de-

331 1771 474 1822 pellit;
507 1772 577 1823 qui
608 1771 678 1808 fibi
711 1770 829 1808 licere
862 1770 948 1807 vult
982 1778 1069 1806 tuto
1101 1768 1174 1806 effe
1207 1769 1247 1805 in
1282 1767 1383 1813 foro,
1416 1769 1457 1805 in
1491 1767 1657 1820 templo,
1691 1767 1734 1804 in

330 1837 465 1882 curia3
504 1837 574 1889 qui
606 1837 694 1875 vitae
729 1836 951 1889 praefidium
986 1844 1214 1888 comparat;
1249 1835 1319 1887 qui
1353 1834 1614 1878 vulneribus,
1647 1847 1735 1885 quae

330 1904 456 1942 cernit
491 1904 671 1957 quotidie
707 1913 792 1942 toto
826 1917 1017 1956 corpore,
1061 1912 1270 1947 movetur,
1310 1911 1353 1940 ut
1387 1902 1523 1954 aliquo
1558 1901 1734 1953 praefidio

330 1981 463 2024 caput,
495 1980 534 2009 et
555 1971 740 2016 cervices,
772 1980 810 2009 et
827 1970 1034 2024 jugulum,
1066 1983 1109 2007 ac
1131 1969 1249 2007 latera
1271 1978 1450 2007 tutetur:
1483 1968 1592 2006 hunc
1620 1967 1667 2005 de
1695 1968 1734 2005 vi

329 2037 592 2076 accusandum
613 2047 727 2090 putas
747 2038 760 2075 ?

387 2105 490 2157 Qis
524 2105 632 2142 enim
665 2104 850 2148 vestrum,
882 2103 1059 2154 Judioes,
1091 2103 1270 2154 ignorat,
1304 2102 1357 2139 ita
1389 2111 1569 2139 naturam
1602 2114 1733 2138 rerum

332 2171 482 2216 tulisse,
515 2181 558 2208 ut
579 2171 751 2223 quodam
775 2180 953 2223 tempore
973 2169 1155 2207 homines
1172 2198 1182 2214 ,
1217 2168 1395 2206 nondum
1419 2182 1544 2220 neque
1566 2167 1734 2205 naturali

333 2249 460 2288 neque
481 2236 591 2274 civili
616 2237 705 2288 jure
730 2235 926 2288 descripto
941 2266 952 2281 ‚
985 2234 1057 2273 fufi
1080 2248 1148 2287 per
1169 2248 1280 2287 agros
1302 2247 1344 2272 ac
1367 2233 1522 2286 dispersi
1544 2246 1731 2285 vagaren-

334 2311 411 2347 tur,
430 2311 664 2355 tantumque
681 2302 884 2347 haberent,
903 2311 1099 2355 quantum
1116 2315 1235 2339 manu
1253 2315 1295 2338 ac
1313 2300 1477 2344 viribus,
1497 2313 1565 2352 per
1586 2299 1733 2337 caedem

334 2381 377 2405 ac
399 2368 573 2414 vulnera,
595 2378 662 2407 aut
682 2369 829 2421 eripere
850 2378 916 2407 aut
938 2368 1104 2406 retinere
1125 2367 1366 2421 potuissent?
1400 2366 1482 2418 Qi
1504 2366 1628 2418 igitur
1649 2366 1732 2417 pri-

334 2434 391 2472 mi
414 2434 558 2473 virtute
579 2444 617 2473 et
637 2435 801 2474 confilio
824 2434 1015 2487 praestanti
1037 2435 1269 2479 extiterunt,
1297 2434 1340 2479 ii,
1373 2432 1572 2485 perspedffo
1592 2443 1734 2483 genere
