2076 2860
369 280 399 308 p.

371 311 407 348 85

380 1265 418 1295 86

388 2303 426 2338 87

647 170 943 210 VARIAE
1029 167 1588 209 LECTIONES.

455 312 488 339 18
512 309 680 339 tenebantur
691 307 720 336 T
733 321 754 343 χ
767 308 900 336 tenebatur

453 359 489 388 19
511 349 664 386 Lucceium
681 348 705 376 C
722 348 751 376 T
764 348 789 383 ψ
804 351 927 378 Luceium

448 405 490 412 —-
509 390 535 418 ei
550 390 580 418 H
594 392 658 417 em'm
671 388 697 422 ψ
710 389 738 417 d.

449 439 486 458 20
508 430 587 463 Quid
602 443 625 467 χ
637 430 693 466 Qi

451 479 482 498 21
508 470 567 506 ejus
582 483 605 506 χ
617 469 721 507 ejusdem

449 524 490 531 —
510 510 546 537 de
561 509 590 536 H
603 511 629 537 d.

451 559 488 578 22
510 556 707 577 removeantur
723 549 754 577 H
767 561 790 585 χ
803 557 958 576 rernm-'entur

452 599 488 626 ²3
512 589 595 617 causa
609 588 709 618 nititur
723 602 744 625 χ
755 591 879 620 confitetur

453 638 490 666 24
511 628 586 657 enim
601 643 624 666 χ
636 629 662 657 d.

451 679 486 707 ²5
508 669 557 697 etsi
577 669 605 697 H
612 669 641 706 ſs

451 719 486 743 27
509 708 625 737 verebar
642 709 668 743 ψ
681 709 824 738 verebatur

454 750 490 777 28
512 749 547 777 ad
564 749 587 776 C
602 750 631 777 T
645 750 670 784 ψ
684 751 710 777 d.

451 804 492 810 --
512 789 614 817 vestros
629 789 725 817 sensim
741 789 770 817 T
784 785 979 827 nostrossenfiaem

452 845 493 852 —
512 829 613 857 leniter
628 828 652 857 C
668 830 696 857 T
711 843 734 866 χ
747 829 843 857 leviter

452 882 493 890 —-
514 868 655 897 accideret
679 869 703 897 C
717 870 858 897 accenderet
883 867 913 895 H
929 868 945 895 S
960 867 1084 895 accedcret

555 909 584 936 T
598 910 738 937 ach-adoret
752 908 778 944 ψ
791 910 931 937 attenderet

453 962 494 969 ·-·
516 948 603 976 Dixit
617 949 646 976 T
661 951 721 977 dixi

457 997 493 1024 30
514 996 541 1016 et
557 989 581 1016 C
597 989 627 1016 H
640 1002 671 1024 χ,
687 987 713 1023 ψ
727 996 756 1016 ut

455 1037 487 1064 3¹
515 1027 648 1056 suavitate
663 1029 687 1056 C
689 1029 847 1064 ficavztates

453 1082 494 1088 -—
516 1067 710 1101 humanitatis,
728 1077 785 1105 qua
798 1081 819 1102 χ
835 1063 1048 1104 humanitatisque

454 1122 495 1128 —
515 1107 641 1135 homines
657 1108 687 1135 H
703 1108 719 1135 S
734 1121 754 1143 χ
769 1118 848 1135 omnes

458 1157 491 1184 33
515 1155 631 1184 patruus
643 1161 664 1182 χ
674 1150 780 1184 pam'us

460 1196 498 1224 34
518 1196 617 1223 parens
633 1187 662 1215 H
678 1187 695 1214 S
709 1194 784 1224 pater
795 1200 818 1223 χ
827 1192 901 1224 patet

458 1241 499 1247 —-
518 1226 724 1255 incontinentia
737 1240 759 1262 χ
773 1229 916 1254 innocentia

482 1275 496 1303 3
519 1274 547 1294 et
561 1279 582 1301 χ
596 1266 622 1294 d.

480 1315 500 1342 4
521 1305 653 1333 movebat
667 1305 747 1334 fuisse
762 1315 825 1334 tneo
838 1319 861 1343 χ
877 1313 992 1334 movent:
1013 1308 1040 1334 in
1053 1317 1078 1335 eo

482 1355 494 1383 ς
517 1346 661 1374 ventitasse
672 1360 693 1381 χ
704 1347 801 1383 vetaffi

464 1394 500 1414 10
521 1385 594 1413 dixit
608 1386 638 1414 H
652 1399 676 1423 χ
687 1387 784 1414 dixerit

459 1440 500 1447 —
519 1425 601 1462 plane
613 1425 722 1463 zplana

464 1474 494 1493 11
520 1465 714 1502 Lupercorum
729 1479 750 1501 χ
765 1467 792 1494 d.

459 1520 500 1527 —-
519 1514 640 1542 quorum
656 1519 678 1542 χ
691 1517 737 1544 quo

465 1554 474 1572 1
484 1555 499 1573 z
521 1545 648 1573 instituta
662 1546 691 1574 H
706 1547 722 1574 S
737 1559 759 1582 χ
773 1546 908 1583 constituta

461 1599 503 1606 —
523 1584 542 1612 fi
559 1585 587 1612 H
595 1585 645 1620 sed

467 1634 476 1652 1
486 1633 501 1661 3
525 1623 551 1651 se
565 1625 595 1660 H
611 1625 637 1652 d.

469 1665 504 1692 16
525 1663 585 1691 haec
599 1663 626 1699 ψ
641 1664 684 1692 hoc

468 1713 503 1740 ¹7
525 1713 558 1731 ea
572 1705 603 1732 H
618 1706 645 1732 d.

465 1753 497 1772 21
525 1744 630 1772 tametsi
645 1757 665 1779 χ
679 1744 737 1781 etsi

466 1793 502 1811 22
525 1783 648 1812 videram
664 1797 684 1819 χ
698 1784 806 1812 viderat

466 1833 501 1860 23
526 1823 700 1860 respondebo
715 1823 739 1850 C
754 1825 784 1852 H
802 1826 818 1852 S
835 1824 863 1852 T
877 1837 900 1861 χ
915 1821 1040 1861 respcndeo

468 1873 505 1899 24
525 1862 542 1890 fi
558 1863 625 1892 licet
639 1865 668 1892 H
684 1865 712 1892 T
726 1863 857 1900 xscilicet

465 1918 505 1924 —
521 1903 637 1931 ‘nullum
655 1905 683 1933 H
700 1905 716 1932 S
733 1904 876 1932 nonnullum

465 1959 505 1966 —
526 1944 690 1972 convivium
706 1945 730 1972 C
744 1947 882 1972 convitium
898 1942 1097 1981 (fiaep.l1'n.)T

572 1994 712 2013 colli'lcc'um

468 2032 504 2058 27
526 2023 674 2060 gustassent
690 2024 719 2051 H
734 2024 751 2052 S
763 2025 926 2061 xgustarcnt

465 2077 506 2084 ··-
527 2062 580 2089 hoc
598 2077 619 2098 χ
633 2064 707 2099 husin

468 2103 504 2130 28
526 2103 678 2139 attigissent
692 2117 713 2138 χ
728 2104 850 2140 anigispt

470 2151 501 2178 3¹
529 2143 655 2170 concessu
670 2156 693 2179 χ
707 2144 804 2179 conceffi

471 2190 508 2217 34
529 2181 617 2209 solent
633 2183 660 2210 H
675 2183 804 2219 zsoleant

467 2236 510 2243 —
531 2222 662 2249 videbare
678 2231 711 2249 ex
728 2222 752 2250 C
767 2221 792 2256 ψ
807 2223 916 2250 videare
929 2232 960 2249 ex
976 2220 1004 2248 H
1023 2221 1097 2249 vide-

570 2265 606 2289 ri1
623 2262 639 2289 S
655 2263 751 2290 videris
765 2273 796 2290 ex

492 2311 501 2329 1
528 2311 562 2329 ex
575 2315 596 2336 χ
609 2303 636 2329 d.

491 2352 507 2370 2
529 2351 612 2369 omne
629 2342 653 2369 C
667 2353 789 2370 commune

490 2391 504 2419 3
528 2382 602 2419 quod
618 2380 643 2415 ψ
658 2392 715 2419 quae

489 2431 504 2460 ς
528 2421 638 2458 poffunt
652 2431 736 2449 coner
750 2435 770 2456 χ
783 2432 861 2449 amem

490 2461 509 2490 6
529 2470 693 2498 expromere
709 2462 732 2492 C
747 2463 777 2492 H
794 2463 811 2491 S
827 2462 855 2490 T
870 2462 895 2496 ψ
909 2464 1045 2500 cxprimere

504 2501 596 2531 Tou.
619 2501 669 2530 VI.

1133 279 1163 306 p.

1134 311 1170 345 87

1145 1262 1180 1290 88

1234 308 1250 334 8
1273 315 1314 334 res
1327 306 1356 334 T
1373 317 1398 334 re
1412 318 1432 341 χ
1445 317 1463 333 a

1213 361 1253 368 -—
1274 354 1367 374 tamen
1382 359 1405 383 χ
1420 357 1467 372 non

1213 402 1253 408 —-
1273 394 1300 413 et
1315 386 1425 422 copiose
1439 393 1466 412 et
1483 383 1507 412 C
1523 383 1553 411 H
1569 384 1586 412 S
1600 397 1632 421 χ,
1645 384 1669 417 ψ
1684 391 1707 411 e!
1722 382 1749 410 T
1764 385 1790 412 d,

1213 441 1252 448 —-
1273 425 1393 453 accusari
1410 425 1497 462 potest
1510 438 1530 459 χ
1542 426 1660 461 accusare
1669 431 1739 461 potes

1218 475 1227 494 1
1240 475 1248 493 1
1274 465 1415 493 accusator
1429 477 1451 500 χ
1464 465 1618 500 accusatores

1220 515 1252 542 13
1277 512 1390 533 vocatus
1405 505 1433 532 T
1447 508 1586 532 invocatus

1221 555 1254 580 ¹4
1278 552 1331 573 tuae
1350 552 1379 572 ut
1393 551 1505 582 oportet
1518 557 1539 579 χ
1552 554 1587 571 me
1598 552 1625 571 ut
1641 546 1727 580 opinor

1220 594 1252 623 15
1275 585 1419 622 deprecari
1445 584 1622 611 vacationem
1649 584 1673 611 C
1690 583 1718 610 H
1736 584 1753 611 S
1777 595 1807 619 χ,
1822 582 1846 615 ᾧ

1296 625 1324 651 de
1334 626 1544 661 prevaricatione

1215 679 1254 685 —
1276 664 1442 701 veniamque
1458 663 1481 691 C
1498 663 1527 690 H
1543 664 1560 690 S
1573 676 1604 698 χ,
1617 663 1642 697 ψ
1657 664 1763 691 veniam

1220 704 1254 732 16
1278 703 1414 741 perfugiis
1429 705 1587 742 xprqfugus

1218 753 1251 780 17
1274 744 1311 771 est
1328 744 1355 771 H
1372 757 1392 778 7
1406 744 1432 770 d.

1218 793 1249 812 21
1276 783 1345 821 quin
1362 783 1392 810 H
1408 784 1425 811 S
1439 785 1519 830 Jqui

1216 839 1255 844 —
1277 833 1340 861 quae
1354 823 1383 850 T
1398 834 1441 860 qut

1217 878 1257 884 —-·
1278 862 1611 890 nondumCHSTd.

1217 918 1257 924 —
1278 903 1390 940 proprie
1407 903 1434 930 Τ
1445 909 1522 939 prope

1216 959 1257 965 --
1278 942 1461 970 conferuntur
1477 942 1506 969 H
1523 941 1539 968 S
1556 942 1704 978 reseruntur

1221 993 1258 1017 24
1281 982 1420 1020 sumptum
1437 996 1460 1018 χ
1473 989 1581 1019 emptum

1223 1024 1259 1051 26
1277 1023 1369 1060 jurgii
1383 1024 1506 1060 xjurgia

1221 1065 1256 1091 28
1280 1062 1317 1090 est
1331 1062 1407 1090 enim
1424 1061 1638 1089 fundamentum
1657 1059 1686 1087 H
1700 1072 1722 1096 χ
1737 1060 1800 1086 em'm

1223 1112 1260 1140 29
1282 1101 1340 1129 ab'
1334 1110 1406 1130 irato
1424 1102 1582 1129 accusatore
1604 1100 1633 1127 H
1649 1100 1666 1128 S
1682 1112 1705 1137 χ
1719 1098 1852 1128 arhittatu

1326 1142 1481 1178 accustztoris

1224 1191 1260 1219 34
1278 1182 1389 1210 Necare
1404 1181 1428 1209 C
1442 1181 1466 1215 ψ
1477 1190 1568 1218 negare

1222 1237 1262 1243 —
1282 1221 1400 1249 eandem
1417 1221 1447 1248 H
1463 1221 1545 1248 eadem
1559 1219 1584 1253 ψ
1599 1220 1676 1247 eidem

1247 1271 1256 1289 1
1283 1261 1373 1288 voiuit
1388 1261 1412 1288 C
1426 1260 1506 1287 noluit

1246 1311 1260 1329 2
1284 1300 1374 1328 rursus
1390 1300 1419 1328 H
1436 1300 1453 1328 S
1469 1300 1498 1327 T
1517 1299 1616 1335 rursum

1247 1350 1261 1377 3
1285 1341 1321 1367 est
1336 1353 1359 1377 χ
1372 1340 1397 1367 d.

1247 1381 1264 1408 6
1286 1380 1396 1408 Domiti
1411 1389 1475 1408 cum
1490 1393 1511 1415 χ
1525 1379 1664 1407 Domitium

1248 1430 1264 1455 7
1287 1429 1344 1448 rem
1359 1433 1383 1457 χ
1397 1431 1422 1448 re

1247 1469 1263 1495 7
1286 1470 1348 1498 quae
1364 1460 1382 1488 fi
1398 1460 1423 1487 se
1439 1459 1498 1493 Cxiae
1510 1457 1619 1496 uqaefiffl

1226 1515 1266 1522 --
1287 1499 1472 1528 commodasse
1493 1470 1525 1526 Cq
1532 1498 1560 1526 T
1576 1497 1603 1532 ψ
1617 1495 1804 1534 commodaffifi
1827 1495 1858 1524 H

1330 1553 1353 1576 χ
1367 1539 1537 1576 commendaffi

1249 1581 1265 1607 8
1288 1579 1304 1607 fi
1321 1580 1345 1607 C
1360 1580 1389 1607 T
1404 1578 1431 1613 ψ
1445 1580 1471 1606 d.

1247 1631 1265 1657 9
1286 1619 1403 1647 facimus
1418 1619 1562 1655 &facinus

1234 1668 1268 1687 10
1289 1667 1396 1688 remota
1416 1659 1447 1687 H
1461 1659 1486 1685 d.

1233 1709 1241 1728 1
1254 1709 1262 1727 1
1288 1699 1483 1737 relinquentur
1495 1698 1519 1725 C
1532 1697 1688 1735 relinquetur
1702 1696 1732 1725 H
1747 1695 1764 1724 S
1781 1694 1860 1731 ralia-j

1337 1745 1451 1777 quartur
1464 1752 1485 1774 χ
1499 1737 1662 1776 relinquatur

1233 1789 1266 1808 12
1290 1789 1339 1807 nos
1355 1779 1379 1806 C
1394 1779 1419 1806 d.

1234 1829 1265 1857 ¹3
1291 1819 1410 1847 facerem
1425 1820 1576 1856 zfacerent

1235 1869 1270 1895 14
1293 1858 1484 1887 vehementius
1499 1870 1522 1895 χ
1535 1858 1563 1886 d.

1233 1899 1268 1927 16
1289 1908 1339 1927 nec
1357 1899 1384 1926 H
1401 1898 1430 1926 T
1445 1907 1475 1925 ne

1234 1949 1267 1974 ¹7
1290 1946 1372 1977 coget
1390 1938 1419 1966 H
1437 1939 1454 1965 S
1471 1940 1535 1975 cogit

1234 1989 1264 2007 21
1292 1987 1383 2007 tamen
1400 1992 1420 2014 >s
1435 1985 1487 2006 rum
1520 2010 1523 2013 ,

1230 2034 1270 2041 —-
1289 2028 1412 2056 quaeram
1428 2031 1447 2052 χ
1462 2028 1507 2055 que

1232 2069 1266 2087 22
1290 2058 1390 2086 leniter
1407 2058 1436 2085 T
1450 2058 1541 2086 leviter

1233 2109 1266 2135 23
1292 2095 1620 2134 SiCHSTx‚-‡1sfn

1229 2154 1269 2159 —
1290 2138 1374 2166 modo
1389 2137 1414 2165 C
1430 2148 1479 2166 meo

1233 2189 1266 2215 23
1292 2177 1377 2206 illac
1395 2178 1411 2205 S
1427 2178 1455 2206 T
1471 2178 1495 2211 «ᾧ
1510 2175 1600 2205 exilla

1234 2219 1268 2247 26
1290 2219 1340 2256 qui
1354 2219 1385 2246 H
1399 2229 1457 2256 quae

1230 2274 1269 2279 —-
1291 2268 1324 2286 ne
1338 2258 1387 2286 ista
1402 2258 1473 2286 mihi
1486 2258 1514 2285 T
1529 2266 1556 2285 ut
1571 2257 1633 2285 mihi
1647 2268 1667 2290 χ
1682 2265 1708 2282 ne
1723 2256 1745 2281 is
1757 2259 1840 2282 tamen

1233 2309 1267 2333 27
1292 2298 1397 2326 Existat
1410 2312 1433 2335 χ
1445 2307 1478 2326 ex
1491 2299 1542 2335 ista

1233 2349 1269 2375 29
1292 2338 1416 2367 extiterit
1430 2338 1453 2366 C
1469 2339 1494 2372 ψ
1506 2339 1608 2375 exstitit

1237 2388 1267 2414 31
1295 2386 1342 2406 aut
1357 2391 1379 2414 χ
1391 2386 1474 2406 autem

1231 2433 1271 2439 —-
1292 2418 1358 2446 huic
1373 2418 1403 2445 H
1418 2418 1447 2445 T
1460 2430 1483 2454 χ
1497 2417 1523 2445 d.

1235 2467 1268 2494 31.
1292 2456 1483 2487 commodares
1498 2470 1518 2491 χ
1532 2455 1709 2484 commendam

1508 2496 1532 2523 V
1551 2506 1564 2522 v
1581 2504 1597 2523 v
