2076 2860
414 215 486 242 112
728 198 832 236 DE
904 196 1482 235 PROVINCIIS

410 310 585 353 tempore
607 298 632 336 fi
654 297 825 334 liberum
845 294 1014 332 vestrum
1029 294 1231 346 judicium
1250 292 1381 331 fuiffet
1396 322 1406 338 ,
1439 305 1511 330 nec
1540 292 1655 330 toties
1684 291 1804 330 dilata

410 380 482 411 res,
515 378 585 403 nec
606 363 651 401 ad
671 371 893 400 extremum
914 374 934 397 e
954 360 1136 397 manibus
1157 368 1288 412 erepta
1307 358 1424 403 effet3
1449 358 1702 397 restituiffetis
1719 386 1730 403 ,
1762 357 1803 395 id

408 432 515 485 quod
536 430 769 483 cupiebatis,
787 426 950 464 vestram
967 427 1252 470 auctoritatem,
1272 426 1334 471 iis,
1352 439 1421 478 per
1436 438 1534 477 quos
1556 434 1636 463 erat
1656 423 1801 468 amiffa‚

409 498 611 540 revocatis,
643 504 680 532 et
700 493 763 531 his
785 493 874 545 ipsis
895 493 1066 544 praemiis
1087 492 1265 536 extortis,
1298 505 1384 543 quae
1411 500 1520 529 erant
1546 504 1617 544 pro
1646 490 1802 534 scelere,

408 573 522 614 atque
542 561 735 599 everfione
755 559 903 611 patriae‚
935 557 1150 596 consecuti.

463 630 596 679 Qam
617 639 775 679 poenam
795 625 820 662 fi
844 634 930 662 tum
951 623 1120 660 aliorum
1140 623 1298 675 opibus,
1335 636 1415 661 non
1436 622 1528 668 suis,
1564 621 1804 660 invitiffimis

406 695 533 739 vobis,
556 693 781 736 evolarunt3
803 699 842 728 at
861 690 977 727 aliam
998 688 1128 726 multo
1148 689 1337 740 majorem
1357 689 1654 740 gravioremque
1674 687 1805 725 subie-

408 770 514 799 runt.
549 761 648 811 Qae
668 759 776 796 enim
796 756 967 800 homini,
991 756 1031 794 in
1053 769 1134 807 quo
1154 755 1296 806 aliquis
1319 754 1345 792 fi
1368 768 1448 792 non
1469 754 1582 793 famae
1602 754 1744 807 pudor,
1766 762 1805 791 at

409 827 593 880 supplicii
616 826 734 862 timor
755 824 807 861 est
823 853 832 868 ‚
864 823 1017 874 gravior
1048 834 1164 874 poena
1194 820 1370 858 accidere
1395 821 1527 873 potuit
1542 850 1552 865 ,
1585 833 1704 872 quam
1726 833 1806 857 non

408 893 515 931 credi
536 892 658 930 literis
681 892 743 935 iis,
763 904 848 941 quae
864 902 947 926 rem
968 887 1067 925 bene
1088 887 1233 938 gestam
1250 888 1291 924 in
1309 886 1415 924 bello
1436 887 1693 924 nuntiarent?
1712 886 1805 924 Hoc

410 960 541 997 statuit
563 959 729 1002 senatus,
762 970 855 994 cum
882 954 1066 1006 frequens
1088 953 1418 1006 supplicationem
1440 954 1616 991 Gabinio
1636 953 1806 1005 denega-

409 1027 493 1064 vit:
527 1026 703 1079 primum
731 1022 912 1066 homini,
945 1021 1181 1065 sceleribus,
1214 1020 1373 1072 flagitiis
1406 1019 1806 1063 contaminatiffimo,

409 1093 512 1131 nihil
533 1092 605 1131 effe
622 1089 885 1129 credendum:
910 1087 1049 1126 deinde
1070 1101 1090 1124 a
1110 1087 1324 1140 proditore,
1347 1096 1464 1138 atque
1486 1100 1546 1131 eo,
1565 1100 1685 1139 quem
1705 1100 1806 1138 prae-

411 1160 558 1198 sentem
591 1157 742 1196 hostem
771 1155 997 1208 reipublicae
1025 1153 1248 1205 cognosset,
1282 1153 1379 1191 bene
1407 1167 1489 1191 rem
1516 1153 1599 1205 geri
1626 1166 1704 1191 non
1732 1166 1807 1205 po-

411 1225 547 1263 tuiffe:
581 1223 789 1277 postremo,
816 1235 863 1259 ne
885 1222 991 1259 Deos
1014 1219 1176 1272 quidem
1198 1219 1440 1257 immortales
1462 1218 1561 1256 velle
1582 1218 1723 1270 aperiri
1743 1219 1809 1256 sua

411 1292 573 1344 templa,
600 1300 638 1327 et
660 1289 730 1327 fibi
751 1287 977 1340 supplicari,
1000 1285 1175 1323 hominis
1196 1285 1449 1338 impurissimi
1469 1293 1508 1322 et
1529 1284 1807 1322 sceleratiffimi

410 1359 584 1396 nomine.
632 1357 768 1407 Itaque
789 1354 857 1391 ille
877 1353 973 1390 alter
993 1360 1058 1389 aut
1079 1351 1159 1404 ipse
1183 1351 1236 1388 est
1263 1350 1386 1389 homo
1414 1350 1551 1388 doctus
1567 1379 1578 1394 ‚
1610 1359 1648 1388 et
1679 1363 1701 1387 a
1731 1349 1807 1388 suis

411 1424 561 1463 Graecis
584 1421 767 1460 subtilius
789 1419 980 1463 eruditus,
1003 1417 1243 1471 quibuscum
1258 1418 1343 1468 jam
1364 1417 1404 1454 in
1425 1415 1574 1454 exostra
1592 1414 1806 1461 helluatus,

410 1501 521 1528 antea
552 1488 635 1542 post
668 1487 851 1540 fiparium
883 1485 1057 1529 solebat,
1091 1492 1157 1522 aut
1188 1484 1335 1521 amicos
1367 1482 1488 1520 habet
1519 1481 1806 1535 prudentiores,

409 1570 528 1609 quarn
552 1554 763 1597 Gabinius,
796 1553 908 1604 cujus
931 1550 1049 1589 nullae
1071 1550 1191 1588 literae
1212 1548 1477 1602 perferuntur.

466 1622 561 1659 VII.
596 1619 727 1658 Hosce
745 1617 867 1670 igitur
883 1617 1135 1668 imperatores
1153 1614 1413 1652 habebimus?
1433 1628 1604 1667 quorum
1619 1614 1716 1651 alter
1731 1626 1811 1651 non

410 1687 525 1725 audet
547 1697 615 1724 nos
637 1685 821 1722 certiores
843 1681 983 1726 facere,
1007 1695 1054 1718 ne
1075 1682 1288 1733 imperator
1307 1680 1552 1733 appelletur,
1575 1680 1759 1724 alterum,
1783 1679 1810 1716 fi

412 1753 603 1791 tabellarii
630 1764 708 1788 non
738 1749 941 1793 cessarint,
974 1747 1119 1785 neceffe
1140 1747 1193 1784 est
1212 1747 1348 1799 paucis
1370 1746 1508 1784 diebus
1531 1747 1719 1799 poeniteat
1738 1759 1809 1783 au-

412 1818 515 1872 de1e.
549 1817 675 1868 Cujus
698 1814 830 1857 amici,
855 1813 880 1850 fi
903 1813 972 1864 qui
994 1812 1096 1856 sunt,
1119 1820 1185 1849 aut
1206 1812 1233 1848 fi
1255 1811 1395 1849 belluae
1418 1820 1497 1849 tam
1518 1812 1684 1849 immani
1706 1820 1809 1849 tam-

412 1899 489 1937 que
522 1892 628 1921 tetrae
661 1879 817 1933 poffunt
850 1879 921 1916 ulli
954 1876 1026 1916 effe
1058 1877 1190 1921 amici,
1222 1875 1295 1914 hac
1328 1876 1595 1914 consolatione
1627 1885 1809 1921 utuntur,

412 1952 531 1988 etiam
571 1949 624 1986 T.
660 1945 835 1984 Albucio
875 1943 1204 1996 supplicationem
1238 1941 1345 1980 hunc
1379 1941 1560 1980 ordinem
1596 1941 1808 1994 denegaffe.

414 2015 534 2068 Qod
563 2014 616 2051 cst
643 2013 819 2065 primum
849 2009 1058 2048 dissimile:
1092 2022 1150 2046 res
1179 2009 1219 2046 in
1248 2008 1420 2046 Sardinia
1447 2022 1540 2047 cum
1569 2007 1811 2046 mastrucatis

414 2080 647 2121 latrunculis
679 2092 700 2116 a
731 2087 967 2130 propraetore
996 2089 1071 2114 una
1098 2074 1260 2113 cohorte
1281 2075 1483 2113 auxiliaria
1501 2074 1631 2126 gesta;
1664 2083 1703 2112 et
1724 2074 1811 2112 bel-

414 2150 499 2188 lum
521 2161 614 2186 cum
635 2145 818 2184 maximis
842 2145 957 2196 Syri-ec
977 2142 1178 2195 gentibu8‚
1210 2155 1252 2179 ac
1275 2142 1462 2193 tyrannis,
1485 2140 1677 2179 consulari
1698 2155 1811 2179 exer-

414 2216 498 2253 citu
519 2213 767 2265 imperioque
788 2208 1029 2248 confectum.
1078 2207 1232 2246 Deinde
1254 2208 1451 2245 Albucius
1468 2236 1478 2252 ‚
1511 2207 1618 2259 quod
1639 2220 1659 2244 a
1679 2206 1812 2245 senatu

414 2281 586 2334 petebat,
619 2277 698 2330 ipse
719 2276 789 2315 fibi
811 2277 851 2314 in
873 2275 1046 2313 Sardinia
1065 2284 1152 2313 ante
1178 2274 1397 2312 decreverat
1416 2289 1424 2312 :
1458 2273 1656 2311 constabat
1688 2273 1810 2318 enim,

416 2350 604 2386 Graecum
624 2343 829 2382 hominem
850 2356 892 2381 ac
914 2342 1040 2380 levem
1063 2342 1101 2379 in
1123 2341 1203 2394 ipsa
1223 2341 1424 2394 provincia
1443 2339 1547 2393 quasi
1571 2338 1808 2392 triumphas-

416 2414 466 2452 se.
500 2414 637 2465 Itaque
669 2409 770 2448 hanc
802 2410 884 2462 ejus
914 2408 1175 2447 temeritatem
1204 2406 1355 2445 senatus
1384 2406 1669 2460 supplicatione
1688 2404 1811 2443 dene-

415 2491 504 2535 gata
524 2477 686 2518 notavit.
