2076 2860
680 149 1255 190 PHILIPPICA
1333 155 1408 194 XI.
1661 174 1739 214 415

343 246 414 300 qui
435 248 572 302 dignas
594 250 709 288 nobis
732 250 939 290 sententias
962 253 1151 299 diximus,
1185 257 1255 308 qui
1285 259 1480 310 populum
1511 261 1742 304 Romanum

345 314 519 354 liberum
549 317 621 355 effe
651 317 866 364 voluimus,
898 319 1032 359 statuit
1062 322 1130 360 ille
1160 323 1323 375 quidem
1345 340 1424 364 non
1446 328 1646 376 inimicos,
1680 332 1742 370 sed

344 380 503 428 hostes;
541 385 689 437 majora
727 394 858 423 tamen
894 387 934 425 in
971 402 1041 426 nos
1057 418 1068 434 ,
1106 403 1225 442 quam
1264 392 1305 429 in
1339 392 1490 433 hostem
1507 425 1518 441 ‚
1550 397 1743 451 supplicia

344 448 588 489 meditatur:
625 461 796 490 mortem
824 462 969 493 naturae
991 469 1148 508 poenam
1170 467 1282 509 putat
1303 459 1389 506 effe,
1426 461 1637 503 iracundiae
1659 475 1742 504 tor-

343 525 492 561 menta,
525 526 641 570 atque
676 519 912 558 cruciatum.
964 522 1105 574 Qalis
1137 524 1262 576 igitur
1295 524 1416 566 hostis
1450 528 1654 570 habendus
1689 533 1743 571 est

344 579 392 625 is,
425 594 445 619 a
465 596 546 634 quo
567 584 712 622 vidtore
733 585 759 622 fi
781 586 977 625 cruciatus
999 589 1109 634 abfit,
1142 603 1247 628 mors
1269 592 1310 629 in
1332 593 1513 633 beneficii
1535 607 1643 649 parte
1664 613 1740 637 nu—

340 656 515 686 meretur
533 649 547 686 ?

399 714 455 752 Π.
481 715 768 767 Qamobrem‚
793 718 923 757 Patres
944 719 1172 774 conscripti,
1195 736 1421 777 quanquam
1442 726 1641 767 hortatore
1663 745 1741 770 non

343 780 496 830 egeti53
530 781 600 833 ipfi
630 783 738 820 enim
768 784 887 822 vestra
916 785 1052 839 sponte
1080 788 1267 827 exarsistis
1287 790 1334 827 ad
1360 791 1552 831 libertatis
1576 810 1740 849 recupe-

343 845 471 883 randae
491 847 777 899 cupiditatem;
810 859 941 889 tamen
963 865 1008 890 eo
1028 854 1177 905 majore
1195 855 1329 894 animo
1349 856 1557 912 studioque
1577 861 1739 901 liberta-

343 919 426 949 tem
447 910 661 958 defendite,
692 928 772 966 quo
804 918 952 970 majora
982 919 1178 972 proposita
1208 921 1321 960 victis
1354 923 1547 977 supplicia
1574 927 1739 968 servitu-

344 976 394 1013 tis
415 977 572 1017 videtis.
614 980 661 1017 In
684 981 859 1021 Galliam
878 984 1017 1023 invafit
1038 987 1255 1033 Antonius,
1288 989 1329 1026 in
1351 991 1483 1030 Afiam
1505 993 1738 1035 Dolabella:

341 1041 384 1079 in
405 1042 573 1082 alienam
593 1054 758 1099 uterque
778 1050 1039 1100 provinciam.
1083 1053 1212 1091 Alteri
1240 1055 1277 1093 se
1298 1056 1443 1096 Brutus
1465 1059 1627 1112 objecit,
1660 1063 1739 1101 im-

340 1117 560 1163 petumque
580 1110 764 1159 furentis,
787 1124 904 1167 atque
925 1118 1058 1155 omnia
1078 1118 1259 1158 divexare
1279 1131 1317 1159 et
1338 1123 1506 1177 diripere
1526 1129 1739 1180 cupientis,

341 1174 431 1213 vitae
452 1175 526 1213 suae
545 1177 723 1228 periculo
744 1180 962 1233 colligavit,
994 1185 1192 1236 progressu
1214 1189 1354 1234 arcuit,
1378 1202 1398 1226 a
1418 1191 1546 1229 reditu
1568 1193 1739 1233 refrena-

338 1240 421 1279 vit:
445 1242 612 1280 obfideri
633 1243 669 1281 se
689 1245 830 1297 paffus,
853 1261 901 1286 ex
923 1259 1087 1302 utraque
1107 1262 1216 1303 parte
1237 1255 1473 1295 constrinxit
1494 1259 1735 1302 Antonium.

341 1306 458 1345 Alter
478 1308 519 1346 in
541 1309 673 1348 Afiam
694 1311 837 1364 irrupit
858 1314 1016 1360 curfim,
1039 1317 1105 1354 cui
1125 1318 1168 1355 in
1190 1319 1340 1370 Syriam
1360 1324 1518 1374 patebat
1538 1326 1600 1364 via
1619 1338 1738 1375 certa,

340 1386 470 1426 neque
489 1375 622 1428 longa.
648 1378 757 1431 Qid
774 1393 872 1432 opus
894 1379 973 1420 fuit
993 1396 1086 1421 cum
1107 1384 1263 1437 legione
1282 1390 1476 1440 praemiffo
1496 1392 1630 1432 Marso
1651 1396 1738 1434 nes-

339 1440 405 1478 cio
425 1453 505 1493 quo
528 1443 709 1489 Octavio,
740 1445 924 1485 scelerato
946 1447 1095 1488 latrone
1115 1460 1231 1503 atque
1252 1464 1404 1505 egente,
1437 1458 1505 1509 qui
1527 1461 1737 1512 populare-

341 1515 408 1544 tur
427 1520 555 1559 agros,
587 1520 741 1548 vexaret
763 1512 892 1558 urbes,
925 1527 1005 1552 non
1032 1516 1078 1553 ad
1105 1516 1213 1569 spem
1241 1520 1522 1562 constituendae
1542 1526 1597 1563 rei
1618 1526 1737 1565 fami-

342 1572 464 1617 liaris,
496 1587 615 1626 quam
638 1586 767 1615 tenere
787 1592 879 1617 eum
900 1580 1004 1632 posse
1024 1593 1169 1635 negant
1189 1586 1258 1636 qui
1280 1598 1441 1633 norunt,
1479 1590 1599 1642 (mihi
1630 1594 1739 1632 enim

340 1637 409 1676 hic
430 1638 582 1679 senator
601 1642 761 1694 ignotus
784 1644 854 1695 est)
878 1645 941 1684 sed
962 1648 1008 1685 ad
1033 1649 1263 1701 praesentem
1290 1653 1444 1705 pastum
1470 1657 1737 1699 mendicitatis

341 1703 448 1742 suae?
481 1707 726 1747 Consecutus
762 1710 814 1748 est
846 1712 1069 1760 Dolabella,
1102 1717 1212 1754 nulla
1243 1717 1461 1771 suspicione
1492 1723 1614 1763 belli:
1648 1727 1737 1778 quis

338 1772 450 1810 enim
484 1773 525 1810 id
564 1784 719 1827 putaret
738 1778 751 1814 ?
795 1779 943 1817 Secutae
978 1781 1266 1822 collocutiones
1301 1785 1609 1828 familiariffimae
1644 1806 1738 1832 cum

340 1839 576 1886 Trebonio;
609 1844 919 1898 complexusque
954 1847 1116 1887 summae
1152 1850 1434 1892 benevolentiae
1469 1855 1550 1894 falfi
1587 1857 1736 1898 indices

337 1905 560 1945 extiterunt
589 1907 630 1945 in
664 1923 794 1948 amore
827 1912 1035 1953 fimulat0:
1069 1915 1249 1963 dexterae‚
1283 1932 1368 1971 quae
1400 1920 1491 1959 fidei
1525 1923 1635 1962 testes
1665 1926 1737 1964 effe

341 1969 532 2018 solebant,
563 1974 727 2026 perfidia
753 1977 842 2015 sunt
870 1988 907 2017 et
938 1979 1079 2019 scelere
1099 1983 1278 2023 violatae:
1312 1988 1527 2027 nocturnus
1550 1991 1735 2030 introitus

341 2036 563 2088 Smyrnam,
593 2041 697 2091 quasi
718 2042 758 2078 in
782 2042 954 2082 hostium
976 2047 1129 2093 urbem,
1153 2062 1237 2100 quae
1258 2050 1311 2088 est
1331 2052 1644 2095 fideliffimorum
1665 2072 1735 2097 an-

339 2101 727 2158 tiquissimorumque
748 2108 969 2150 sociorum:
993 2114 1191 2167 oppressus
1214 2117 1468 2167 Trebonius;
1492 2122 1519 2160 fi
1542 2133 1585 2161 ut
1605 2125 1653 2162 ab
1673 2139 1733 2172 eo,

340 2169 411 2219 qui
431 2180 562 2221 aperte
582 2170 703 2210 hostis
724 2174 828 2220 effet,
861 2177 1070 2225 incautus,-
1104 2182 1130 2219 fi
1162 2192 1205 2221 ut
1235 2184 1282 2221 ab
1313 2199 1372 2231 eo,
1405 2188 1475 2240 qui
1496 2188 1593 2227 civis
1614 2192 1735 2229 etiam

338 2242 429 2272 turn
458 2235 627 2288 speciem
657 2238 830 2287 haberet,
863 2245 991 2285 miser.
1037 2249 1100 2287 Ex
1126 2263 1207 2302 quo
1235 2252 1427 2292 nimirum
1448 2255 1735 2296 documentum

340 2313 411 2338 nos
444 2315 579 2354 capere
612 2303 771 2345 fortuna
805 2309 945 2357 voluit,
979 2314 1075 2365 quid
1110 2315 1200 2354 effet
1232 2319 1344 2358 victis
1378 2322 1730 2362 extimescendum.

340 2367 600 2408 Consularem
634 2370 860 2421 hominem,
883 2378 1087 2418 ‘consulari
1122 2382 1290 2435 imperio
1324 2387 1568 2437 provinciam
1601 2390 1733 2427 Afiam

337 2432 604 2482 obtinentem,
628 2438 814 2479 Samiario
834 2443 942 2481 exuli
964 2445 1148 2488 tradidit:
1181 2449 1400 2489 interficere
1421 2463 1580 2505 captum
1602 2454 1733 2494 statim
