2076 2860
679 166 1258 206 PHILIPPICA
1335 165 1388 204 v.
1655 129 1731 219 353

335 271 554 311 referebat:
588 268 817 322 syngraphae
851 267 1184 320 obfignabantur:
1217 265 1594 311 senatus-consulta,
1626 280 1732 304 nun-

331 351 452 390 quam
467 335 581 379 faeta,
601 343 789 386 tanquam
810 332 910 371 facta
925 332 971 370 ad
988 332 1166 371 aerarium
1183 330 1465 369 referebantur.
1491 332 1625 383 Hujus
1644 341 1729 370 tur—

330 402 528 455 pitudinis
560 400 672 438 testes
704 408 813 438 erant
845 400 965 437 etiam
997 408 1137 436 exterae
1171 398 1364 436 nationes.
1402 397 1565 436 Foedera
1585 398 1732 435 interea

330 468 457 507 fac‘ta:
491 481 610 520 regna
638 466 752 504 data:
785 465 925 518 populi
957 465 1251 517 provinciaeque
1283 464 1480 502 liberatae:
1515 476 1729 515 earumque

331 548 463 572 rerum
484 532 587 571 falsae
609 532 766 577 tabulae,
797 540 980 583 gemente
1001 530 1151 583 populo
1181 531 1379 574 Romano,
1413 537 1498 566 toto
1528 529 1730 581 Capitolio

330 600 568 653 figebantur.
603 599 763 650 Qibus
785 597 900 635 rebus
923 606 1030 634 tanta
1048 597 1216 649 pecunia
1246 609 1322 633 una
1348 596 1389 632 in
1420 595 1542 633 domo
1571 609 1728 633 coacer-

329 677 416 705 vata
435 667 502 711 est,
534 675 593 711 ut,
626 666 652 703 fi
673 664 750 702 hoc
771 677 894 716 genus
917 664 957 701 in
980 677 1106 701 unum
1136 662 1349 714 redigatur,
1381 675 1460 699 non
1490 662 1535 700 fit
1561 661 1730 713 pecunia

331 733 482 786 populo
504 733 686 770 Romano
708 729 904 768 defutura.

388 800 440 837 V.
474 800 511 836 Is
533 798 661 850 legem
681 797 801 834 etiam
823 795 1075 848 judiciariam
1097 793 1205 838 tulit,
1237 792 1360 831 homo
1381 792 1504 830 castus
1526 802 1643 845 atque
1663 793 1728 831 in-

330 874 458 917 teger3
476 864 722 916 judiciorum
739 871 777 899 et
792 862 894 913 juris
915 862 1062 898 audior.
1097 861 1143 897 In
1163 873 1244 911 quo
1265 872 1335 897 nos
1357 857 1517 896 fefellit.
1542 859 1725 910 Artefig-

332 944 469 975 nanos,
501 939 540 967 et
570 929 848 981 manipulares,
881 936 919 965 et
949 926 1136 971 Alaudas,
1164 925 1319 978 judices
1349 925 1384 962 se
1405 924 1643 963 constituisse
1664 924 1727 962 di-

330 996 457 1035 cebat.
490 996 546 1034 At
579 995 647 1032 ille
678 995 776 1046 legit
808 993 1007 1038 aleatores,
1040 992 1138 1044 legit
1169 991 1319 1036 exules,
1351 991 1449 1042 legit
1478 992 1653 1028 Graecos.
1689 991 1726 1028 O

330 1062 546 1101 consessum
561 1061 747 1113 judicum
768 1059 999 1112 praeclarum
1017 1059 1023 1095 1
1051 1059 1088 1096 O
1106 1058 1342 1109 dignitatem
1358 1057 1511 1095 consilii
1527 1056 1726 1094 admiran-

329 1129 446 1167 dam!
481 1137 565 1166 avet
586 1128 740 1166 animus
762 1125 864 1179 apud
892 1125 1102 1163 confilium
1130 1123 1230 1161 illud
1262 1137 1333 1176 pro
1365 1137 1430 1161 reo
1458 1123 1599 1161 dicere.
1643 1124 1727 1174 Cy-

328 1196 419 1233 dam
452 1193 701 1237 Cretensem,
734 1201 965 1244 portentum
1000 1189 1154 1234 insulae,
1186 1188 1394 1227 hominem
1429 1188 1727 1226 audaciffimum

329 1271 368 1299 et
391 1259 692 1313 perditiffimum
711 1257 719 1294 !
753 1257 816 1294 sed
838 1256 898 1294 fac
920 1257 973 1293 ita
996 1270 1073 1293 non
1095 1255 1195 1300 effe;
1220 1269 1316 1292 num
1340 1254 1480 1292 Latine
1502 1254 1573 1291 scit
1593 1255 1605 1291 Ρ
1629 1268 1727 1292 nuni

328 1327 383 1364 est
413 1339 460 1363 ex
485 1325 671 1377 judicum
701 1336 840 1375 genere
870 1331 908 1359 et
936 1321 1094 1359 forma?
1128 1334 1224 1358 num
1253 1320 1357 1371 leges
1379 1320 1523 1358 nostras
1554 1320 1729 1358 moresve

329 1392 474 1431 novit?
507 1404 605 1428 num
626 1388 796 1441 denique
817 1387 999 1425 homines
1020 1388 1032 1424 ?
1065 1386 1134 1424 Est
1160 1386 1267 1424 enim
1297 1387 1414 1423 Creta
1439 1386 1551 1424 vobis
1580 1387 1727 1430 notior,

327 1471 451 1510 quam
472 1458 603 1494 Roma
624 1454 758 1506 Cydae.
804 1453 989 1491 Delectus
1011 1460 1141 1489 autem
1170 1460 1207 1488 et
1236 1451 1386 1488 notatio
1401 1450 1587 1503 judicum
1608 1451 1728 1489 etiam

329 1524 371 1561 in
395 1523 532 1560 nostris
553 1521 707 1558 civibus
728 1519 863 1557 haberi
886 1519 995 1555 solet.
1040 1517 1286 1568 Cortynium
1312 1530 1404 1554 vero
1425 1516 1605 1568 judicem
1637 1517 1726 1570 quis

331 1590 468 1633 novit,
499 1597 566 1625 aut
599 1587 687 1638 quis
721 1585 823 1623 nosse
856 1585 1020 1637 potuit?
1058 1584 1165 1622 Nam
1201 1582 1405 1633 Lysiadem
1441 1581 1728 1621 Atheniensem

331 1656 512 1709 plerique
534 1654 741 1691 novimus:
765 1651 818 1690 est
838 1652 945 1688 enim
968 1649 1136 1694 Phaedri‚
1160 1647 1388 1701 philosophi
1410 1648 1572 1693 nobilis,
1595 1648 1724 1687 filius:

330 1721 453 1760 homo
475 1729 655 1773 praeterea
674 1718 849 1763 festivus,
883 1727 926 1755 ut
957 1718 992 1754 ei
1025 1730 1119 1755 cum
1151 1716 1228 1754 Μ’.
1254 1715 1392 1760 Curio,
1424 1712 1636 1753 conseffore
1656 1728 1725 1754 eo-

329 1789 421 1827 dem
442 1797 480 1826 et
501 1786 707 1830 collusore,
738 1784 930 1822 facillime
950 1782 1065 1835 poffit
1085 1781 1309 1820 convenire.

386 1856 532 1906 Qaero
566 1853 703 1905 igitur,
741 1851 767 1889 fi
804 1849 983 1902 Lyfiades
1019 1850 1162 1887 citatus
1191 1847 1317 1900 judex
1353 1859 1431 1884 non
1468 1845 1728 1899 responderit,‘

330 1922 614 1973 excuseturque
653 1918 910 1971 Areopagites
950 1916 1047 1961 effe,
1085 1929 1156 1953 nec
1192 1914 1332 1952 debere
1370 1913 1509 1952 eodem
1549 1923 1728 1966 tempore

331 1989 470 2026 Rornae
501 1995 540 2025 et
572 1984 741 2024 Athenis
775 1997 832 2022 res
860 1983 1066 2036 judicare;
1098 1981 1319 2034 accipietne
1350 1980 1644 2019 excusationem
1676 1979 1724 2025 is,

330 2054 401 2106 qui
432 2052 636 2106 quaestioni
667 2051 834 2104 praeerit,
868 2049 1042 2088 Graeculi
1069 2048 1233 2100 judicis,
1266 2047 1385 2085 modo
1405 2047 1572 2099 palliati,
1604 2046 1726 2085 modo

331 2120 455 2171 togati
474 2121 487 2157 ?
505 2109 584 2157 ¹An
618 2116 920 2155 Atheniensium
948 2115 1230 2167 antiquiffimas
1264 2114 1368 2166 leges
1401 2114 1608 2166 negliget?
1641 2113 1725 2165 Qi

331 2199 448 2238 porro
468 2186 537 2223 ille
557 2183 764 2228 consessus,
797 2183 867 2221 Dii
889 2182 983 2220 boni
1003 2183 1016 2219 ?
1050 2181 1243 2220 Cretensis
1259 2181 1399 2233 judex,
1431 2180 1540 2233 isque
1562 2179 1723 2232 nequis-

332 2252 464 2289 fimus.
509 2252 643 2301 Qem
663 2249 709 2286 ad
730 2248 838 2287 hunc
859 2261 945 2287 reus
967 2248 1109 2300 alleget
1129 2249 1141 2285 ?
1174 2246 1376 2300 quomodo
1408 2246 1564 2284 accedat
1583 2246 1596 2284 ?
1629 2245 1725 2283 dura

332 2318 439 2356 natio
460 2316 526 2354 est.
564 2318 619 2354 At
641 2314 899 2354 Athenienses
921 2314 1205 2353 misericordes.
1245 2314 1347 2351 Puto
1369 2327 1417 2351 ne
1439 2314 1608 2351 Curium
1629 2311 1722 2364 qui-

332 2383 423 2437 dem
455 2382 526 2420 effe
558 2382 784 2426 crudelem,
818 2376 1099 2434 quiquotidie
1119 2380 1355 2433 *periculum
1387 2378 1556 2417 fortuna:
1588 2377 1719 2415 faciat.

333 2450 432 2488 Sunt
454 2450 550 2488 item
566 2448 655 2486 lecti
671 2446 840 2499 judices,
859 2447 928 2499 qui
949 2445 1102 2485 fortasse
1118 2445 1429 2483 excusabuntur:
1453 2444 1599 2482 habent
1615 2441 1722 2480 enim

1293 2510 1328 2547 Y
1351 2523 1373 2559 y
1397 2522 1417 2547 2
