2076 2860
627 225 706 264 IN
766 225 815 263 L.
878 225 1233 264 PISONEM.
1559 227 1630 279 137

228 321 468 360 Macedonia
487 320 707 359 condonata
723 320 895 358 barbaris
912 335 921 359 z
945 320 1095 359 AEtolia
1111 320 1242 358 amiffa
1258 335 1266 359 :
1286 320 1479 373 Dolopes,
1498 318 1627 358 finiti-

227 388 365 440 mique
382 388 576 432 montani,
594 387 750 439 oppidis
768 395 885 439 atque
901 386 1002 439 agris
1019 387 1271 425 exterminati
1286 401 1294 425 :
1319 386 1422 425 cives
1440 386 1628 431 Romani,

229 453 298 505 qui
319 453 360 491 in
382 454 430 491 iis
451 453 550 491 locis
572 453 839 505 negotiantur,
873 461 911 490 te
932 466 1073 496 unum,
1106 452 1248 498 solum,
1281 452 1396 491 suum
1417 452 1626 504 depecula—

227 527 371 565 torem,
401 529 640 565 vexatorem,
673 519 912 572 praedonem,
943 518 1111 564 hostem,
1143 518 1284 557 veniffe
1305 518 1518 557 senserunt.

283 585 349 624 Ad
369 585 516 624 horum
535 586 718 625 omnium
734 585 900 638 judicia,
924 595 983 623 tot
999 594 1117 638 atque
1137 593 1258 630 tanta,
1281 584 1542 623 domesticum
1557 585 1626 636 ju-

227 650 380 690 dicium
400 653 555 692 acceflit
573 652 773 691 sententiae
798 651 1061 690 damnationis
1083 660 1158 690 tuae
1176 666 1185 689 ε
1219 651 1400 690 occultus
1422 650 1625 695 adventus,

226 717 422 758 furtivum
444 720 519 759 iter
538 734 607 773 per
629 719 799 764 Italiam,
831 719 1018 757 introitus
1040 719 1081 756 in
1103 718 1242 756 urbem
1263 716 1434 756 desertus
1455 717 1503 755 ab
1525 717 1625 755 ami-

226 784 299 830 cis,
326 786 446 824 nullae
466 786 514 824 ad
534 786 712 824 senatum
732 799 752 824 e
773 785 975 838 provincia
995 784 1131 829 literae‚
1155 783 1264 821 nulla
1282 796 1331 821 ex
1352 782 1466 822 trinis
1488 782 1625 821 aestivis

225 852 463 903 gratulatio,
495 853 606 891 nulla
633 850 829 904 triumphi
856 851 1035 889 mentio:
1068 864 1149 888 non
1177 849 1297 888 modo
1325 849 1422 903 quid
1443 850 1596 903 gefferis
1613 880 1624 893 ‚

225 917 289 956 sed
306 932 354 957 ne
369 920 516 972 quibus
532 920 574 957 in
595 918 692 957 locis
709 918 873 972 quidem
892 916 1029 962 fueris,
1047 916 1176 955 dicere
1196 916 1328 955 audes.
1348 918 1410 955 Ex
1428 916 1498 954 illo
1515 915 1626 954 fonte

226 993 265 1022 et
292 985 500 1024 seminario
531 984 830 1038 triumphorum
862 998 956 1023 cum
987 983 1092 1022 arida
1122 982 1219 1021 folia
1250 983 1387 1022 laureae
1419 982 1623 1027 retulisses,

225 1063 319 1089 cum
339 1065 382 1089 ea
401 1053 550 1104 abjecta
568 1051 615 1089 ad
635 1060 791 1104 portam
813 1050 1030 1104 reliquisti;
1064 1059 1151 1088 tum
1180 1059 1223 1088 tu
1250 1050 1330 1102 ipse
1355 1050 1402 1088 de
1424 1059 1460 1088 te
1476 1080 1486 1095 ‚
1505 1049 1588 1103 feci
1610 1064 1627 1087 e

223 1116 354 1163 videri,
377 1117 694 1171 pronuntiavisti.
722 1118 805 1171 Qi
826 1118 852 1156 fi
875 1116 976 1155 nihil
997 1116 1158 1170 gefferas
1179 1116 1348 1170 dignum
1368 1115 1532 1161 honore,
1556 1116 1625 1153 ubi

224 1184 418 1223 exercitus
436 1186 449 1222 ?
468 1185 537 1223 ubi
558 1185 738 1238 sumptus
755 1185 768 1222 ?
788 1183 857 1222 ubi
879 1184 1093 1237 imperium
1110 1184 1123 1221 ?
1143 1183 1212 1221 ubi
1233 1183 1302 1221 illa
1318 1183 1516 1221 uberrima
1532 1182 1623 1234 sup-

225 1249 508 1302 plicationibus
531 1250 824 1303 triumphisque
844 1250 1079 1303 provincia?
1112 1250 1180 1287 Sin
1208 1259 1340 1288 autem
1365 1248 1516 1302 aliquid
1538 1249 1624 1301 spe-

225 1329 307 1355 rare
327 1317 504 1355 volueras
520 1347 530 1362 ,
563 1317 590 1355 fi
611 1318 802 1369 cogitaras
825 1317 865 1354 id
880 1347 891 1362 ‚
914 1316 1022 1370 quod
1043 1316 1289 1369 imperatoris
1312 1329 1458 1354 nomen
1474 1345 1485 1361 ,
1518 1315 1625 1368 quod

224 1382 387 1421 laureati
407 1382 527 1421 fasces
543 1413 553 1428 ,
586 1382 694 1436 quod
715 1383 783 1421 illa
804 1392 971 1436 tropaea,
1003 1382 1118 1436 plena
1139 1382 1338 1420 dedecoris
1364 1391 1402 1419 et
1430 1382 1527 1420 risus
1543 1411 1554 1426 ,
1587 1390 1625 1420 te

225 1457 541 1487 commentatum
561 1448 633 1487 effe
654 1447 851 1486 declarant
868 1467 879 1494 ς
907 1449 996 1501 quis
1019 1458 1056 1486 te
1077 1447 1267 1492 miserior,
1291 1448 1379 1500 quis
1403 1457 1439 1485 te
1460 1447 1623 1485 damna-

225 1514 327 1558 tior,
360 1514 430 1567 qui
458 1528 585 1567 neque
612 1513 779 1552 scribere
806 1514 853 1552 ad
881 1514 1083 1558 senatum,
1115 1527 1136 1551 a
1157 1523 1193 1551 te
1215 1513 1313 1551 bene
1335 1512 1625 1565 rempublicam

225 1578 297 1618 effe
317 1580 477 1632 gestam,
510 1594 638 1632 neque
658 1580 822 1633 praesens
844 1580 987 1624 dicere,
1018 1579 1130 1617 ausus
1152 1593 1190 1616 es
1211 1580 1223 1615 ?

280 1647 393 1686 XLI.
427 1648 492 1685 An
510 1656 553 1684 tu
570 1645 687 1691 mihi,
705 1647 770 1684 cui
787 1647 938 1699 semper
953 1646 1007 1683 ita
1022 1645 1244 1698 persuasum
1260 1644 1395 1689 fuerit,
1411 1658 1491 1683 non
1505 1658 1623 1683 even-

224 1711 290 1757 tis,
309 1711 372 1750 sed
387 1711 514 1757 fastis,
533 1711 723 1765 cujusque
739 1711 941 1750 fortunam
957 1711 1178 1764 ponderari,
1197 1710 1325 1748 dicere
1341 1709 1472 1755 audes,
1496 1723 1624 1763 neque

224 1778 266 1815 in
295 1778 449 1816 tabellis
478 1791 694 1830 paucorum
717 1777 918 1830 judicum,
951 1777 1014 1815 sed
1042 1778 1082 1814 in
1112 1777 1314 1814 sententiis
1346 1777 1530 1814 omnium
1563 1777 1623 1814 ci-

224 1845 350 1890 vium,
373 1844 520 1883 famam
541 1844 710 1882 nostram
731 1843 1012 1896 fortunamque
1032 1843 1201 1896 pendere
1221 1844 1232 1880 ?
1266 1844 1327 1880 Te
1348 1842 1624 1881 indemnatum

223 1909 347 1948 videri
367 1920 496 1964 putas,
529 1924 649 1963 quem
671 1910 780 1955 socii,
813 1924 933 1963 quem
964 1909 1158 1954 foederati,
1190 1922 1309 1961 quem
1331 1909 1445 1946 liberi
1467 1909 1622 1962 populi,

224 1990 344 2029 quem
365 1977 619 2030 stipendiarii,
652 1991 771 2030 quem
800 1977 1077 2029 negotiatores,
1110 1989 1230 2028 quem
1250 1976 1470 2028 publicani,
1503 1989 1623 2028 quem

223 2043 400 2082 universa
420 2044 557 2082 civitas
575 2073 586 2090 ,
619 2058 739 2097 quem
760 2044 904 2096 legati,
937 2056 1057 2095 quem
1080 2043 1231 2080 tribuni
1253 2043 1442 2080 militares
1458 2072 1469 2087 ‚
1502 2056 1622 2095 quem

224 2109 368 2163 reliqui
383 2110 547 2156 milites,
565 2111 635 2162 qui
656 2109 820 2154 ferrum,
839 2110 908 2161 qui
925 2107 1086 2154 famem,
1104 2109 1173 2161 qui
1195 2118 1365 2146 mortem
1382 2108 1621 2160 effugerunt,

225 2177 337 2213 omni
358 2177 535 2214 cruciatu
552 2176 823 2228 digniffimum
840 2177 1007 2228 putant?
1027 2177 1090 2214 cui
1114 2190 1191 2213 non
1209 2176 1311 2228 apud
1334 2175 1523 2220 senatum,
1543 2190 1621 2213 non

224 2241 327 2294 apud
348 2242 479 2280 ullum
499 2242 678 2280 ordinem
695 2272 704 2286 ,
737 2256 814 2280 non
837 2242 939 2295 apud
960 2243 1110 2294 equites
1134 2244 1356 2287 Romanos,
1391 2256 1468 2279 non
1491 2244 1529 2280 in
1554 2257 1621 2279 ur-

226 2310 274 2346 be
289 2338 299 2353 ,
333 2322 411 2346 non
444 2310 484 2346 in
519 2309 655 2354 Italia,
688 2310 954 2347 maximorum
976 2309 1165 2347 scelerum
1188 2311 1299 2347 venia
1320 2310 1399 2346 ulla
1420 2309 1463 2346 ad
1487 2309 1619 2361 ignos-

225 2375 396 2413 cendum
417 2375 498 2412 dari
519 2375 632 2428 poflit
654 2376 667 2413 ?
699 2377 767 2428 qui
789 2376 824 2414 se
846 2376 975 2428 ipsum
996 2377 1148 2421 oderit,
1182 2378 1250 2428 qui
1280 2386 1429 2414 metuat
1457 2390 1592 2413 omnes
1609 2405 1619 2420 ‚

225 2441 295 2494 qui
317 2441 424 2480 suam
445 2441 599 2481 causam
619 2442 770 2481 nemini
792 2443 1042 2481 committere
1062 2443 1213 2487 audeat,
1244 2443 1313 2494 qui
1336 2442 1501 2494 seipsum
1523 2456 1619 2479 con·

226 2507 385 2547 demnet
404 2509 418 2546 ?

1185 2573 1218 2609 A
1249 2586 1269 2610 a
1300 2585 1320 2610 2
