2076 2860
685 170 827 210 PRO
889 169 934 209 P.
998 168 1293 208 SEXTIO.
1641 183 1693 223 45

345 269 428 314 An,
460 265 584 306 ficubi
616 265 740 303 aderit
773 264 955 310 Gellius,
987 263 1111 302 homo
1144 273 1183 301 et
1213 263 1332 302 fratre
1364 262 1577 317 indignus,
1610 265 1695 302 viro

289 334 500 373 clariffimo
519 342 637 385 atque
657 332 815 385 optimo
835 330 1019 376 consule,
1049 339 1088 368 et
1109 330 1247 368 ordine
1268 331 1458 383 equestri,
1491 332 1605 383 cujus
1628 331 1696 368 ille

288 400 439 438 ordinis
460 412 607 437 nomen
630 398 788 443 retinet,
820 406 1053 435 ornamenta
1073 395 1249 435 confecit
1265 417 1277 443 5
1311 397 1351 434 id
1376 399 1450 435 erit
1472 398 1660 450 populare
1680 398 1692 434 ἓ

275 465 359 505 ΑΕίὶῑ
378 466 488 504 enim
508 464 632 503 homo
652 464 722 502 iste
742 464 893 517 populo
910 464 1095 502 Romano
1113 463 1288 502 deditus.
1307 463 1427 502 Nihil
1445 464 1525 501 vidi
1543 464 1669 516 magis
1685 479 1693 502 :

287 533 374 585 qui,
392 546 487 572 cum
503 533 586 584 ejus
603 530 866 569 adolescentia
880 530 922 568 in
938 529 1187 583 ampliffimis
1204 530 1423 568 honoribus
1444 530 1589 568 summi
1606 531 1695 575 riri,

288 599 339 637 L.
363 597 560 652 Philippi,
592 597 740 642 vitrici,
773 597 909 636 florere
930 596 1130 649 potuiss‘et‚
1154 596 1275 649 usque
1296 610 1342 634 eo
1363 611 1442 634 non
1465 596 1543 634 fuit
1564 611 1696 650 popu*-

289 666 396 712 laris,
428 676 474 704 ut
506 666 610 704 bona
639 665 743 704 solus
775 664 987 703 comeffet:
1022 664 1164 702 deinde
1193 677 1241 702 ex
1272 664 1432 716 impuro
1453 664 1698 702 adolescente

289 742 329 771 et
358 732 561 786 petulante
579 762 590 777 ,
622 731 876 784 posteaquam
897 745 980 768 rem
1003 740 1206 783 paternam
1227 731 1274 767 ab
1306 730 1521 768 idiotarum
1546 731 1696 769 divitiis·

289 799 338 837 ad
358 798 692 852 philosophorum
714 798 891 850 regulam
911 796 1112 849 perduxit,
1138 797 1372 834 Graeculum
1394 797 1430 834 se
1451 808 1568 849 atque
1590 800 1697 836 otio-

289 866 377 904 sum
393 865 523 919 putari
540 865 690 910 voluit;
709 863 838 902 studio
854 863 1058 901 literarum
1074 862 1111 900 se
1127 863 1259 901 subito
1276 863 1442 901 dedidit.
1469 864 1587 902 Nihil
1612 865 1697 902 lane

289 934 397 971 Attae
411 931 619 985 juvabant.
644 929 896 983 Anagnostae,
919 929 1049 969 libelli
1070 930 1205 975 etiam,
1228 943 1300 982 pro
1321 931 1415 968 vino
1432 931 1529 983 saepe
1551 931 1697 983 oppig-

289 999 553 1038 nerabantur:
585 998 770 1036 manebat
791 997 1046 1035 insaturabile
1065 997 1277 1042 abdomen,
1301 998 1424 1050 copiae
1445 998 1696 1037 deficiebant.

288 1067 427 1118 Itaque
447 1064 600 1118 semper
619 1064 842 1103 versabatur
862 1065 903 1102 in
925 1064 990 1117 spe
1012 1078 1146 1102 rerum
1165 1077 1356 1102 novarum
1373 1084 1385 1110 3
1419 1066 1501 1103 otio
1528 1075 1566 1103 et
1590 1075 1698 1103 tran-

288 1132 487 1185 quillitate
509 1131 737 1184 reipublicae
757 1130 1071 1169 consenescebat.

346 1199 440 1237 LII.
475 1199 623 1250 Ecquae
643 1197 784 1236 seditio
806 1210 984 1249 unquam
1005 1196 1099 1242 fuit,
1131 1197 1173 1235 in
1195 1211 1272 1250 qua
1293 1211 1373 1235 non
1394 1198 1463 1235 ille
1485 1198 1697 1251 princeps?

291 1265 409 1317 ecqui
429 1264 647 1309 seditiosus,
666 1264 731 1302 cui
753 1263 821 1301 ille
843 1278 922 1301 non
944 1263 1178 1302 familiaris?
1197 1277 1330 1316 ecquae
1347 1265 1578 1302 turbulenta
1598 1279 1697 1302 con-

292 1331 380 1376 cio,
413 1332 526 1383 cujus
548 1331 616 1368 ille
638 1344 719 1368 non
740 1331 961 1369 concitator
981 1332 993 1368 ?
1026 1331 1091 1367 cui
1115 1331 1213 1368 bene
1235 1331 1337 1368 dixit
1360 1344 1535 1383 unquam
1559 1331 1664 1369 bono
1685 1333 1697 1369 ?

294 1397 394 1436 bene
415 1397 546 1435 dixit?
578 1398 705 1435 immo
721 1427 731 1442 ‚
764 1411 886 1450 quem
915 1396 1063 1435 fortem
1094 1408 1131 1434 et
1153 1397 1304 1435 bonum
1328 1398 1456 1435 civem
1478 1412 1557 1435 non
1579 1408 1698 1450 petu-

291 1463 503 1501 lantiffime
531 1463 586 1501 est
618 1463 859 1502 insectatus?
892 1464 978 1515 qui,
1012 1472 1055 1500 ut
1085 1464 1218 1508 credo,
1251 1477 1331 1501 non
1362 1463 1543 1501 libidinis
1572 1464 1697 1508 causa,

292 1529 356 1568 sed
377 1540 420 1569 ut
440 1531 640 1583 plebicola
658 1531 872 1575 videretur,
904 1530 1134 1568 libertinam
1156 1530 1272 1568 duxit
1293 1544 1473 1568 uxorem.
1508 1532 1546 1568 Is
1568 1531 1615 1568 de
1635 1545 1700 1568 me

292 1596 526 1648 suffragium
547 1597 656 1641 tulit,
689 1597 721 1634 is
743 1596 872 1640 affuit,
898 1597 931 1633 is
954 1595 1137 1633 interfuit
1158 1597 1285 1647 epulis
1307 1605 1345 1633 et
1366 1596 1700 1647 gratulationibus

293 1661 602 1714 parricidarum:
636 1661 678 1698 in
700 1674 780 1712 quo
802 1670 933 1698 tamen
955 1660 1008 1697 est
1029 1673 1094 1697 me
1115 1660 1239 1705 ultus,
1262 1674 1356 1698 cum
1378 1661 1450 1699 illo
1471 1675 1536 1699 ore
1557 1662 1699 1700 inimi-

294 1742 362 1766 cos
383 1728 436 1767 est
457 1741 566 1766 meos
588 1727 779 1766 suaviatus
799 1743 808 1766 :
842 1726 926 1779 qui,
959 1727 1063 1779 quasi
1086 1740 1174 1764 mea
1194 1728 1310 1780 culpa
1332 1729 1436 1766 bona
1455 1729 1671 1781 perdiderit
1686 1760 1697 1776 ‚

291 1795 348 1833 ita
367 1795 419 1833 ob
440 1808 526 1833 eam
547 1794 671 1846 ipsam
692 1793 847 1831 causam
867 1792 921 1830 est
941 1792 1045 1831 mihi
1066 1794 1256 1832 inimicus
1273 1823 1283 1839 ,
1315 1795 1408 1846 quia
1437 1794 1540 1833 nihil
1562 1795 1697 1835 habet.

294 1861 445 1900 Utrum
466 1874 539 1913 ego
561 1860 636 1898 tibi
657 1859 947 1913 patrimonium
968 1860 1096 1912 eripui
1111 1889 1122 1905 ,
1157 1860 1291 1906 Gelli,
1323 1874 1371 1898 an
1394 1871 1438 1899 tu
1460 1862 1665 1900 comedisti
1685 1864 1698 1901 ?

291 1929 423 1981 quid?
456 1938 500 1966 tu
520 1941 610 1966 meo
630 1927 824 1981 periculo,
856 1941 998 1980 gurges
1020 1941 1063 1965 ac
1091 1941 1236 1980 vorago
1263 1928 1510 1981 patrimonii,
1543 1929 1698 1968 hellua-

294 1996 407 2042 bare3
440 2005 500 2041 ut,
522 1995 549 2033 fi
571 2009 644 2048 ego
665 1994 802 2033 consul
825 1994 1117 2048 rempublicam
1138 2005 1275 2033 contra
1297 2005 1334 2033 te
1355 2006 1393 2034 et
1413 1997 1588 2048 gregales
1611 2006 1699 2035 tuos

291 2061 549 2102 defendissem
567 2091 577 2108 ‚
610 2063 652 2100 in
679 2062 839 2100 civitate
860 2061 932 2100 effe
954 2076 1018 2100 me
1038 2062 1165 2100 nolles
1184 2063 1197 2100 ?
1229 2064 1292 2101 Te
1312 2076 1431 2101 nemo
1453 2073 1615 2102 tuorum
1636 2065 1698 2102 vi—

293 2129 384 2168 dere
404 2129 518 2168 vult:
551 2142 689 2167 ornnes
717 2128 885 2174 aditum,
918 2128 1154 2175 sermonem,
1187 2129 1435 2182 congressum
1466 2140 1597 2176 tuum,
1630 2130 1696 2169 fu-

292 2196 409 2248 giunt
428 2211 436 2235 :
471 2205 508 2233 te
529 2195 669 2234 sororis
691 2194 797 2233 filius
819 2195 1046 2241 Postumus,
1079 2196 1301 2235 adolescens
1323 2197 1466 2249 gravis,
1499 2197 1612 2234 senili
1627 2199 1698 2250 ju-

295 2262 425 2307 dicio,
458 2262 632 2307 notavit,
665 2275 760 2299 cum
792 2262 833 2299 in
866 2275 1012 2314 magno
1045 2276 1211 2301 numero
1244 2272 1418 2301 tutorem
1451 2263 1586 2301 liberis
1618 2278 1699 2302 non

294 2327 481 2367 instituit.
515 2328 603 2373 Sed,
634 2327 758 2366 elatus
780 2328 886 2374 odio,
913 2338 952 2367 et
973 2343 1062 2368 meo
1083 2339 1122 2368 et
1143 2330 1372 2382 reipublicae
1395 2330 1571 2375 nomine,
1595 2343 1698 2382 quo-

295 2407 386 2434 rum
407 2393 475 2432 ille
496 2395 575 2432 utri
596 2394 642 2432 fit
662 2394 866 2433 inimicior
886 2395 1045 2441 nescio;
1078 2396 1192 2449 plura
1213 2396 1311 2441 dixi,
1343 2410 1463 2448 quam
1484 2396 1700 2435 dicendum

295 2460 390 2508 fuit,
420 2461 463 2500 in
484 2459 780 2501 furiofiffimum
801 2472 918 2515 atque
938 2463 1234 2516 egentiffimum
1254 2476 1488 2517 ganeonem.
