2076 2860
320 201 369 226 20
793 180 1237 218 ORATIO

318 283 431 327 filiae,
462 295 532 334 pro
567 280 689 333 patria
719 277 987 329 contempfiffe
1022 277 1232 321 dicuntur,
1264 289 1337 328 ego
1370 277 1431 314 vir
1464 276 1702 323 consularis,

319 349 436 387 tantis
469 348 583 385 rebus
615 345 743 398 gestis,
775 345 989 382 timerem?
1022 343 1250 396 praesertim,
1280 357 1375 380 cum
1401 344 1484 395 ejus
1506 343 1621 381 ess‘em
1642 344 1703 381 ci-

318 414 464 458 vitatis,
496 427 542 450 ex
576 425 652 464 qua
683 410 928 461 QMucius
962 409 1064 447 solus
1097 409 1138 445 in
1171 408 1290 446 castra
1321 409 1496 447 Porsenae
1529 409 1703 454 venisset,

318 493 487 531 eumque
509 477 739 521 interficere,
762 476 958 528 propofita
977 476 1048 513 fibi
1069 485 1210 520 morte,
1234 485 1399 513 conatus
1418 475 1537 513 effet?
1560 490 1607 514 ex
1629 489 1707 529 qua

319 546 364 583 P.
382 545 528 582 Decius
550 543 725 595 primum
745 551 868 594 pater,
886 541 971 593 post
990 541 1142 592 aliquot
1158 554 1279 579 annos
1295 542 1419 594 patria
1438 542 1584 579 virtute
1604 555 1704 594 prae-

318 611 422 648 ditus
443 610 563 653 filius,
596 608 631 646 se
651 621 693 645 ac
715 607 836 645 vitam
857 606 979 650 suam,
1011 606 1195 644 instructa
1214 607 1309 651 acie,
1333 621 1403 659 pro
1425 607 1546 645 salute
1566 607 1707 660 populi

320 675 490 713 Romani
512 674 751 724 viostoriaque
767 671 974 709 devoviffet
990 673 1003 709 ?
1025 685 1073 709 ex
1090 685 1168 723 qua
1188 672 1494 711 innumerabiles
1516 673 1597 718 alii,
1614 686 1706 725 par-

318 742 394 779 tim
426 739 681 792 adipiscendae
712 738 864 782 laudis,
900 737 1044 790 partim
1076 737 1242 775 vitandae
1275 738 1535 790 turpitudinis
1567 738 1704 783 causa,

319 815 490 845 mortem
511 806 551 842 in
573 805 687 843 variis
709 804 822 841 bellis
845 803 1069 856 aequiffimis
1090 804 1231 841 animis
1262 803 1496 856 oppetiffent
1515 805 1528 841 ?
1560 805 1601 842 in
1630 818 1712 857 qua

319 873 476 910 civitate
497 871 576 924 ipse
597 869 873 914 meminissem,
896 878 1047 922 patrem
1068 868 1186 921 hujus
1209 869 1272 907 M.
1293 869 1428 914 Craffi,
1451 869 1711 909 fortiffimum

320 938 464 982 virum,
497 951 545 974 ne
572 936 719 974 videret
739 936 928 973 vidorem
948 936 1058 973 vivus
1081 935 1307 979 inimicum,
1338 935 1474 973 eadem
1495 936 1566 973 fibi
1586 950 1711 974 manu

319 1005 439 1042 vitam
461 1002 684 1048 exhaufifi‘e,
716 1015 793 1054 qua
812 1011 982 1040 mortem
1004 1002 1098 1054 saepe
1118 1000 1296 1040 hostibus
1317 1001 1517 1040 obtulisset
1536 1003 1549 1040 ?

376 1070 512 1108 XXII.
546 1069 644 1106 Haec
676 1082 749 1120 ego
780 1077 819 1105 et
851 1068 977 1105 multa
1007 1068 1082 1105 alia
1112 1068 1306 1119 cogitans,
1342 1067 1418 1106 hoc
1451 1068 1648 1114 videbam,
1680 1069 1710 1106 fi

319 1135 472 1174 causam
488 1134 691 1186 publicam
708 1147 794 1172 mea
808 1147 913 1171 mors
934 1133 1168 1186 peremisset,
1190 1134 1391 1171 neminem
1413 1148 1587 1186 unquam
1609 1134 1708 1179 fore,

320 1202 389 1253 qui
410 1200 566 1238 auderet
582 1200 772 1253 suscipere
787 1209 924 1238 contra
938 1199 1140 1252 improbos
1157 1200 1260 1238 cives
1278 1200 1505 1252 reipublicae
1526 1200 1704 1239 salutem.

321 1268 472 1319 Itaque,
497 1280 574 1304 non
597 1265 724 1304 solum
745 1266 771 1304 fi
792 1267 830 1304 vi
852 1265 1079 1310 interiffem‚
1103 1265 1165 1303 sed
1185 1266 1304 1303 etiam
1325 1266 1351 1304 fi
1373 1267 1514 1304 morbo
1534 1266 1707 1305 exstinc-

320 1342 382 1370 tus
403 1332 531 1376 effem,
550 1331 633 1370 fore
652 1332 854 1384 putabam,
878 1341 922 1369 ut
941 1332 1170 1384 exemplum
1193 1332 1419 1385 reipublicae
1439 1333 1708 1371 conservandae

320 1411 478 1436 mecum
500 1398 614 1436 fimul
635 1398 826 1436 interiret.
860 1398 962 1449 Qis
984 1399 1090 1435 enim
1122 1412 1322 1450 unquam,
1353 1412 1417 1436 me
1437 1413 1457 1436 a
1478 1399 1609 1437 senatu
1630 1413 1706 1452 po-

319 1464 493 1516 puloque
513 1464 711 1508 Romano,
742 1472 852 1501 tanto
871 1464 1054 1501 omnium
1086 1464 1284 1502 bonorum
1313 1464 1455 1509 studio,
1486 1479 1566 1504 non
1596 1465 1706 1503 resti-

318 1538 420 1573 tuto,
455 1528 581 1580 (quod
613 1538 732 1574 certe,
761 1529 789 1567 fi
821 1529 936 1567 effem
967 1528 1210 1574 interfectus,
1241 1530 1416 1568 accidere
1446 1545 1525 1568 non
1552 1531 1709 1583 potuis-

319 1594 390 1645 set)
423 1594 545 1631 ullam
576 1594 803 1646 reipublicae
822 1603 975 1646 partem
995 1608 1088 1632 cum
1110 1595 1176 1632 sua
1194 1595 1362 1633 minima
1383 1596 1530 1634 invidia
1549 1596 1707 1634 auderet

317 1661 506 1711 attingere
523 1661 535 1696 ?
569 1660 721 1697 Servavi
742 1659 865 1711 igitur
885 1660 1175 1712 rempublicam
1196 1660 1357 1698 disceffu
1377 1675 1482 1707 meo,
1513 1662 1675 1714 Judices
1695 1678 1706 1701 2

318 1725 461 1762 caedem
495 1738 515 1761 a
543 1725 654 1762 vobis
685 1724 896 1776 liberisque
928 1725 1076 1770 vestris,
1107 1725 1339 1771 vastitatem,
1372 1728 1567 1772 incendia,
1600 1729 1707 1781 rapi-

320 1803 399 1835 nas,
419 1803 507 1827 meo
523 1789 656 1827 dolore
673 1789 861 1841 luctuque
878 1789 1038 1842 depuli;
1061 1799 1099 1828 et
1122 1804 1222 1827 unus
1240 1792 1529 1843 rempublicam
1546 1793 1605 1830 bis
1627 1794 1708 1831 ser-

319 1856 402 1894 vavi
420 1885 429 1900 ,
462 1855 577 1893 semel
600 1855 724 1907 gloria
738 1885 748 1900 ,
781 1856 924 1893 iterum
946 1869 1118 1894 aerumna
1138 1869 1236 1895 mea.
1275 1858 1419 1910 Neque
1439 1859 1547 1896 enim
1568 1859 1608 1896 in
1630 1858 1708 1898 hoc

320 1936 382 1959 me
401 1921 608 1960 hominem
628 1920 700 1959 effe
720 1920 921 1959 infitiabor
941 1935 1131 1974 unquam,
1163 1932 1207 1960 ut
1228 1936 1291 1961 me
1311 1925 1466 1976 optimo
1486 1924 1617 1970 fratre,
1641 1939 1708 1963 ca-

320 1987 473 2025 riffimis
506 1986 655 2031 liberis,
687 1986 906 2024 fideliffima
935 1989 1119 2040 conjuge,
1152 1989 1274 2027 vestro
1306 1990 1531 2043 conspeClu,
1567 1993 1704 2044 patria,

319 2052 394 2090 hoc
427 2052 587 2090 honoris
620 2052 756 2104 gradu,
788 2053 866 2090 fine
898 2053 1031 2091 dolore
1063 2055 1222 2092 caruisse
1253 2055 1410 2108 glorier.
1456 2057 1576 2108 Qod
1598 2058 1622 2095 s1
1645 2057 1708 2095 fe-

320 2117 450 2155 ciffem
468 2136 479 2162 ;
522 2117 629 2169 quod
668 2131 687 2154 a
722 2131 784 2155 me
818 2118 1056 2156 beneficium
1096 2119 1289 2158 haberetis
1308 2150 1318 2165 ,
1360 2134 1453 2159 cum
1488 2135 1559 2174 pro
1593 2123 1706 2161 vobis

320 2196 389 2227 ea,
421 2196 506 2234 quae
535 2182 636 2220 mihi
664 2183 782 2221 effeut
815 2185 931 2229 vilia,
964 2185 1234 2237 reliquiss‘em?
1272 2187 1390 2232 Hoc,
1422 2201 1510 2225 meo
1543 2188 1706 2240 quidem

320 2249 452 2287 animo
468 2278 478 2293 ,
510 2248 654 2286 summi
687 2250 726 2299 in
759 2251 923 2302 patriam
950 2252 1092 2289 amoris
1114 2252 1192 2290 mei
1215 2253 1368 2304 signum
1389 2253 1460 2292 effe
1481 2254 1597 2292 debet
1618 2268 1705 2292 ccr-

321 2315 525 2360 tiffimum,
557 2315 679 2367 quod,
710 2330 803 2354 cum
836 2317 957 2355 abesse
991 2319 1039 2355 ab
1071 2332 1113 2356 ea
1148 2333 1225 2356 non
1262 2319 1408 2371 possem
1441 2321 1517 2358 fine
1550 2321 1705 2360 summo

321 2381 467 2425 dolore,
499 2380 606 2419 hunc
639 2395 702 2420 me
734 2383 900 2436 perpeti,
932 2397 1050 2436 quam
1082 2385 1191 2424 illam
1222 2385 1442 2425 labefactari
1473 2387 1525 2435 ab,
1551 2388 1705 2441 impro-

320 2447 395 2493 bis,
425 2446 563 2486 malui.
