2076 2860
897 190 1129 247 [429]

961 399 978 434 Ι
1030 399 1066 433 N

359 588 481 661 M.
609 582 1670 659 ANTONIUM

634 811 1209 853 PHILIPPICA
1286 811 1400 850 XII,

323 1023 358 1061 I.
497 1024 535 1062 T
554 1023 575 1061 S
593 1024 612 1061 1
644 1023 813 1061 minime
838 1023 974 1062 decere
998 1022 1167 1068 videtur,
1200 1023 1332 1061 Patres
1354 1019 1582 1075 conscripti,
1614 1020 1721 1068 falli,

510 1089 654 1142 decipi,
687 1101 810 1126 errare
841 1101 948 1133 eum,
980 1088 1047 1126 cui
1078 1101 1146 1126 vos
1178 1088 1364 1126 maximis
1398 1087 1494 1139 saepe
1526 1087 1573 1124 de
1603 1088 1718 1126 rebus

322 1153 611 1199 affentiamini3
643 1153 824 1193 consolor
844 1167 908 1192 me
930 1163 1076 1199 tamen,
1107 1154 1298 1206 quoniam
1327 1152 1533 1191 vobiscum
1562 1153 1722 1206 pariter,

323 1229 363 1258 et
396 1233 474 1258 una
507 1234 601 1258 cum
635 1219 914 1272 sapientiffimo
948 1219 1134 1264 consule,
1166 1219 1304 1258 erravi.
1348 1219 1482 1264 Nam,
1515 1232 1609 1257 cum
1643 1219 1723 1258 duo

325 1285 545 1324 consulares
576 1285 684 1338 spem
712 1284 881 1323 honestae
912 1285 1019 1337 pacis
1052 1285 1167 1322 nobis
1200 1284 1416 1323 attuliffent
1431 1304 1444 1330 3
1476 1285 1584 1338 quod
1614 1294 1723 1324 erant

327 1351 538 1390 familiares
574 1352 638 1390 M.
674 1351 869 1395 Antonii,
902 1350 1009 1403 quod
1044 1350 1274 1395 domestici,
1306 1350 1410 1389 noffe
1444 1351 1605 1403 aliquod
1639 1353 1723 1404 ejus

325 1417 485 1462 vulnus,
517 1417 625 1470 quod
647 1417 760 1455 nobis
783 1417 969 1469 ignotum
989 1416 1094 1461 effet,
1125 1416 1373 1455 videbantur.
1413 1417 1534 1470 Apud
1554 1417 1724 1456 alterum

328 1497 448 1529 uxor,
480 1483 596 1521 liberi
612 1502 624 1529 3
657 1483 754 1521 alter
786 1482 965 1536 quotidie
997 1483 1128 1520 literas
1160 1483 1340 1528 mittere,
1371 1484 1562 1535 accipere,
1593 1493 1725 1536 aperte

327 1548 456 1588 favere
477 1549 671 1587 Antonio.

386 1615 445 1652 Hi
480 1613 611 1652 subito
645 1613 794 1652 hortari
827 1614 875 1652 ad
909 1628 1061 1667 pacem,
1093 1614 1201 1667 quod
1230 1614 1386 1666 jamdiu
1419 1627 1498 1652 non
1531 1612 1728 1659 fecissent,

328 1693 409 1718 non
442 1680 520 1718 fine
546 1680 657 1717 causa
688 1679 935 1718 videbantur.
979 1681 1149 1718 Acceffit
1175 1681 1311 1718 consul
1339 1679 1530 1717 hortator.
1572 1681 1628 1717 At
1655 1680 1728 1732 qui

331 1745 500 1784 consul?
532 1745 558 1784 fi
588 1745 839 1798 prudentiam
868 1746 1099 1798 quaerimus,
1129 1746 1199 1798 qui
1220 1746 1387 1784 minime
1409 1744 1494 1782 falli
1516 1745 1666 1797 poffet;
1699 1745 1727 1782 fi

330 1812 535 1856 virtutem,
566 1811 636 1863 qui
669 1811 821 1848 nullam
853 1824 991 1863 pacem
1023 1812 1219 1863 probaret,
1252 1812 1323 1849 nifi
1348 1810 1528 1848 Antonio
1548 1810 1729 1855 cedente,

329 1886 448 1929 atque
479 1877 610 1922 victo,
648 1877 675 1914 fi
707 1877 1026 1929 magnitudinem
1058 1878 1194 1922 animi,
1227 1878 1296 1929 qui
1328 1875 1525 1929 prreferret
1557 1885 1729 1914 mortem

334 1942 525 1981 servituti.
559 1943 641 1981 Vos
663 1953 810 1987 autem,
843 1943 974 1981 Patres
996 1943 1225 1995 conscripti,
1258 1956 1337 1980 non
1367 1952 1446 1980 tam
1474 1944 1727 1979 immemores

333 2007 550 2046 vestrorum
581 2009 895 2060 graviflimorum
928 2008 1176 2046 decretorum
1209 2007 1464 2052 videbamini,
1497 2021 1631 2060 quam,
1664 2007 1728 2059 spe

334 2074 448 2112 allata
481 2074 716 2119 deditionis,
749 2088 868 2126 quam
900 2074 1020 2111 amici
1051 2087 1188 2126 pacem
1219 2074 1480 2126 appellarent,
1513 2073 1559 2110 de
1594 2074 1726 2125 impo-

336 2139 489 2184 nendis,
522 2153 601 2177 non
629 2139 676 2177 de
703 2139 957 2192 accipiendis,
990 2139 1145 2192 legibus
1173 2141 1359 2192 cogitare.
1401 2141 1576 2177 Auxerat
1597 2148 1729 2176 autem

336 2218 465 2242 meam
486 2205 649 2256 quidem
673 2205 796 2257 spem,
828 2206 944 2243 credo
970 2206 1068 2243 item
1099 2205 1277 2251 vestram,
1309 2206 1417 2258 quod
1445 2205 1610 2243 domum
1638 2206 1726 2242 An-

335 2271 437 2309 tonii
453 2270 638 2309 afflictam
654 2271 840 2310 moestitia
854 2271 1075 2317 audiebam,
1091 2272 1297 2311 lamentari
1315 2285 1493 2310 uxorem.
1513 2272 1596 2309 Hic
1609 2271 1732 2309 etiam*

338 2336 507 2375 fautores
530 2338 713 2382 Antonii,
745 2352 916 2390 quorum
936 2339 978 2376 in
999 2339 1114 2377 vultu
1134 2339 1314 2377 habitant
1335 2338 1442 2376 oculi
1465 2338 1557 2381 mei,
1582 2336 1727 2374 tristio-

339 2418 396 2443 res
424 2404 620 2443 videbam.
665 2405 785 2456 Qod
812 2405 839 2443 fi
871 2419 951 2443 non
978 2406 1033 2443 ita
1058 2405 1125 2451 est,
1157 2420 1227 2444 cur
1254 2419 1274 2442 a
1302 2405 1440 2442 Pisone
1467 2414 1505 2441 ct
1532 2418 1552 2441 a
1581 2403 1729 2440 Caleno

337 2470 605 2523 potiffimum,
638 2483 708 2508 cur
738 2469 815 2510 hoc
849 2480 1045 2524 tempore,
1072 2484 1142 2510 cur
1173 2481 1254 2510 tam
1287 2469 1513 2521 improvis0‚
1546 2481 1616 2507 cur
1648 2477 1735 2505 tam
