2076 2860
411 246 487 280 204
884 228 1325 267 ORATIO

406 331 528 383 igitur
547 330 629 368 haec
650 329 727 367 fuit
746 330 758 365 ?
782 329 826 365 In
850 327 1007 364 Milone
1026 328 1038 364 ?
1064 327 1133 379 qui
1154 327 1270 364 etiam
1295 340 1400 364 nunc
1422 340 1508 365 reus
1529 327 1582 365 est
1602 326 1709 373 facti,
1731 337 1796 366 aut

404 396 591 449 praeclari,
614 404 679 432 aut
699 402 800 431 certe
823 392 1041 430 neceffarii?
1065 393 1129 430 An
1147 393 1186 429 in
1206 392 1374 430 Clodio?
1394 394 1462 444 qui
1479 393 1693 445 itajudicia
1707 408 1794 446 poe-

406 474 574 512 namque
594 457 877 510 contempserat
893 487 903 502 ‚
936 467 979 495 ut
1008 471 1100 495 eum
1126 457 1227 495 nihil
1249 458 1479 503 delectaret,
1512 458 1619 510 quod
1640 468 1706 497 aut
1727 473 1795 512 per

406 536 581 564 naturam
602 525 658 561 fas
679 524 782 567 effet,
814 532 880 560 aut
901 537 969 575 per
989 523 1092 575 leges
1115 524 1249 561 liceret
1269 525 1281 560 ?

461 590 532 627 Sed
554 589 649 641 quid
671 602 743 640 ego
763 598 1015 640 argumentor
1034 589 1047 625 ?
1079 588 1175 640 quid
1195 588 1307 640 plura
1326 588 1483 640 disputo
1502 590 1514 626 ?
1547 589 1623 633 Te,
1647 589 1792 640 QPe-

404 656 497 700 tilli‚
529 655 698 707 appello,
730 655 929 706 optimum
959 663 997 691 et
1030 653 1283 691 fortiffimum
1311 654 1465 692 civem:
1500 663 1551 698 te,
1583 655 1648 693 M.
1679 656 1793 700 Cato,

404 720 546 758 testor:
580 733 678 772 quos
707 719 806 757 mihi
836 720 968 757 divina
994 719 1173 771 quaedam
1200 719 1277 756 sors
1305 719 1413 756 dedit
1435 720 1604 772 judices.
1637 721 1719 758 Vos
1746 734 1794 758 ex

404 787 467 824 M.
503 786 677 824 Favonio
708 785 890 830 audistis,
924 785 1114 823 Clodium
1147 785 1218 823 fibi
1250 784 1410 830 dixiffe,
1442 794 1480 822 et
1511 785 1668 823 audistis
1704 787 1794 824 vivo

405 851 564 896 Clodio,
597 851 816 903 periturum
838 851 1038 888 Milonem
1060 851 1204 888 triduo.
1238 850 1328 888 Post
1359 851 1464 888 diem
1498 851 1660 889 tertium
1691 850 1795 903 gesta

404 931 462 955 res
483 917 550 962 est,
582 930 701 968 quam
729 917 892 955 dixerat.
927 917 1031 954 Cum
1065 917 1132 954 ille
1165 930 1243 954 non
1277 916 1474 955 dubitaret
1504 917 1666 970 aperire,
1697 917 1796 970 quid

404 984 621 1035 cogitaret3
654 996 720 1020 vos
742 982 900 1035 potestis
922 982 1114 1027 dubitare,
1145 982 1243 1035 quid
1265 982 1403 1020 fecerit
1422 984 1435 1019 ?

460 1048 596 1086 XVII.
630 1047 978 1099 Qemadmodum
1011 1048 1133 1100 igitur
1163 1061 1255 1085 eum
1283 1046 1364 1084 dies
1393 1060 1472 1084 non
1502 1045 1680 1085 fefellit?
1711 1047 1795 1085 dixi

403 1113 588 1166 equidem
604 1113 737 1152 modo.
757 1114 970 1152 Dictatoris
987 1114 1185 1152 Lanuvini
1202 1113 1294 1150 stata
1309 1112 1494 1150 sacrificia
1509 1112 1628 1158 nofl‘e,
1646 1113 1795 1166 negotii

404 1179 506 1217 nihil
533 1189 639 1218 erat:
672 1179 772 1217 vidit
799 1179 944 1217 neceffe
970 1179 1042 1218 effe
1070 1180 1219 1217 Miloni
1247 1179 1442 1232 proficisci
1470 1179 1697 1218 Lanuvium
1723 1179 1796 1218 illo

403 1245 500 1297 ipso,
518 1258 599 1297 quo
619 1243 816 1297 profectus
838 1244 905 1290 est,
923 1244 999 1284 die.
1019 1247 1156 1298 Itaque
1176 1246 1396 1283 antevertit.
1416 1246 1472 1282 At
1488 1258 1568 1296 quo
1588 1244 1680 1282 die?
1698 1258 1793 1296 quo,

404 1320 447 1349 ut
467 1320 556 1348 ante
583 1310 682 1355 dixi,
714 1310 948 1348 insaniffima
974 1311 1115 1348 concio
1140 1311 1188 1348 ab
1216 1310 1334 1362 ipfius
1363 1310 1602 1348 mercenario
1632 1310 1795 1348 tribuno

402 1376 529 1428 plebis
550 1375 603 1414 est
623 1376 845 1414 concitata:
877 1389 998 1428 quem
1025 1376 1131 1414 diem
1159 1375 1241 1421 ille,
1272 1389 1391 1428 quam
1412 1376 1662 1421 concionem,
1694 1389 1793 1428 quos

401 1442 612 1487 clamores,
646 1442 714 1479 nisi
745 1441 793 1479 ad
825 1443 1043 1494 cogitatum
1076 1442 1228 1480 facinus
1260 1450 1555 1495 approperaret,
1588 1455 1793 1494 nunquam

401 1507 628 1559 reliquiffet.
658 1508 764 1559 Ergo
786 1507 845 1545 illi
867 1522 914 1546 ne
935 1508 1045 1546 causa
1065 1508 1227 1560 quidem
1248 1508 1414 1553 itineris,
1437 1508 1555 1546 etiam
1576 1507 1686 1545 causa
1706 1521 1790 1545 ma·-

402 1573 520 1610 nendi
539 1589 547 1610 :
582 1572 731 1609 Miloni
753 1573 936 1610 manendi
958 1573 1066 1610 nulla
1086 1572 1250 1610 facultas
1267 1602 1278 1618 ‚
1308 1572 1479 1611 exeundi
1502 1585 1580 1609 non
1602 1573 1712 1610 causa
1731 1573 1792 1610 so—

401 1638 500 1682 lum,
533 1638 595 1676 sed
615 1638 733 1675 etiam
754 1638 950 1675 neceffitas
971 1637 1063 1676 fuit.

458 1704 593 1756 Qid,
626 1704 678 1748 fi,
711 1713 754 1741 ut
787 1704 855 1741 ille
886 1703 999 1741 scivit
1032 1703 1232 1741 Milonem
1264 1702 1348 1741 fore
1379 1717 1425 1741 eo
1458 1703 1520 1740 die
1551 1703 1591 1741 in
1625 1704 1710 1748 via,
1743 1704 1792 1742 fic

402 1770 592 1807 Clodium
614 1769 720 1806 Milo
742 1782 789 1805 ne
810 1768 993 1820 suspicari
1013 1769 1175 1821 quidem
1187 1770 1328 1822 vpotuit
1348 1770 1360 1806 ?

459 1835 638 1878 Primum
661 1847 814 1885 quaero,
847 1834 916 1885 qui
938 1834 1032 1871 scire
1054 1823 1225 1885 potuerit
1245 1849 1253 1870 :
1286 1835 1393 1885 quod
1415 1847 1480 1871 vos
1502 1834 1607 1871 idem
1629 1835 1670 1871 in
1693 1834 1791 1871 Clo-

402 1900 468 1937 dio
499 1912 668 1951 quaerere
701 1912 777 1936 non
809 1898 980 1950 potestis.
1015 1899 1072 1953 Ut
1101 1899 1207 1935 enim
1238 1899 1438 1936 neminem
1467 1899 1605 1943 alium,
1637 1900 1706 1936 nifi
1735 1900 1787 1937 T.

404 1965 597 2008 Parthiam,
621 1963 963 2001 familiariffimum
984 1963 1112 2008 suum,
1135 1963 1309 2016 rogasset,
1334 1963 1427 2001 scire
1448 1964 1592 2015 potuit,
1617 1964 1686 2001 illo
1707 1964 1790 2016 ipso

403 2030 464 2066 die
497 2029 664 2067 Lanuvii
697 2042 717 2066 a
748 2029 934 2067 dictatore
966 2029 1123 2067 Milone
1155 2030 1265 2081 prodi
1300 2029 1497 2067 flaminem
1532 2029 1676 2066 neceffe
1703 2029 1789 2068 effe.

405 2095 476 2132 Sed
507 2104 616 2133 erant
647 2095 834 2146 permulti
867 2095 948 2139 alii,
980 2108 1026 2133 ex
1060 2096 1203 2147 quibus
1233 2095 1272 2132 id
1301 2094 1490 2132 facillime
1519 2095 1612 2132 scire
1640 2095 1786 2147 poffet:

403 2173 539 2197 ornnes
570 2159 718 2196 scilicet
750 2160 959 2197 Lanuvini.
1002 2160 1108 2197 Milo
1138 2161 1184 2198 de
1216 2160 1349 2197 Clodii
1380 2159 1505 2197 reditu
1529 2160 1630 2197 unde
1651 2160 1788 2211 quaefi-

402 2226 458 2262 vit
478 2226 490 2262 ?
558 2225 717 2262 uaesierit
739 2224 847 2262 sane:
880 2225 1021 2270 videte,
1045 2225 1141 2277 quid
1162 2226 1272 2262 vobis
1294 2226 1457 2277 largiar:
1482 2225 1633 2262 servum
1653 2226 1786 2269 etiam,

404 2301 445 2328 ut
467 2291 620 2334 Arrius,
653 2303 762 2327 meus
792 2291 956 2334 amicus,
989 2290 1103 2335 dixit,
1136 2292 1365 2343 corruperit.
1400 2291 1539 2342 Legite
1569 2290 1790 2328 testimonia

404 2356 558 2395 testium
580 2355 805 2394 vestrorum.
830 2356 948 2394 Dixit
970 2357 1019 2394 C.
1034 2356 1239 2400 Cfflinius,
1263 2366 1527 2408 cognomento
1545 2355 1699 2401 Schola,
1718 2357 1790 2393 In-

404 2422 602 2466 teramnis‚
634 2421 951 2459 familiarissimus
972 2430 1010 2458 et
1031 2421 1135 2458 idem
1156 2435 1286 2459 comcs
1310 2422 1352 2459 P.
1379 2422 1527 2466 Clodii,
1553 2423 1665 2473 cujus
1681 2423 1786 2472 jam-

405 2487 553 2539 pridem
588 2487 810 2526 testimonio
844 2486 1008 2524 Clodius
1040 2487 1171 2525 eadem
1205 2486 1298 2525 hora
1332 2489 1562 2525 Interamnae
1594 2486 1718 2525 suerat
1750 2496 1782 2523 ez
