2076 2860
428 192 502 230 130
903 184 1348 223 ORATIO

424 300 510 339 quae
525 300 602 332 me,
622 287 724 325 scio:
748 285 811 322 sed
828 293 972 327 tamen,
991 282 1097 335 quod
1109 283 1192 334 jam
1209 280 1255 319 de
1271 294 1330 326 eo,
1349 279 1411 319 his
1432 279 1698 325 audientibus,
1721 280 1816 333 saepe

425 354 524 398 dixi,
553 367 616 391 me
644 352 711 389 ille
738 351 794 388 sui
817 351 937 387 totius
960 348 1198 392 consulatus,
1231 360 1446 398 eorumque
1472 345 1686 392 honorum,
1716 359 1814 399 quos

424 433 518 456 cum
534 418 724 471 proximis
741 415 1067 459 communicavit,
1085 414 1235 452 socium
1252 413 1323 451 effe
1338 409 1479 457 voluit,
1495 412 1653 458 detulit,
1670 413 1814 450 invita-

425 485 496 529 vit,
519 484 682 535 rogavit.
721 483 815 520 Non
838 482 924 519 sum
944 494 1032 533 ego,
1055 489 1214 532 propter
1234 479 1400 517 nimiam
1420 477 1574 516 fortaffe
1594 478 1818 516 constantiae

426 550 697 602 cupiditatem,
720 548 908 586 adductus
925 547 972 584 ad
987 546 1139 584 causam
1154 561 1162 584 :
1186 559 1265 583 non
1282 545 1541 598 postulabam,
1560 554 1604 582 ut
1620 546 1655 582 ei
1670 544 1815 582 cariffi-

426 628 514 653 mus
542 614 656 652 effem
673 644 682 658 ‚
716 615 827 665 cujus
856 626 928 664 ego
956 625 1005 650 ne
1029 611 1231 649 beneficiis
1252 610 1414 662 quidem
1436 610 1668 648 sententiam
1689 622 1818 647 meam

427 680 679 718 tradidissem.
713 680 893 717 Adduem
920 692 977 715 res
1005 678 1046 715 in
1075 687 1286 720 certamen,
1318 685 1356 714 te
1388 676 1560 721 consule,
1592 676 1818 728 putabatur,

427 756 579 792 utrum,
611 760 697 798 quae
722 745 916 798 superiore
936 757 1038 781 anno
1059 743 1127 781 ille
1147 741 1323 794 gestisset,
1355 751 1572 786 manerent,
1603 755 1650 779 an
1673 741 1820 780 rescin-

427 812 625 851 derentur.
650 811 760 864 Qid
781 812 917 863 loquar
938 810 1078 862 plura?
1102 809 1128 847 fi
1150 818 1306 846 tantum
1326 807 1394 846 ille
1415 808 1455 845 in
1477 821 1540 845 me
1561 807 1632 846 effe
1652 820 1732 845 uno
1753 820 1819 845 ro-

429 879 535 917 boris
556 888 595 917 et
616 879 771 917 virtutis
793 877 960 930 putavit,
992 884 1037 913 ut
1057 889 1113 920 ea,
1140 889 1226 927 quae
1245 874 1326 926 ipse
1346 873 1519 926 gesserat,
1550 873 1820 918 conciderent,

429 945 456 984 fi
477 959 549 998 ego
570 944 786 983 restitiffem
804 963 814 989 ;
847 957 917 981 cur
936 943 972 980 ei
993 955 1072 980 non
1093 941 1308 995 ignoscam,
1341 940 1366 979 fi
1388 940 1608 994 anteposuit
1633 940 1741 978 suam
1761 939 1821 978 sa—

430 1011 556 1049 lutem
578 1024 672 1049 meae
692 1012 705 1048 ?

488 1076 560 1114 Sed
592 1076 785 1129 praeterita
816 1075 974 1113 omitto.
1007 1074 1079 1111 Me
1106 1082 1150 1111 ut
1180 1074 1256 1111 Cn.
1281 1072 1493 1124 Pompeius
1525 1072 1712 1110 omnibus
1745 1070 1823 1109 suis

431 1141 582 1187 studiis,
605 1141 820 1184 laboribus,
835 1140 923 1177 vitae
944 1138 1144 1191 periculis,
1163 1138 1393 1190 complexus
1411 1137 1477 1182 est,
1495 1150 1588 1174 cum
1605 1137 1824 1189 municipia

434 1221 502 1260 pro
534 1221 597 1246 me
629 1207 765 1252 adiret,
798 1206 919 1244 Italiae
952 1203 1072 1242 fidem
1104 1204 1346 1256 imploraret,
1379 1204 1423 1241 P.
1449 1203 1623 1241 Lentulo
1654 1202 1823 1247 consuli,

431 1273 578 1311 aristosi
599 1272 731 1310 salutis
753 1285 861 1316 meae,
880 1270 1065 1323 frequens
1085 1269 1273 1313 affideret,
1290 1269 1437 1306 senatui
1454 1268 1685 1306 sententiam
1707 1267 1823 1320 praes-

433 1349 544 1385 taret,
571 1339 611 1376 in
632 1338 891 1376 concionibus
914 1350 992 1374 non
1013 1335 1133 1374 modo
1154 1335 1190 1373 se
1211 1334 1454 1373 defensorem
1474 1334 1608 1372 salutis
1628 1347 1738 1379 meae,
1761 1333 1825 1371 sed

433 1407 551 1443 etiam
572 1404 791 1457 supplicem
812 1416 883 1456 pro
904 1416 990 1447 me,
1024 1401 1272 1454 profiteretur
1287 1419 1300 1445 ;
1332 1399 1450 1452 hujus
1473 1400 1686 1438 voluntatis
1707 1413 1825 1444 eum,

432 1485 553 1524 quem
574 1471 749 1508 multum
771 1469 873 1522 poffe
894 1467 1158 1520 intelligebat,
1180 1466 1280 1504 mihi
1303 1480 1382 1504 non
1403 1466 1614 1504 inimicum
1635 1465 1707 1503 esse
1727 1479 1824 1516 cog-

433 1547 558 1581 norat,
581 1536 730 1574 socium
753 1536 821 1572 fibi
844 1544 882 1572 et
902 1534 1121 1586 adjutorem
1143 1534 1191 1571 C.
1218 1532 1406 1570 Caesarem
1427 1532 1621 1584 adjunxit.
1655 1532 1743 1582 Jam
1763 1531 1827 1568 vi·—

434 1604 514 1648 des,
537 1617 600 1640 me
621 1603 694 1640 tibi
719 1615 796 1639 non
819 1602 1045 1645 inimicum,
1078 1598 1140 1637 sed
1161 1598 1341 1643 hostem,
1375 1598 1470 1642 illis,
1503 1611 1601 1650 quos
1623 1597 1829 1641 describis,

435 1684 512 1708 non
534 1669 654 1708 modo
675 1682 752 1705 non
775 1669 918 1705 iratum
932 1696 942 1711 ‚
975 1666 1037 1704 sed
1058 1665 1177 1703 etiam
1197 1665 1396 1709 amicum,
1428 1663 1499 1702 effe
1521 1663 1659 1701 debere
1678 1664 1691 1700 ?
1723 1676 1826 1716 quo—

436 1751 522 1774 rum
535 1736 652 1787 alter,
680 1735 719 1771 id
741 1734 848 1786 quod
869 1734 1088 1771 meminero
1110 1732 1274 1784 semper,
1307 1745 1415 1784 aeque
1436 1730 1538 1768 mihi
1559 1729 1638 1768 fuit
1659 1730 1828 1774 amicus,

436 1816 477 1839 ac
499 1802 595 1845 fibi,
618 1800 728 1843 alter,
752 1799 791 1836 id
813 1798 920 1850 quod
941 1797 1148 1834 obliviscar
1167 1796 1392 1848 aliquando,
1416 1796 1487 1833 fibi
1507 1796 1684 1840 amicior,
1707 1808 1827 1847 quam

437 1866 553 1906 mihi.
591 1864 746 1903 Deinde
767 1863 843 1902 hoc
864 1864 918 1901 ita
938 1862 983 1899 fit
998 1891 1009 1907 ,
1041 1871 1085 1899 ut
1105 1862 1178 1899 viri
1200 1860 1320 1898 sortes
1336 1890 1346 1906 ‚
1378 1861 1525 1898 etiamfi
1546 1860 1650 1898 ferro
1670 1861 1772 1897 inter
1793 1860 1829 1897 se

437 1932 618 1971 cominus
636 1929 883 1974 decertarint,
903 1927 1151 1966 tamen-illud
1167 1926 1433 1964 contentionis
1450 1926 1588 1963 odium
1604 1925 1718 1963 simul
1735 1938 1828 1962 cum

438 1998 517 2051 ipsa
537 2010 668 2049 pugna
687 1994 880 2047 armisque
901 2003 1061 2046 ponant.
1082 1992 1209 2044 Atqui
1230 2005 1293 2030 me
1309 1991 1376 2029 ille
1392 1991 1510 2028 odiffe
1531 2004 1734 2042 nunquam
1755 2004 1828 2043 po-

440 2066 531 2108 tuit,
563 2077 610 2101 ne
643 2072 729 2101 tum
760 2061 937 2113 quidem,
969 2073 1061 2097 cum
1093 2058 1382 2096 diffidebamus.
1416 2055 1549 2095 Habet
1580 2056 1657 2095 hoc
1688 2057 1828 2101 virtus,

441 2143 558 2182 quam
581 2138 624 2166 tu
646 2142 693 2165 ne
714 2127 760 2165 de
782 2126 880 2164 facie
901 2125 1063 2178 quidem
1085 2124 1210 2169 nosti,
1243 2132 1286 2162 ut
1316 2123 1417 2161 viros
1438 2121 1558 2160 fortes
1579 2122 1724 2175 species
1746 2123 1830 2174 ejus

442 2206 478 2233 et
502 2193 773 2247 pulchritudO,
805 2192 922 2230 etiam
946 2192 985 2229 in
1007 2189 1114 2228 hoste
1136 2189 1271 2242 posita,
1294 2188 1472 2227 delectet.

498 2260 695 2299 XXXIII.
730 2258 927 2311 Equidem
949 2257 1077 2295 dicam
1099 2270 1145 2294 ex
1166 2257 1312 2300 animo,
1332 2255 1462 2292 Patres
1479 2253 1706 2306 conscripti,
1725 2253 1832 2306 quod

443 2328 580 2371 sentio,
606 2335 644 2363 et
665 2324 772 2377 quod
792 2324 902 2362 vobis
925 2322 1174 2361 audientibus
1196 2321 1291 2373 saepe
1307 2322 1389 2373 jam
1411 2320 1508 2358 dixi.
1543 2321 1582 2358 Si
1602 2318 1704 2357 mihi
1725 2325 1829 2357 nun-‘-

443 2408 560 2447 quam
577 2392 725 2430 amicus
744 2393 791 2429 C.
811 2390 934 2429 Caesar
950 2388 1094 2434 fuisset,
1113 2388 1175 2426 sed
1193 2388 1341 2440 semper
1357 2388 1502 2432 iratus;
1527 2387 1553 2425 fi
1569 2387 1832 2439 aspernaretur

443 2459 657 2500 amicitiam
678 2471 804 2497 meam
819 2487 829 2503 ,
862 2456 1013 2509 seseque
1035 2453 1135 2494 mihi
1158 2453 1452 2507 implacabilem
1472 2452 1832 2508 inexpiabilemque
