2076 2860
710 185 851 223 PRO
912 185 958 223 Ρ.
1021 186 1316 225 SEXTIO.
1665 204 1713 241 41

312 281 469 321 Harum
486 295 618 320 rerum
635 290 694 320 tot
710 291 828 335 atque
845 291 1044 320 tantarum
1064 281 1137 319 effe
1159 281 1404 319 defensorem
1425 290 1463 319 et
1483 292 1720 334 patronum‚‘

309 349 445 400 magni
461 348 585 386 animi
600 348 667 394 est,
687 349 822 402 magni
842 348 1011 401 ingenii,
1028 362 1262 401 magnaeque
1283 348 1524 387 constantiae.
1550 350 1714 388 Etenim

307 415 349 453 in
371 423 481 454 tanto
502 415 654 454 civium
675 429 842 454 numero
863 429 1008 468 magna
1028 415 1250 453 multitudo
1270 415 1324 453 est
1347 428 1486 453 eorum
1501 445 1512 461 ,
1545 417 1617 468 qui
1646 427 1713 455 aut

305 491 468 534 propter
487 490 642 521 metum
663 496 805 535 poenae,
828 491 1085 535 peccatorum
1106 481 1268 520 suorum
1289 482 1452 527 conscii,
1475 496 1598 521 novos
1620 497 1710 522 mo-

307 555 370 586 tus
391 548 741 601 conversionesque
762 548 992 601 reipublicae
1021 557 1224 600 quaerant;
1258 557 1324 586 aut
1346 548 1430 600 qui,
1463 558 1625 601 propter
1645 550 1709 588 in-

306 612 424 652 fitum
446 614 645 667 quendam
666 615 791 669 animi
812 614 989 652 furorem
1004 644 1015 660 ,
1048 613 1253 660 discordiis
1283 614 1435 652 civium
1456 628 1499 652 ac
1521 615 1713 656 seditione

303 680 513 732 pascantur
524 701 535 727 ;
559 691 626 720 aut
647 683 733 735 qui,
751 691 912 735 propter
932 681 1251 734 implicationem
1272 680 1328 718 rei
1348 679 1570 727 familiaris,
1594 696 1709 722 com-

303 748 420 785 muni
441 748 627 787 incendio
647 749 806 793 malint,
825 761 946 801 quam
968 747 1050 792 suo,
1068 746 1293 799 deflagrare.
1313 747 1398 799 Qi
1417 761 1513 786 cum
1534 750 1709 788 au&ores

304 812 395 851 sunt
411 822 449 851 et
465 814 584 852 duces
601 814 763 852 suorum
778 814 999 851 studiorum
1015 813 1288 865 vitiorumque
1304 813 1421 859 naetss
1441 815 1483 852 in
1502 815 1711 868 republica

303 879 446 918 fluetus
467 881 692 919 excitantur
710 895 719 918 ε
754 888 798 917 ut
817 878 1067 931 vigilandum
1088 878 1135 923 fit
1155 879 1219 924 iis,
1251 879 1323 932 qui
1347 879 1419 918 fibi
1439 880 1710 933 gubernacula

301 946 435 999 patriae
454 946 784 999 depoposcerunt,
813 945 1130 998 enitendumque
1150 946 1263 984 omni
1283 946 1447 985 scientia
1467 961 1510 986 ac
1531 947 1706 1002 diligen-

300 1012 369 1058 tia,
402 1021 461 1056 ut,
493 1013 729 1051 conservatis
762 1012 841 1058 his,
874 1027 962 1065 quae
994 1026 1068 1065 ego
1100 1012 1219 1065 paulo
1251 1022 1340 1051 ante
1372 1012 1633 1053 fundamenta
1662 1030 1707 1054 ac

299 1078 480 1117 membra
499 1079 572 1117 effe
593 1079 703 1125 dixi,
737 1089 868 1118 tenere
889 1079 1049 1117 cursum
1069 1079 1214 1131 poffint
1231 1109 1242 1124 ‚
1274 1089 1313 1117 et
1334 1093 1471 1133 capere
1492 1082 1565 1119 otii
1586 1082 1706 1122 illum

299 1155 476 1199 portum,
499 1156 538 1184 et
559 1146 780 1200 dignitatis.
805 1147 924 1185 Hanc
945 1160 1018 1198 ego
1039 1146 1160 1191 viam,
1179 1145 1356 1197 Judices‚
1381 1146 1408 1184 fi
1429 1158 1495 1186 aut
1516 1148 1704 1201 asperam,

297 1222 365 1251 aut
385 1212 570 1259 arduam,
602 1223 670 1252 aut
690 1214 851 1267 plenam
871 1213 944 1251 effe
964 1212 1237 1266 periculorum
1252 1242 1263 1258 ,
1293 1221 1360 1250 aut
1380 1213 1609 1252 insidiarum
1633 1229 1703 1254 ne-

297 1293 404 1332 gem,
436 1282 627 1320 mentiar:
652 1281 867 1334 praesertim
888 1294 982 1321 cum
1004 1280 1045 1319 id
1066 1294 1147 1319 non
1168 1279 1289 1319 modo
1311 1280 1579 1320 intellexerim
1601 1282 1704 1322 sem-

297 1360 380 1399 per,
413 1347 477 1385 sed
497 1349 617 1387 etiam
637 1358 777 1402 praeter
797 1358 956 1387 caeteros
979 1348 1178 1387 senserim,

353 1414 528 1453 XLVII.
552 1415 778 1468 Majoribus
795 1415 980 1469 praesidiis
998 1424 1036 1453 et
1052 1415 1177 1468 copiis
1195 1424 1450 1468 oppugnatur
1466 1416 1701 1469 respublica,

296 1493 418 1533 quam
448 1480 699 1528 defenditur,
732 1492 939 1536 propterea
968 1481 1077 1535 quod
1106 1481 1270 1520 audaces
1291 1481 1475 1521 homines
1497 1494 1536 1521 et
1556 1484 1704 1536 perditi

295 1555 398 1585 nutu
418 1548 698 1600 impelluntur,
717 1558 755 1587 et
777 1549 847 1601 ipfi
869 1549 990 1586 etiam
1012 1549 1149 1600 sponte
1166 1548 1232 1586 sua
1252 1558 1389 1586 contra
1409 1550 1703 1601 rempublicam

295 1614 541 1659 incitantur3
574 1614 670 1652 boni
692 1615 822 1652 nescio
844 1614 1047 1665 quomodo
1070 1613 1256 1651 tardiores
1278 1613 1383 1659 sunt,
1406 1624 1459 1660 et,
1490 1615 1701 1669 principiis

295 1692 427 1718 rerum
449 1680 653 1732 neglectis,
686 1680 733 1717 ad
765 1689 990 1718 extremum
1025 1679 1106 1732 ipsa
1135 1680 1307 1732 denique
1337 1681 1557 1720 neceffitate
1587 1684 1700 1721 exci-

294 1754 449 1784 tantur:
469 1746 523 1783 ita
540 1755 583 1783 ut
599 1759 890 1798 nonnunquam
907 1745 1158 1782 cunctatione
1175 1759 1218 1783 ac
1240 1745 1435 1791 tarditate,
1453 1746 1551 1785 dum
1567 1749 1700 1788 otium

293 1812 433 1850 volunt
453 1812 573 1849 etiam
595 1812 673 1849 fine
695 1811 889 1864 dignitate
919 1812 1085 1849 retinere
1101 1841 1110 1856 ,
1145 1812 1214 1863 ipsi
1248 1822 1464 1865 utrumque
1494 1815 1694 1854 amittant.

293 1878 608 1931 propugnatores
630 1888 763 1916 autem
785 1878 1014 1931 reipublicae
1037 1879 1106 1930 qui
1128 1878 1200 1916 effe
1221 1879 1449 1925 voluerunt,
1481 1881 1508 1918 fi
1530 1881 1695 1921 leviores

289 1944 394 1990 sunt,
417 1944 665 1991 desciscunt;
690 1945 716 1983 fi
739 1945 975 1991 timidiores,
999 1945 1162 1984 desunt:
1187 1956 1421 1998 permanent
1441 1947 1503 1985 illi
1524 1947 1611 1994 soli,
1635 1959 1695 1987 at-

289 2025 368 2065 que
388 2012 523 2050 omnia
543 2012 772 2065 reipublic'ae
794 2012 905 2051 causa
925 2011 1130 2065 perferunt
1145 2042 1156 2058 ‚
1189 2013 1259 2065 qui
1290 2013 1381 2051 sunt
1411 2013 1505 2052 tales
1521 2044 1532 2060 ,
1565 2017 1694 2068 qualis

287 2087 397 2131 pater
429 2088 536 2124 tuus,
568 2078 633 2117 M.
659 2079 814 2124 Scaure,
846 2078 940 2124 fuit,
973 2079 1043 2131 qui
1064 2092 1085 2116 a
1115 2079 1164 2117 C.
1190 2078 1375 2118 Graccho
1406 2080 1529 2132 usque
1558 2081 1605 2119 ad
1636 2084 1704 2136 Q

287 2145 457 2183 Varium
477 2145 665 2183 seditiofis
687 2145 876 2184 omnibus
898 2145 1067 2191 restitit3
1101 2159 1222 2198 quem
1254 2147 1364 2184 nulla
1394 2161 1572 2200 unquam
1602 2149 1660 2187 vis
1678 2179 1689 2195 ,

287 2212 406 2250 nullae
426 2212 559 2257 minae,
592 2212 703 2250 nulla
722 2212 884 2258 invidia,
916 2211 1128 2251 labefecit:
1162 2223 1228 2250 aut
1249 2213 1377 2265 qualis
1401 2215 1689 2266 QMetellus,

286 2288 449 2331 patruus
471 2279 606 2317 matriS
630 2288 729 2324 tuae;
760 2280 845 2333 qui,
869 2293 963 2318 cum
985 2280 1192 2318 florentem
1213 2279 1422 2318 hominem
1443 2282 1485 2318 in
1507 2282 1689 2334 populari

286 2346 437 2383 ratione
454 2346 503 2383 L.
519 2346 929 2390 Saturninuchensor
945 2347 1122 2392 notasset,
1140 2361 1315 2400 cumque
1332 2348 1534 2386 insitivum
1559 2350 1686 2387 Grac-

284 2410 410 2449 chum
445 2420 584 2449 contra
616 2412 699 2450 vim
734 2412 1008 2451 multitudinis
1043 2414 1216 2452 incitata:
1249 2414 1366 2452 censu
1399 2413 1684 2467 prohibuiffet‚

283 2491 459 2530 cumque
493 2477 535 2515 in
570 2491 656 2516 eam
688 2479 844 2531 legem,
876 2493 998 2532 quarn
1030 2493 1109 2518 non
1136 2481 1227 2532 jure
1259 2490 1436 2532 rogatam
1462 2480 1684 2532 judicarat,

366 2545 510 2583 TOM.
546 2544 618 2584 VI.
1346 2547 1378 2583 F
