2076 2860
841 161 1074 219 [263]

861 361 1063 398 PRO

347 573 700 632 REGE
833 571 1579 651 DEJoTARO

577 788 685 827 AD
764 788 814 826 C.
891 787 1345 828 CAESAREM

666 993 1020 1032 ORATIO
1099 994 1253 1034 XLII.

259 1189 293 1227 Ι.
429 1189 468 1226 U
485 1188 535 1226 M
566 1187 607 1226 in
628 1187 816 1226 omnibus
837 1187 958 1226 caufis
979 1187 1225 1240 gravioribus
1241 1218 1252 1234 ‚
1286 1189 1336 1228 C.
1362 1190 1487 1228 Caesar
1501 1220 1511 1236 ‚
1544 1191 1661 1232 initio

443 1254 602 1292 dicendi
622 1256 866 1293 commoveri
887 1255 1031 1293 soleam
1053 1254 1342 1302 vehementius,
1365 1271 1485 1310 quam
1506 1259 1662 1298 videtur

259 1321 321 1361 vel
338 1321 427 1360 usus
449 1321 510 1360 vel
527 1331 615 1360 aetas
637 1335 723 1360 mea
738 1321 956 1375 postulare;
980 1331 1070 1361 tum
1086 1323 1128 1360 in
1148 1322 1221 1361 hac
1243 1324 1355 1362 causa
1375 1325 1429 1363 ita
1449 1340 1513 1365 me
1534 1327 1661 1365 multa

258 1389 506 1442 perturbant,
539 1398 597 1434 ut,
630 1398 826 1442 quantum
847 1403 932 1427 mea
953 1389 1047 1428 fides
1071 1389 1188 1428 studii
1209 1390 1311 1429 mihi
1332 1391 1467 1431 afferat
1488 1393 1535 1431 ad
1556 1394 1659 1433 salu-

257 1465 341 1496 tem
361 1457 462 1510 regis
485 1456 665 1508 Dejotari
685 1456 971 1495 defendendam
986 1487 997 1503 ‚
1030 1466 1186 1496 tantum
1214 1457 1413 1498 facultatis
1442 1460 1563 1498 timor
1590 1461 1659 1499 de-

256 1522 401 1562 trahat.
425 1523 608 1561 Primum
629 1523 718 1561 dico
740 1537 810 1575 pro
832 1524 959 1575 capite
979 1523 1227 1575 fortunisque
1249 1526 1376 1577 regis:
1400 1526 1508 1577 quod
1529 1527 1660 1579 ipsum

257 1590 327 1629 etfi
347 1603 429 1628 non
449 1589 636 1642 iniquum
656 1589 709 1627 est
724 1619 735 1634 ,
768 1591 808 1627 in
831 1600 899 1628 tuo
921 1589 1111 1628 duntaxat
1131 1591 1338 1642 periculo;
1374 1600 1502 1630 tamen
1526 1592 1578 1630 est
1606 1594 1661 1632 ita

257 1655 489 1694 inufitatum
505 1685 517 1701 ,
549 1669 681 1708 regem
702 1656 841 1709 capitis
863 1670 975 1694 reum
996 1656 1068 1695 effe
1083 1687 1094 1702 ,
1126 1665 1171 1694 ut
1191 1666 1280 1694 ante
1301 1656 1378 1695 hoc
1400 1666 1556 1712 tempus
1579 1673 1658 1698 non

258 1723 305 1761 fit
324 1723 520 1762 auditum.
564 1723 720 1761 Deinde
749 1738 841 1761 eum
870 1737 1028 1776 regem,
1062 1737 1182 1777 quem
1212 1738 1348 1762 ornare
1377 1733 1489 1763 antea
1515 1729 1659 1765 cuncto

258 1803 354 1829 cum
374 1789 507 1828 senatu
528 1789 699 1828 solebam
715 1819 725 1835 ,
758 1803 829 1842 pro
849 1790 1049 1842 perpetuis
1071 1791 1154 1842 ejus
1182 1790 1223 1827 in
1245 1790 1415 1828 nostram
1435 1792 1657 1844 rempubli-

257 1869 345 1894 cam
366 1855 545 1900 meritis‚
577 1869 684 1893 nunc
715 1865 852 1893 contra
878 1856 1163 1894 atrociffimum
1193 1857 1343 1895 crimen
1374 1871 1495 1910 cogor
1519 1857 1657 1897 defen-

257 1921 361 1962 dere.
394 1921 578 1967 Accedit,
608 1931 652 1960 ut
673 1922 943 1960 accusatorum
963 1922 1123 1960 alterius
1145 1922 1391 1969 crudelitate,
1413 1924 1572 1963 alterius
1594 1926 1657 1964 in-

257 1989 465 2042 dignitate,
489 1989 716 2027 conturber.
751 1989 934 2027 Crudelis
957 1989 1092 2027 Castor
1112 1989 1179 2035 est,
1208 2003 1258 2028 ne
1277 1990 1408 2029 dicam
1428 1991 1659 2031 sceleratum

258 2065 298 2093 et
324 2056 512 2109 impium,
546 2056 615 2107 qui
644 2069 764 2108 nepos
796 2069 914 2093 avum
947 2056 988 2093 in
1021 2055 1231 2095 discrimen
1263 2058 1403 2111 capitis
1436 2058 1657 2105 adduxerit,

257 2121 606 2173 adolescentiaeque
639 2122 713 2160 suae
746 2131 934 2160 terrorem
966 2123 1147 2162 intulerit
1179 2124 1241 2169 ei,
1273 2125 1386 2177 cujus
1419 2125 1658 2164 senectutem

260 2188 361 2225 tueri
389 2197 428 2225 et
455 2197 584 2239 tegere
605 2187 799 2234 debebat;
833 2189 1301 2243 commendationemque
1327 2191 1502 2230 ineuntis
1535 2193 1657 2231 aetatis

259 2252 307 2289 ab
338 2253 541 2305 impietate
571 2262 610 2290 et
639 2253 779 2292 scelere
810 2254 996 2302 duxerit3
1028 2256 1089 2295 avi
1110 2256 1279 2303 servum,
1302 2267 1535 2310 corruptum
1556 2272 1657 2311 prae-

258 2319 367 2362 miis,
385 2318 432 2356 ad
451 2319 712 2358 accusandum
734 2320 944 2360 dominum
964 2322 1186 2376 impulerit,
1203 2333 1242 2361 et
1262 2337 1283 2361 a
1302 2323 1522 2376 legatorum
1544 2324 1657 2376 pedi·

261 2385 334 2423 bus
355 2384 576 2424 abduxerit.
611 2387 788 2440 Fugitivi
809 2398 941 2427 autem
962 2389 1173 2428 dominum
1194 2390 1435 2436 accusantis,
1466 2400 1505 2428 et
1525 2390 1656 2428 domi-

261 2465 358 2490 num
385 2451 599 2497 absentem,
632 2462 669 2491 et
697 2454 906 2495 dominum
938 2456 1216 2495 amiciffimum
1249 2456 1385 2496 nostrae
1414 2456 1655 2508 reipublicae‚
