2076 2860
1096 150 1326 203 [290]

558 527 1864 617 M.'ANTON1UM

854 772 1428 812 PHILIPPICA
1501 773 1566 811 II.

515 983 551 1024 I.
695 984 734 1021 U
753 984 789 1021 O
808 983 848 1022 N
867 983 903 1021 A
922 983 970 1021 M
1000 997 1089 1021 meo
1115 982 1212 1030 fato,
1246 984 1376 1021 Patres
1402 981 1630 1035 conscripti,
1663 981 1746 1020 fieri
1767 981 1911 1027 dicam,

709 1058 753 1088 ut
774 1062 891 1087 nemo
911 1047 974 1087 his
995 1050 1106 1087 annis
1128 1049 1272 1101 viginti
1293 1048 1521 1102 reipublicae
1541 1047 1662 1086 hostis
1683 1046 1818 1092 fuerit,
1842 1045 1914 1099 qui

515 1129 596 1154 non
618 1114 772 1153 bellum
792 1114 930 1153 eodem
951 1123 1128 1167 tempore
1149 1113 1250 1153 mihi
1272 1128 1431 1167 quoque
1453 1113 1639 1152 indixerit
1659 1113 1671 1151 ?
1704 1113 1791 1152 Nec
1820 1125 1912 1151 vero

515 1181 663 1220 necesse
683 1180 737 1218 est
756 1194 777 1218 a
796 1193 860 1219 me
880 1193 1122 1232 quemquam
1143 1180 1339 1218 nominari
1361 1179 1494 1224 vobis,
1526 1193 1619 1217 cum
1640 1179 1710 1232 ipfi
1731 1178 1911 1217 recorda-

517 1247 633 1287 mini.
666 1245 777 1284 Mihi
798 1259 1003 1299 poenarum
1025 1246 1086 1284 illi
1107 1246 1211 1298 plus,
1244 1260 1363 1298 quam
1384 1255 1576 1298 optarem,
1608 1244 1814 1283 dederunt.
1851 1245 1914 1282 Te

516 1314 654 1358 miror,
686 1313 855 1358 Antoni,
887 1325 1059 1365 quorum
1081 1311 1179 1350 facta
1200 1312 1369 1357 imitere,
1401 1325 1538 1349 eorum
1558 1312 1687 1349 exitus
1715 1324 1795 1349 non
1822 1323 1913 1362 per-

513 1379 752 1418 horrescere.
784 1380 920 1431 Atque
941 1377 1018 1416 hoc
1039 1378 1080 1415 in
1102 1378 1188 1417 aliis
1209 1378 1341 1416 minus
1364 1378 1547 1416 mirabar.
1594 1378 1728 1416 Nemo
1750 1376 1914 1414 illorum

517 1445 706 1483 inimicus
728 1444 830 1483 mihi
850 1444 929 1483 fuit
949 1444 1193 1483 voluntarius
1211 1462 1222 1489 ;
1254 1457 1392 1482 omnes
1414 1457 1434 1482 a
1454 1457 1517 1481 me
1547 1442 1775 1496 reipublicae
1803 1441 1930 1480 causa.

517 1512 693 1551 lacessiti.
730 1513 813 1557 Tu,
846 1525 893 1550 ne
914 1511 1033 1549 verbo
1054 1510 1216 1563 quidem
1236 1511 1420 1556 violatus,
1453 1519 1497 1548 ut
1517 1509 1700 1548 audacior
1718 1522 1840 1562 quam
1862 1509 1913 1547 L.

519 1579 707 1624 Catilina,
739 1577 920 1616 furiofior
940 1592 1061 1631 quam
1082 1579 1127 1617 P.
1153 1577 1335 1622 Clodius,
1362 1577 1549 1622 viderere,
1572 1576 1678 1615 ultro
1698 1574 1915 1614 maledietis

519 1659 583 1684 me
609 1644 812 1689 laceffisti;
845 1653 1033 1698 tuamque
1062 1658 1083 1682 a
1112 1658 1176 1682 me
1202 1644 1495 1689 alienationem,
1528 1641 1917 1682 commendationem

520 1712 595 1750 tibi
615 1710 663 1749 ad
683 1710 828 1763 impios
850 1711 953 1749 cives
975 1710 1059 1749 fore
1079 1710 1279 1763 putavisti.

576 1776 688 1827 Qid
709 1778 878 1829 putem?
911 1786 1240 1828 contemptumne
1265 1777 1361 1814 me?
1393 1790 1473 1813 non
1500 1774 1615 1813 video
1642 1788 1714 1812 nec
1742 1774 1782 1812 in
1810 1773 1917 1820 vita,

521 1857 592 1881 nec
613 1843 654 1884 in
676 1843 798 1894 gratia
813 1871 823 1887 ‚
856 1856 927 1880 nec
948 1843 989 1879 in
1011 1843 1126 1880 rebus
1147 1842 1261 1894 gestis
1277 1871 1288 1887 ‚
1321 1855 1392 1879 nec
1422 1842 1463 1878 in
1494 1841 1567 1878 hac
1597 1855 1684 1878 mea
1703 1840 1917 1879 mediocri-

522 1917 600 1947 tate
619 1908 796 1960 ingenii,
828 1907 926 1960 quid
947 1907 1142 1960 despicere
1162 1907 1276 1959 poffit
1297 1907 1514 1944 Antonius.
1552 1907 1617 1943 An
1639 1906 1680 1942 in
1702 1906 1834 1943 senatu
1856 1904 1918 1943 fa-

522 1975 674 2013 cillime
695 1973 742 2011 de
772 1987 836 2011 me
857 1972 1008 2011 detrahi
1029 1973 1132 2026 poffe
1152 1973 1351 2011 credidit?
1384 1973 1454 2025 qui
1484 1971 1579 2010 ordo
1609 1971 1827 2010 clariffimis
1857 1971 1918 2009 ci-

522 2041 637 2079 vibus
673 2039 772 2077 bene
805 2039 917 2091 gestae
953 2039 1180 2093 reipublicae
1216 2039 1487 2077 testimonium
1518 2038 1656 2076 multis
1672 2067 1683 2083 ,
1715 2036 1817 2075 mihi
1849 2037 1920 2075 uni

522 2107 768 2150 conservatae,
790 2105 897 2143 dedit
917 2107 929 2143 ?
952 2107 1016 2144 An
1039 2106 1232 2143 decertare
1253 2119 1412 2144 mecum
1433 2105 1561 2142 voluit
1581 2104 1835 2142 contentione
1856 2103 1919 2141 di-

524 2172 637 2211 cendi
657 2173 670 2209 ?
701 2170 777 2209 hoc
800 2171 962 2223 quidem
984 2171 1223 2209 beneficium
1243 2171 1323 2210 est:
1357 2171 1455 2224 quid
1479 2172 1587 2208 enim
1608 2170 1763 2223 plenius
1779 2199 1790 2216 ‚
1822 2168 1921 2222 quid

525 2239 698 2283 uberius,
731 2251 850 2290 quam
872 2237 973 2276 mihi
994 2247 1033 2276 et
1054 2252 1125 2291 pro
1146 2252 1230 2283 me,
1262 2247 1301 2276 et
1322 2247 1459 2275 contra
1479 2237 1725 2282 Antonium,
1757 2236 1886 2274 dicere
1904 2236 1919 2275 ?

525 2305 632 2344 Illud
652 2303 828 2357 profecto
848 2304 923 2342 est:
957 2318 1036 2342 non
1057 2304 1307 2349 existimavit,
1331 2304 1388 2342 sui
1409 2304 1603 2342 similibus
1625 2303 1780 2356 probari
1801 2302 1920 2355 poffe,

526 2372 561 2409 se
582 2371 652 2409 effe
673 2369 823 2408 hostem
846 2372 992 2423 patriae,
1016 2371 1085 2408 nisi
1107 2369 1209 2408 mihi
1230 2370 1320 2408 effet
1342 2370 1545 2408 inimicus.
1571 2370 1650 2408 Cui
1670 2370 1778 2422 prius
1800 2380 1920 2421 quam

525 2439 573 2477 de
607 2437 756 2477 caeteris
792 2437 906 2478 rebus
938 2437 1167 2491 respondeo,
1198 2437 1245 2477 de
1279 2437 1466 2481 amicitia,
1499 2450 1620 2491 quam
1650 2450 1671 2476 a
1699 2449 1764 2475 me
1793 2434 1919 2475 viola-
