2076 2860
386 204 436 241 86
866 193 1308 234 ORATIO

388 296 766 350 intemperantiaque
797 289 985 328 disseruit.
1028 285 1139 338 Qid
1172 284 1362 338 quaeritis,
1384 282 1570 334 Judices?
1602 281 1782 334 ignosce-

387 366 479 403 bam
512 364 623 401 vobis
658 367 804 398 attente
836 354 1104 398 audientibus,
1134 360 1339 405 propterea
1371 349 1478 402 quod
1511 358 1669 401 egomet
1703 358 1784 387 tam

391 430 495 468 triste
516 427 630 471 illud,
662 435 700 463 et
722 434 802 461 tam
822 421 1015 474 asperum,
1038 431 1161 472 genus
1183 416 1370 455 orationis
1392 414 1616 453 horrebam.

445 498 505 533 Ac
527 495 652 546 prima
672 503 757 543 pars
780 487 858 525 fuit
878 487 960 531 illa,
992 499 1078 537 quae
1100 497 1162 522 me
1183 483 1316 521 minus
1337 481 1535 525 movebat,
1567 479 1679 518 fuiffe
1695 493 1784 518 meo

390 560 595 599 neceffario
612 556 745 595 Bestiae
768 553 938 592 Caelium
959 551 1194 589 familiarem
1211 569 1222 594 ;
1255 547 1417 586 coenaffe
1437 547 1541 600 apud
1560 560 1666 591 eum,
1689 560 1785 584 ven-

391 626 512 665 titasse
533 626 712 667 domum,
736 618 916 659 studuiffe
943 626 1133 670 praeturae.
1166 616 1262 654 Non
1293 628 1356 652 me
1388 613 1471 652 haec
1492 622 1669 658 movent,
1701 625 1788 664 quae

390 693 591 747 perspicue
610 689 703 728 falsa
724 687 812 725 sunt
830 701 838 723 :
872 685 1019 723 etenim
1040 696 1104 720 eos
1126 695 1202 719 una
1221 680 1384 719 coenasse
1405 679 1516 725 dicit,
1539 680 1607 732 qui
1629 688 1696 716 aut
1716 678 1786 716 ab-

392 760 495 803 sunt,
526 766 592 795 aut
613 755 755 808 quibus
778 750 922 790 neceffe
942 750 995 788 est
1016 749 1121 786 idem
1142 747 1285 785 dicere.

450 825 591 876 Neque
611 834 700 859 vero
722 817 822 856 illud
844 831 906 855 me
937 823 1178 858 commovet,
1209 811 1316 864 quod
1336 811 1407 849 fibi
1428 811 1469 848 in
1500 810 1691 863 Lupercis
1727 809 1788 848 so-

394 891 521 928 dalem
542 889 613 927 esse
635 886 805 925 Caelium
826 883 943 921 dixit.
976 882 1074 920 Fera
1093 878 1271 932 quaedam
1292 877 1487 922 sodalitas,
1509 886 1548 914 et
1568 877 1683 929 plane
1703 875 1791 929 pas-

394 957 526 995 toritia
547 965 663 1006 atque
684 951 855 1004 agrestis,
870 960 1148 1001 germanorum
1164 946 1436 997 Lupercorum
1450 962 1462 988 3
1485 956 1658 995 quorum
1671 942 1793 980 coitio

396 1024 464 1061 illa
484 1020 660 1060 silvestris
682 1027 770 1056 ante
790 1016 843 1054 est
864 1015 1055 1058 instituta,
1079 1026 1198 1064 quam
1218 1010 1442 1048 humanitas
1464 1017 1581 1061 atque
1602 1009 1732 1060 leges:
1766 1008 1792 1046 fi

396 1088 559 1142 quidem
581 1100 659 1124 non
681 1083 800 1122 modo
831 1081 993 1119 nomina
1022 1078 1203 1117 deferunt
1225 1077 1326 1114 inter
1347 1075 1382 1113 se
1403 1075 1564 1119 sodales,
1591 1074 1655 1112 sed
1674 1074 1793 1112 etiam

397 1160 711 1194 commemorant
732 1149 973 1188 sodalitatem
998 1147 1038 1184 in
1059 1143 1288 1189 accusandO,
1323 1152 1367 1181 ut
1388 1156 1450 1187 ne,
1474 1142 1499 1179 fi
1521 1142 1610 1194 quis
1632 1141 1672 1179 id
1692 1140 1795 1179 forte

398 1222 557 1265 nesciat,
580 1221 718 1257 timere
738 1215 927 1253 videatur.

456 1282 529 1320 Sed
550 1281 632 1319 haec
653 1279 836 1317 omittam
853 1292 861 1314 :
893 1275 940 1313 ad
960 1274 1042 1318 illa,
1058 1287 1144 1325 quae
1165 1286 1228 1310 me
1249 1271 1373 1323 magis
1390 1278 1614 1314 moverunt,
1633 1268 1795 1322 respon-

400 1348 515 1386 debo.
550 1346 795 1385 Deliciarum
816 1340 1039 1394 objurgatio
1060 1338 1138 1376 fuit
1158 1338 1290 1389 longa,
1321 1345 1360 1374 et
1381 1350 1423 1374 ea
1442 1336 1569 1373 lenior
1587 1350 1596 1373 z
1631 1333 1798 1387 plusque

402 1412 676 1466 disputationis
694 1409 848 1453 habuit,
878 1420 998 1460 quam
1013 1404 1228 1443 atrocitatis
1243 1418 1251 1441 :
1285 1416 1365 1455 quo
1378 1402 1497 1440 etiam
1522 1400 1653 1451 audita
1667 1400 1721 1438 est
1736 1409 1798 1438 at—

402 1480 563 1518 tentius.
587 1478 695 1516 Nam
711 1476 755 1513 P.
773 1473 954 1517 Clodius,
970 1472 1120 1510 amicus
1134 1482 1260 1514 meus,
1279 1481 1372 1506 cum
1388 1467 1424 1505 se
1445 1467 1663 1519 graviffime
1678 1465 1798 1504 vehe-

402 1544 715 1594 mentiffimeque
729 1542 904 1593 jactaret,
929 1547 967 1576 et
988 1537 1121 1575 omnia
1140 1535 1407 1575 inflammatus
1428 1542 1558 1586 ageret
1579 1532 1800 1570 tristissimis

401 1611 545 1655 verbis,
568 1622 663 1646 voce
684 1607 880 1650 maxima;
913 1603 1063 1642 tametfi
1084 1602 1299 1654 probabam
1320 1602 1402 1652 ejus
1424 1600 1707 1652 eloquentiam,
1741 1607 1802 1636 ta-

403 1691 494 1715 men
517 1690 595 1714 non
617 1671 965 1727 pertimescebam:
998 1669 1150 1720 aliquot
1169 1667 1278 1705 enim
1298 1666 1340 1704 in
1361 1665 1481 1704 caufis
1512 1678 1604 1702 eum
1628 1663 1801 1702 videram

404 1743 543 1782 frustra
562 1742 801 1792 litigantem.
825 1737 925 1775 Tibi
944 1745 1090 1778 autem,
1107 1734 1242 1778 Balbe,
1260 1732 1502 1785 respondebo
1518 1732 1695 1784 primum
1711 1744 1801 1784 pre-

406 1810 524 1852 cario,
548 1807 573 1844 si
596 1807 703 1849 licet,
728 1805 752 1841 s1
774 1802 830 1840 fas
852 1801 920 1845 est,
950 1799 1107 1837 defendi
1128 1812 1148 1836 a
1168 1812 1231 1836 me
1251 1811 1358 1842 eum,
1392 1799 1461 1848 qui
1483 1797 1642 1834 nullum
1662 1796 1801 1834 convi-

406 1875 516 1912 vium
539 1871 724 1914 renuerit,
748 1869 815 1920 qui
839 1874 1039 1919 unguenta
1059 1863 1279 1916 sumpserit,
1301 1863 1370 1914 qui
1392 1862 1501 1899 Baias
1523 1861 1678 1899 viderit.

466 1939 561 1977 XII.
586 1935 785 1988 Equidem
807 1933 954 1971 multos
975 1940 1017 1969 et
1034 1930 1115 1968 vidi
1136 1930 1177 1967 in
1198 1928 1271 1966 hac
1292 1928 1464 1971 civitate,
1496 1936 1534 1964 et
1555 1926 1700 1972 audivi,
1724 1940 1804 1964 non

411 2004 528 2044 modo
550 2003 617 2055 qui
640 1999 880 2054 primoribus
902 1997 1019 2035 labris
1040 1994 1247 2048 gustassent
1263 2006 1386 2046 genus
1402 1992 1479 2030 hoc
1496 1992 1599 2037 vitae,
1615 2001 1653 2030 et
1674 2001 1805 2030 extre-⁴

412 2072 502 2115 mis,
526 2078 568 2106 ut
590 2068 750 2111 dicitur,
774 2065 909 2117 digitis
931 2062 1158 2115 attigiffent,
1186 2060 1249 2098 sed
1269 2060 1338 2111 qui
1361 2068 1484 2097 totam
1504 2058 1806 2097 adolescentiam

411 2134 681 2188 voluptatibus
717 2130 919 2174 dediffent,
950 2128 1136 2166 emerfiffe
1164 2125 1389 2178 aliquando,
1425 2133 1464 2162 et
1498 2124 1535 2162 se
1567 2124 1615 2162 ad
1648 2123 1806 2176 frugem

413 2205 572 2246 bonam,
603 2210 645 2237 ut
667 2199 827 2242 dicitur,
851 2194 1045 2247 recepiffe,
1068 2193 1277 2246 gravesque
1298 2191 1480 2230 homines
1501 2200 1618 2244 atque
1638 2191 1806 2229 illustres

414 2267 539 2306 fuisse.
602 2266 729 2302 Datur
750 2263 856 2300 enim
889 2259 1068 2299 concessu
1090 2258 1272 2297 omnium
1294 2257 1388 2295 huic
1410 2257 1551 2308 aliquis
1572 2255 1688 2294 ludus
1714 2266 1807 2295 aeta-

414 2335 461 2380 ti,
483 2343 520 2372 et
542 2331 621 2385 ipsa
642 2340 776 2368 natura
797 2327 1003 2381 profundit
1023 2325 1290 2364 adolescentiae
1310 2324 1567 2377 cupiditates:
1602 2336 1688 2375 quae
1709 2323 1735 2361 fi
1756 2324 1810 2361 ita

414 2406 644 2452 erumpunt,
678 2406 720 2434 ut
740 2395 890 2434 nullius
911 2395 1032 2432 vitam
1053 2391 1301 2436 labefaetent‚
1334 2390 1482 2428 nullius
1514 2390 1678 2428 domum
1699 2403 1809 2428 ever-

416 2476 514 2512 tant,
546 2463 680 2503 faciles
702 2471 740 2500 et
762 2461 983 2501 tolerabiles
1004 2458 1138 2498 haberi
1161 2457 1300 2497 solent.
1343 2456 1416 2496 Sed
1438 2465 1480 2495 tu
1509 2455 1611 2495 mihi
1631 2455 1809 2495 videbare
