2076 2860
407 210 484 261 236
887 204 1331 243 ORATIO

406 308 616 360 pecuniam
639 306 812 345 Gabinio
834 304 978 342 datam.
1009 303 1267 342 Recitabatur
1286 303 1505 342 identidem
1526 303 1708 357 Pompeii
1729 304 1806 342 tes-

407 373 638 417 timonium,
671 384 802 423 regem
830 370 876 407 ad
904 370 940 408 se
968 370 1165 423 scripsisse,
1197 371 1349 408 nullam
1377 371 1587 423 pecuniam
1613 370 1805 415 Gabinio,

407 439 477 477 nisi
500 440 539 476 in
564 452 644 476 rem
665 437 894 482 militarem,
927 436 1071 475 datam.
1117 437 1214 475 Non
1234 436 1301 483 est,
1333 437 1481 489 inquit,
1514 446 1602 474 tum
1629 436 1805 474 Alexan-

406 505 529 542 drinis
566 504 726 542 testibus
762 502 973 541 creditum.
1014 502 1156 554 Qid?
1189 502 1319 555 postea
1352 502 1564 541 credetur?
1597 502 1804 541 credetur.

406 570 679 623 Qamobrem
699 570 711 606 ?
744 569 851 620 Qia
871 581 977 606 nunc
999 567 1124 613 aiunt,
1156 567 1263 621 quod
1285 577 1381 606 tunc
1402 568 1612 620 negabant.

461 635 571 687 Qid
599 635 723 687 ergo?
756 633 823 672 ista
851 634 1029 672 conditio
1056 633 1110 671 est
1137 633 1312 678 testium,
1344 643 1402 678 ut,
1434 634 1580 686 quibus
1608 633 1807 671 creditum

406 715 485 740 non
508 702 553 740 fit
574 700 833 753 negantibus,
866 700 1003 738 iisdem
1025 698 1205 737 credatur
1225 699 1450 737 dicentibus
1470 701 1482 737 ?
1515 701 1591 744 At,
1623 700 1648 737 fi
1671 712 1808 737 verum

405 779 493 807 tum
515 782 608 806 cum
629 767 820 805 veriffima
840 765 970 803 fronte
991 766 1202 810 dixerunt;
1227 779 1333 803 nunc
1353 765 1616 804 mentiuntur.
1651 765 1691 803 Si
1712 774 1808 803 tunc

406 835 566 872 mentiti
588 834 701 877 sunt;
726 833 891 870 doceant
914 846 983 870 nos
1006 845 1155 870 verum.
1180 831 1291 883 Qid
1313 831 1462 869 vultis?
1486 830 1634 870 fileant.
1664 830 1809 869 Dicere

406 901 660 939 audiebamus
697 899 1007 944 Alexandriam,
1040 912 1146 936 nunc
1177 897 1468 950 cognoscimus.
1521 898 1641 936 Illinc
1670 911 1808 937 omnes

405 954 632 1021 praestigiae:
664 966 793 1011 illine,
826 958 1004 1017 inquam,
1036 977 1172 1002 omnes
1194 963 1383 1003 fallaciae:
1415 965 1550 1002 omnia
1569 964 1740 1018 denique
1759 964 1809 1002 ab

405 1033 468 1072 his
490 1034 706 1071 mimorum
735 1041 965 1084 argumenta
994 1040 1082 1069 nata
1111 1030 1215 1069 sunt.
1249 1031 1336 1069 Nec
1366 1029 1469 1068 mihi
1498 1030 1657 1083 longius
1686 1030 1807 1084 quid-

406 1114 526 1154 quam
547 1099 615 1144 est,
647 1099 823 1151 Judices,
855 1112 974 1151 quam
999 1097 1128 1136 videre
1148 1096 1362 1135 hominum
1384 1097 1533 1136 vultus.

462 1167 581 1205 XIII.
615 1166 815 1204 Dixerunt
835 1164 902 1202 hic
919 1164 1038 1202 modo
1056 1163 1263 1201 nobiscum
1280 1163 1327 1201 ad
1347 1163 1430 1202 haec
1448 1163 1642 1210 subsellia,
1660 1163 1807 1216 quibus

406 1232 624 1285 superciliis
647 1242 852 1269 renuentes
874 1230 969 1269 huic
991 1230 1127 1268 decem
1148 1230 1325 1268 millium
1347 1230 1506 1268 crimini
1525 1231 1538 1268 ?
1571 1231 1660 1281 Jam
1686 1229 1807 1268 nostis

406 1299 662 1337 insulsitatem
685 1299 932 1336 Graecorum.
963 1297 1154 1335 Humeris
1176 1296 1328 1348 gestum
1349 1296 1529 1348 agebant.
1553 1298 1678 1340 Tum,
1703 1305 1807 1333 tem-

406 1365 527 1418 poris,
546 1364 676 1408 credo,
693 1363 823 1400 causa:
849 1377 953 1400 nunc
977 1362 1127 1400 scilicet
1148 1371 1303 1414 tempus
1321 1362 1478 1399 nullum
1496 1361 1562 1399 est.
1583 1361 1667 1399 Ubi
1688 1361 1807 1400 semel

406 1431 494 1484 quis
516 1430 766 1484 pejeraverit,
798 1429 833 1466 ei
864 1428 969 1466 credi
999 1428 1151 1481 postea,
1182 1429 1301 1465 etiam
1323 1428 1349 1465 fi
1370 1441 1438 1480 per
1458 1427 1588 1480 plures
1612 1427 1718 1465 Deos
1734 1428 1807 1480 ju-

406 1507 485 1542 ret,
519 1510 596 1535 non
619 1504 772 1548 oportet
792 1510 800 1533 ε
834 1494 1070 1548 praesertim,
1102 1494 1284 1545 Judices,
1317 1507 1410 1531 cum
1431 1494 1472 1530 in
1494 1492 1555 1531 his
1571 1493 1735 1545 judiciis
1757 1507 1806 1531 ne

404 1563 514 1601 locus
536 1562 698 1615 quidem
728 1575 831 1604 novo
862 1560 946 1599 testi
974 1560 1092 1598 soleat
1119 1559 1219 1604 effe,
1252 1560 1303 1597 ob
1325 1573 1488 1611 eamque
1509 1558 1662 1597 causam
1683 1559 1806 1597 iidem

400 1629 553 1682 judices
575 1629 830 1672 retineantur,
860 1627 930 1680 qui
950 1626 1100 1665 fuerint
1121 1626 1168 1664 de
1188 1639 1267 1671 re0,
1300 1634 1344 1664 ut
1364 1624 1427 1664 his
1449 1634 1541 1664 nota
1561 1625 1634 1664 s1nt
1655 1625 1805 1672 omnia,

404 1710 530 1748 neque
551 1695 648 1748 quid
670 1694 768 1747 fingi
789 1695 881 1732 novi
902 1693 1032 1747 poffit.

459 1763 569 1800 Lites
585 1791 596 1806 ,
628 1762 705 1812 Qo
723 1775 764 1798 ea
779 1760 931 1812 pecunia
942 1759 1155 1812 pervenerit
1169 1789 1180 1805 ,
1213 1773 1293 1797 non
1321 1759 1398 1797 suis
1427 1759 1595 1812 propriis
1612 1759 1776 1811 judiciis
1792 1789 1804 1806 ,

404 1828 467 1865 sed
488 1829 529 1864 in
546 1840 663 1875 ¹reum
683 1825 809 1869 factis,
833 1824 1088 1862 condemnari
1109 1824 1248 1861 solent.
1275 1825 1427 1875 Itaque,
1446 1825 1471 1862 fi
1488 1835 1554 1862 aut
1570 1825 1716 1877 praedes
1735 1824 1804 1862 de·-

404 1893 515 1932 disset
536 1891 749 1935 Gabinius,
780 1899 846 1927 aut
868 1899 1023 1927 tantum
1045 1903 1091 1926 ex
1119 1889 1203 1940 ejus
1233 1889 1362 1934 bonis,
1394 1899 1540 1941 quanta
1569 1890 1722 1928 summa
1751 1890 1803 1927 li-

405 1960 506 1997 tium
528 1955 673 2001 fuiffet,
695 1955 866 2008 populus
888 1948 1114 2007 recepiffet;
1138 1954 1318 2005 quamvis
1341 1967 1482 2006 magna
1501 1954 1548 1992 ad
1570 1954 1804 1993 Postumum

403 2025 450 2062 ab
471 2038 516 2061 eo
537 2022 704 2076 pecunia
724 2019 976 2074 pervenisset,
1010 2033 1088 2057 non
1110 2019 1350 2071 redigeretur
1369 2035 1376 2057 :
1411 2029 1454 2058 ut
1485 2019 1657 2072 intelligi
1688 2019 1805 2058 facile

404 2089 542 2143 poffit,
574 2087 681 2141 quod
711 2100 758 2124 ex
788 2100 831 2124 ea
860 2086 1048 2139 pecunia,
1081 2098 1200 2137 quam
1230 2086 1377 2137 ceperit
1408 2086 1463 2130 is,
1496 2086 1565 2137 qui
1596 2086 1803 2124 damnatus

402 2156 470 2201 est,
503 2152 712 2207 pervenisse
739 2153 780 2190 in
806 2152 877 2190 illo
898 2153 1028 2204 primo
1043 2151 1198 2203 judicio
1219 2152 1383 2204 planum
1404 2151 1552 2190 factum
1574 2152 1633 2197 fit,
1666 2152 1706 2190 id
1727 2151 1803 2191 hoc

402 2235 540 2275 genere
565 2220 710 2274 judicii
740 2219 865 2271 redigi
894 2219 1028 2257 solere.
1063 2219 1185 2257 Nunc
1206 2232 1296 2257 vero
1317 2218 1414 2271 quid
1434 2219 1595 2271 agitur?
1628 2219 1698 2257 ubi
1721 2229 1801 2258 ter-

403 2301 532 2326 rarum
554 2286 686 2324 sumus
704 2286 717 2323 ?
740 2284 836 2338 quid
855 2293 935 2322 tam
957 2284 1141 2329 insolens,
1160 2294 1240 2322 tam
1257 2285 1480 2337 perversum
1501 2284 1802 2338 praeposterum-

403 2368 447 2393 ve
462 2384 473 2400 ‚
506 2354 586 2392 dici
610 2361 676 2390 aut
697 2351 912 2404 excogitari
933 2350 1058 2403 potest
1077 2351 1089 2387 ?
1122 2350 1340 2388 Accusatur
1361 2351 1393 2389 is
1408 2381 1419 2396 ,
1452 2352 1522 2404 qui
1543 2365 1621 2389 non
1643 2351 1803 2390 abstulit

401 2436 421 2458 a
448 2433 552 2473 rege,
583 2419 681 2458 slcut
709 2418 905 2456 Gabinius
931 2417 1132 2469 judicatus
1163 2416 1243 2462 est;
1277 2417 1339 2455 sed
1370 2418 1439 2469 qui
1470 2418 1686 2456 maximam
1718 2418 1801 2469 regi

400 2486 610 2540 pecuniam
644 2484 825 2524 credidit.
878 2484 986 2536 Ergo
1021 2484 1052 2522 is
1094 2484 1270 2523 Gabinio
1310 2483 1416 2521 dedit
1435 2513 1445 2529 ,
1479 2485 1548 2537 qni
1587 2498 1667 2522 non
1706 2482 1801 2521 huic
