2076 2860
718 159 794 200 IN
853 156 1269 200 VATINIUM.
1649 163 1699 217 ⁶3

289 267 441 314 quanto
461 258 542 298 illis
563 257 710 311 probro
730 256 915 296 futurum
935 257 996 303 fit,
1024 257 1052 296 fi
1073 266 1111 296 te
1131 256 1396 303 defenderint,
1419 270 1513 296 cum
1534 265 1578 296 tu
1598 258 1699 297 mihi

289 327 469 368 Cornelii
488 324 757 364 defenfionem
777 326 819 363 in
841 324 1061 363 maledictis
1082 325 1351 378 objiciendam
1371 325 1537 378 putaris.

343 394 534 432 Attamen
553 391 648 439 hoc,
681 392 834 437 Vatini,
866 401 1086 437 memento,
1118 392 1238 445 paulo
1258 391 1344 446 post
1368 391 1480 430 istam
1502 390 1697 431 defensio-

285 473 378 500 nem
394 473 539 506 meam,
557 472 678 513 quam
695 467 739 497 tu
756 458 871 497 bonis
893 458 986 497 viris
1009 457 1247 512 displicuiffe
1267 457 1382 504 dicis,
1405 472 1468 496 me
1489 471 1584 496 cum
1605 460 1697 496 uni-

284 526 380 566 verfi
412 526 554 581 populi
586 526 761 565 Romani
794 525 948 564 summa
978 524 1198 571 voluntate,
1231 534 1319 564 tum
1340 525 1485 578 optimi
1507 525 1698 578 cujusque

284 593 472 647 fingulari
502 593 646 640 studio,
678 592 1065 647 magnificentissime
1097 592 1184 646 post
1214 591 1430 630 hominum
1463 594 1698 632 memoriam

283 661 490 701 consulem
522 660 673 701 factum
688 690 700 707 ‚
739 661 953 713 omniaque
987 673 1031 698 ea
1063 673 1128 698 me
1162 658 1356 712 pudenter
1390 659 1559 696 vivendo
1598 673 1697 697 con-

283 728 465 770 secutum
485 728 572 774 effe,
605 742 692 782 quae
720 736 765 766 tu
791 726 1046 780 impudenter
1072 724 1327 764 vaticinando
1355 724 1503 778 sperare
1534 734 1572 763 te
1600 725 1697 779 saepe

281 795 430 836 dixisti.

339 863 418 903 III.
452 862 575 906 Nam,
594 852 702 913 quod
718 859 819 898 mihi
837 858 1043 897 discessum
1059 857 1239 912 objecisti
1255 872 1407 902 meum,
1429 867 1468 896 et
1489 858 1597 911 quod
1618 856 1695 896 ho-

283 943 387 974 rum,
406 928 553 982 quibus
570 927 638 965 ille
655 927 736 965 dies
754 926 1021 964 acerbiffimus
1039 925 1132 971 fuit,
1153 926 1222 978 qui
1239 925 1345 963 idem
1364 924 1438 963 tibi
1460 925 1694 971 laetiffimus,

282 995 437 1034 luctum
467 1003 507 1034 et
536 994 735 1048 gemitum
762 1007 946 1032 renovare
966 992 1125 1032 voluisti
1142 1011 1154 1038 3
1188 1001 1345 1030 tantum
1367 992 1442 1030 tibi
1463 992 1693 1045 respondeo,

281 1076 360 1108 me,
379 1076 474 1101 cum
490 1070 534 1100 tu
551 1070 778 1115 caeteraeque
794 1060 1024 1113 reipublicae
1041 1059 1164 1113 pestes
1186 1072 1388 1097 armorum
1409 1059 1563 1097 causam
1585 1074 1694 1112 quae-

282 1130 432 1175 teretis,
450 1139 489 1168 et
506 1143 600 1168 cum
616 1143 685 1182 per
700 1142 837 1167 meum
854 1141 1001 1166 nomen
1021 1126 1201 1165 fortunas
1224 1126 1490 1179 locupletium
1511 1126 1694 1180 diripere,

281 1195 515 1249 sanguinem
535 1196 766 1249 principum
786 1195 958 1233 civitatis
980 1193 1199 1238 exsorbere,
1231 1192 1508 1231 crudelitatem
1530 1193 1693 1231 vestram

281 1262 501 1316 odiumque
521 1262 773 1308 diuturnum,
792 1260 900 1315 quod
921 1262 963 1299 in
986 1260 1110 1299 bonos
1127 1261 1212 1313 jam
1234 1260 1495 1298 inveteratum
1517 1258 1691 1297 habeba-

281 1330 349 1375 tiS,
381 1330 547 1369 saturare
569 1330 791 1383 cuperetis;
815 1328 939 1367 scelus
960 1337 999 1366 et
1018 1327 1196 1366 furorem
1217 1326 1387 1365 vestrum
1409 1326 1584 1364 cedendo
1606 1341 1691 1364 ma-

282 1396 392 1436 luiffe
413 1396 605 1450 frangere,
638 1410 759 1450 quam
780 1394 1002 1434 refistendo.
1047 1396 1180 1446 Qare
1201 1402 1292 1446 peto
1313 1408 1334 1431 a
1355 1402 1406 1438 te,
1440 1403 1483 1430 ut
1504 1392 1607 1431 mihi
1628 1394 1690 1445 ig-

281 1463 432 1509 noscas,
456 1464 609 1509 Vatini,
638 1477 733 1502 cum
767 1464 902 1516 patriae
934 1462 1193 1516 pepercerim,
1227 1473 1348 1512 quam
1385 1459 1573 1497 servaram
1590 1478 1603 1504 5
1636 1467 1690 1503 et,

281 1529 308 1567 fi
329 1543 402 1582 ego
425 1538 462 1568 te
482 1529 724 1582 perditorem
751 1538 790 1566 et
811 1537 1036 1566 vexatorem
1058 1525 1287 1579 reipublicae
1310 1524 1407 1569 fem,
1441 1533 1484 1562 tu
1506 1538 1569 1561 me
1591 1538 1690 1562 con-

281 1594 514 1634 servatorem
546 1604 584 1633 et
616 1594 819 1632 custodem
846 1593 960 1630 feras.
995 1591 1151 1630 Deinde
1178 1591 1261 1642 ejus
1290 1590 1363 1627 viri
1391 1589 1596 1627 discessum
1625 1590 1688 1627 in-

281 1675 413 1714 crepas
429 1691 440 1707 ,
473 1674 593 1714 quem
619 1659 727 1698 vides
756 1659 939 1697 omnium
961 1658 1111 1696 civium
1133 1655 1320 1694 defiderio
1335 1685 1346 1701 ,
1379 1655 1498 1708 ipfius
1520 1656 1690 1709 denique

280 1727 509 1781 reipublicae
530 1726 655 1771 luftu,
687 1725 760 1764 effe
780 1733 1006 1763 revocatum
1025 1725 1038 1761 ?

336 1795 393 1833 At
412 1794 520 1832 enim
541 1791 688 1837 dixisti,
720 1805 800 1829 non
821 1804 922 1836 mea,
946 1789 1010 1828 sed
1031 1788 1259 1842 reipublicae
1279 1787 1405 1832 causa,
1438 1786 1620 1826 homines
1643 1787 1690 1826 de

279 1873 368 1899 meo
387 1860 518 1898 reditu
538 1857 737 1897 laboraffe.
761 1857 881 1910 Qafi
902 1871 993 1896 vero
1014 1855 1224 1909 quisquam
1244 1855 1304 1893 vir
1323 1854 1534 1892 excellenti
1555 1856 1691 1894 animo

278 1927 321 1966 in
337 1926 627 1981 rempublicam
642 1925 832 1978 ingrefl'us
848 1923 1065 1978 optabilius
1082 1922 1303 1976 quidquam
1319 1920 1544 1966 arbitretur,
1568 1935 1691 1974 quarn-

279 1993 316 2033 se
347 2007 369 2032 a
397 1994 476 2032 suis
509 1992 665 2032 civibus
697 1992 926 2045 reipublicae
954 1989 1066 2028 causa
1093 1989 1223 2041 diligi.
1258 1988 1419 2027 Scilicet
1445 1988 1576 2041 aspera
1602 2001 1689 2026 mea

279 2070 431 2108 natura,
463 2061 638 2100 difficilis
663 2060 808 2105 aditus,
839 2060 967 2112 gravis
988 2058 1137 2103 vultus,
1170 2057 1335 2110 superba
1354 2056 1546 2110 responsa,
1578 2056 1687 2094 inso-

279 2128 363 2168 lens
395 2130 503 2168 vita:
536 2142 654 2166 nemo
686 2126 977 2165 humanitatem
1006 2139 1161 2169 meam,
1193 2137 1312 2162 nemo
1339 2122 1684 2168 consuetudinem,

278 2208 397 2234 nemo
417 2194 643 2239 confilium,
675 2207 793 2231 nemo
817 2192 1028 2237 auxilium,
1060 2190 1311 2244 requirebat:
1345 2191 1459 2242 cujus
1482 2188 1684 2234 desiderio,

280 2269 325 2299 ut
355 2259 439 2299 haec
471 2261 640 2299 minima
671 2259 816 2304 dicam,
852 2258 988 2297 forum
1018 2257 1220 2302 moestum,
1252 2265 1364 2295 muta
1395 2256 1519 2301 curia,
1550 2255 1686 2292 omnia

279 2327 450 2381 denique
471 2327 665 2366 bonarum
683 2326 830 2364 artium
849 2325 974 2364 studia
994 2325 1199 2363 siluerunt..

336 2393 410 2432 Sed
430 2391 533 2431 nihil
554 2392 600 2430 fit
620 2392 769 2431 faetum
789 2405 876 2431 mea
895 2391 1006 2430 causa
1025 2406 1033 2430 :
1066 2392 1202 2429 omnia
1219 2389 1290 2428 illa
1309 2386 1681 2431 senatus-consulta,

277 2461 419 2516 populi
433 2459 549 2514 juffa‚
583 2459 706 2500 Italiae
727 2460 865 2506 totius,
887 2460 1120 2497 cunctarum
1140 2457 1388 2501 societatum,
1420 2454 1684 2506 collegiorum
