2076 2860
406 170 488 210 454
760 154 838 193 IN
898 153 961 192 Μ.
1023 153 1453 192 ANTONIUM

460 259 589 299 Securi
612 258 786 312 percqffbs
824 259 971 296 Paetum
1009 264 1044 295 εἰ
1079 256 1323 295 Menedemum
1337 284 1348 301 ‚
1382 255 1534 295 civitate
1570 255 1738 302 donatos,
1768 265 1805 296 et

402 328 551 381 hospites
585 327 752 380 Caestzrzk,
793 324 972 378 laudcfiis.
1024 324 1121 363 Non
1157 324 1362 362 laudamus
1376 353 1388 370 ,
1421 324 1529 377 quod
1565 338 1614 362 ne
1649 323 1804 363 audivi-

402 409 491 433 mus
513 393 690 446 quidem.
722 391 846 429 Valde
867 392 975 429 enim
997 391 1112 428 nobis
1133 390 1175 428 in
1198 399 1303 428 tanta
1323 390 1618 443 perturbatione
1640 389 1804 444 reipub-

402 461 488 499 licae
510 460 556 497 de
578 459 731 497 duobus
763 457 1007 510 nequiffimis
1032 457 1226 495 Graeculis
1258 456 1516 510 cogitandum
1547 456 1640 496 fuit.
1688 454 1804 496 ‘Theo-

394 535 562 580 pompum
577 554 588 570 ,
627 524 779 569 nudum,
811 524 989 577 expulsum
1024 538 1047 561 a
1086 520 1277 567 Trebonio,
1319 523 1508 575 confugere
1540 523 1805 562 Alexandriam

399 591 605 645 neglexssis.
649 592 849 643 Magnum
870 591 1021 628 crimen
1044 589 1211 627 senatus.
1246 590 1308 627 De
1330 588 1615 642 Theopompo,
1646 589 1807 628 summo.

398 658 577 703 homine,
609 658 887 710 negleximus:
921 658 991 710 qui
1021 656 1091 694 ubi
1121 665 1311 694 terrarum
1342 655 1402 701 fit,
1435 655 1532 709 quid
1565 665 1667 708 agat,
1685 642 1807 695 ‘vivat

399 725 585 778 denique,
603 739 651 763 an
673 734 852 763 mortuus
875 724 935 769 fit,
959 723 1048 777 quis
1070 732 1136 760 aut
1158 723 1244 768 scit,
1268 731 1334 760 aut
1355 724 1494 760 curat?
1519 723 1628 761 Serv.
1648 721 1805 761 Galbam

397 791 510 830 eodem
522 791 678 845 pugione
683 791 911 843 fitccz'nfz‘um
930 790 968 828 in
997 789 1121 842 castris
1142 788 1286 827 videtis.
1331 788 1451 827 Nihil
1485 788 1560 827 tibi
1593 788 1640 827 de
1673 789 1804 827 Galba

399 859 637 911 respondeo,
669 857 880 896 fortiffimo
915 866 953 895 et
988 856 1297 895 constantiffimo
1333 856 1446 894 cive:
1480 869 1613 894 coram
1647 855 1800 905 aderit:

396 925 561 979 praesens
583 925 658 963 tibi
680 933 718 962 et
750 924 845 977 ipse,
878 933 917 962 et
949 923 1031 969 ille,
1063 937 1185 977 quem
1218 923 1436 968 infimum,
1469 923 1607 976 pug10‚
1639 922 1802 976 respon-

398 992 523 1031 debit.
574 991 717 1030 Milites
745 1000 813 1030 aut
831 1005 933 1035 meos,
966 1000 1034 1029 aut
1054 1000 1257 1035 veteranos,
1289 988 1529 1041 contraxg'stzk,
1562 998 1737 1043 tanquam
1755 989 1808 1028 ad

395 1058 543 1097 exitium
576 1073 709 1103 eorum,
744 1057 808 1112 qui
836 1059 1015 1111 Caestzrem
1046 1057 1276 1100 occiderant;
1308 1066 1346 1094 et
1377 1055 1503 1109 eosdem
1532 1056 1803 1108 nec-opinantes

394 1125 446 1163 ad
468 1125 732 1180 qucestorisfin}
767 1133 835 1163 aut
866 1124 1106 1176 imperatoris,
1137 1131 1205 1162 aut
1224 1122 1494 1162 commilitonum
1500 1122 1667 1175 stmrum,
1694 1123 1802 1176 peri·

393 1193 476 1231 cula
496 1190 689 1244 impulssis.
735 1190 896 1229 Scilicet
924 1189 1042 1228 verba
1074 1188 1272 1234 dedimus,
1304 1188 1561 1241 decepimus:
1594 1189 1803 1241 ignorabat

394 1258 500 1311 legio
521 1257 684 1302 Martia,
708 1266 845 1310 quarta
858 1275 869 1301 ;
893 1256 1129 1308 ignorabant
1149 1255 1337 1299 veterani,
1360 1253 1459 1306 quid
1475 1263 1668 1306 ageretur.
1702 1255 1801 1294 Non

393 1325 456 1362 illi
478 1324 630 1363 senatus
647 1324 935 1368 auctoritatem,
955 1335 1034 1360 non
1051 1322 1277 1359 libertatem
1293 1321 1434 1374 populi
1451 1321 1641 1367 Romani,
1659 1321 1801 1374 seque-

394 1392 564 1430 bantur:
600 1391 759 1430 Caesaris
790 1398 962 1429 mortem
992 1388 1131 1428 ulcisci
1160 1388 1359 1433 volebant,
1393 1402 1513 1441 quam
1537 1401 1675 1427 omnes
1696 1387 1800 1428 fata-

392 1459 473 1497 lem
494 1458 607 1497 fuiffe
627 1458 918 1496 arbitrabantur
937 1473 945 1496 ε
980 1466 1017 1495 te
1038 1455 1224 1495 videlicet
1244 1455 1409 1501 salvum,
1442 1456 1618 1501 beatum,
1649 1455 1798 1495 floren-

390 1534 488 1570 tem,
519 1525 592 1563 esse
612 1525 840 1578 cupiebant.
981 1515 983 1518 Α

447 1593 585 1631 XVII.
611 1593 647 1630 O
670 1592 787 1630 miser
803 1605 896 1630 cum
914 1603 967 1635 re,
986 1599 1074 1629 tum
1091 1588 1167 1629 hoc
1184 1589 1283 1644 ipso,
1302 1588 1410 1643 quod
1427 1602 1507 1627 non
1524 1588 1658 1635 sentis,
1676 1603 1798 1643 quam

391 1659 507 1698 miser
528 1659 574 1697 fis
593 1659 600 1697 !
635 1659 707 1697 Sed
729 1659 952 1697 maximum
973 1658 1126 1696 crimen
1147 1657 1292 1696 audite.
1325 1655 1507 1709 Denique,
1539 1655 1630 1710 quid
1642 1671 1710 1695 non
1729 1665 1797 1696 aut
1843 1681 1848 1687 -

381 1725 615 1779 probavssis‚
645 1735 711 1765 aut
716 1725 856 1779 fecg'slis
874 1725 893 1763 .?
923 1724 1013 1778 quid
1010 1724 1155 1777 fizciat,
1163 1724 1207 1776 st
1221 1722 1422 1776 revivssat
1445 1753 1454 1761 .
1474 1753 1482 1762 .
1503 1753 1511 1761 .
1535 1723 1624 1776 quis
1642 1724 1655 1762 ?
1678 1723 1797 1762 credo

390 1793 514 1837 enirn,
546 1791 681 1829 afferet
700 1791 863 1844 aliquod
884 1791 1059 1829 scelerati
1087 1789 1264 1829 hominis
1295 1789 1541 1842 exemplum.
1587 1791 1657 1828 Cn.
1680 1791 1795 1828 Pom-

382 1859 487 1912 peius
505 1858 606 1911 ipse?
639 1859 676 1895 O
699 1871 769 1896 nos
792 1866 940 1910 turpes,
973 1856 1000 1895 fi
1030 1856 1193 1908 quidem
1225 1857 1303 1894 Cn.
1328 1856 1566 1908 Pompeium
1597 1856 1794 1895 imitaturi

391 1925 525 1963 sumus
546 1924 554 1961 !
592 1931 660 1962 aut
664 1923 769 1976 filius
787 1922 871 1975 ejus,
893 1923 936 1974 st
960 1921 1053 1960 domi
1068 1921 1128 1975 eff&
1140 1921 1243 1974 poffi't
1261 1922 1281 1960 ?
1314 1922 1480 1966 Poterit,
1512 1920 1615 1959 mihi
1648 1921 1762 1960 crede
1780 1937 1790 1960 τ

390 2004 482 2029 nam
513 1990 648 2044 paucis
679 1989 820 2028 diebus
850 1998 889 2027 et
919 1989 959 2026 in
982 1988 1148 2026 domum
1169 1998 1207 2026 et
1229 1989 1270 2026 in
1291 1987 1427 2026 hortos
1449 1997 1629 2041 paternos
1651 1989 1791 2027 immi-

388 2057 533 2111 grabit.
567 2055 759 2109 Postremo,
780 2056 920 2108 negatis
934 2063 1058 2108 pacem
1070 2054 1269 2108 pqffi’fieri,
1291 2054 1358 2106 nist
1368 2063 1436 2092 aut
1455 2052 1593 2107 emg'sero
1613 2055 1791 2100 Brutum,

387 2123 813 2177 autfrumentojuvero.
836 2122 921 2160 Alii
943 2122 1041 2160 istuc
1064 2123 1232 2174 negant?
1256 2135 1329 2174 ego
1346 2135 1451 2167 vero,
1475 2134 1537 2166 ne,
1561 2121 1586 2158 fi
1608 2120 1676 2159 ista
1697 2122 1792 2174 qui-

388 2190 480 2229 dem
500 2189 656 2235 feceris,
674 2203 852 2243 unquam
873 2198 1006 2226 tecum
1029 2201 1166 2240 pacem
1187 2187 1282 2226 huic
1303 2188 1456 2226 civitati
1477 2187 1653 2225 futuram
1674 2197 1789 2240 puto.

388 2256 490 2310 Qa'd
498 2258 518 2297 ,ἕ
537 2257 602 2296 hoc
614 2256 781 2310 placetne
800 2255 984 2295 veteranis
998 2254 1083 2308 ssis,
1101 2254 1226 2308 quibus
1242 2254 1360 2293 adhuc
1380 2254 1494 2293 omnia
1514 2254 1659 2307 integra
1664 2253 1790 2307 siml?

389 2323 509 2363 Nihil
530 2323 612 2364 vidi
633 2332 714 2362 tam
734 2323 951 2375 integrum,
970 2335 1090 2374 quam
1113 2331 1156 2359 ut
1176 2335 1403 2374 oppugnare
1425 2322 1703 2374 imperatorem
1724 2320 1789 2358 in-

387 2391 552 2444 cipiant,
585 2404 707 2444 quem
727 2399 838 2428 tanto
858 2389 986 2427 studio
1007 2388 1275 2441 consensuque
1295 2388 1548 2426 offenderint.

443 2458 620 2510 Qconiam
660 2471 724 2497 vos
767 2454 1054 2511 qffl’ntationibus
1092 2465 1129 2494 et
1164 2455 1352 2494 venenatis
1388 2454 1592 2493 muneribus
1629 2453 1717 2492 veni
1742 2452 1786 2491 is.

388 2525 602 2578 Depravati
622 2538 670 2564 an
691 2524 870 2579 corrupti
890 2523 994 2570 sunt,
1026 2522 1173 2576 quibus
1195 2521 1418 2576 persuasum
1439 2521 1507 2567 est,
1530 2520 1788 2560 foediffimum
