2076 2860
632 138 1207 178 PHILIPPICA
1284 141 1361 180 ΙΙΙ.
1618 156 1689 196 341

300 240 462 279 fortuna
488 240 651 293 quidem
677 240 822 279 fractus
850 241 998 279 minuit
1017 241 1255 287 ·audaciam;
1288 255 1360 281 nec
1388 257 1497 282 ruere
1519 244 1695 293 demens,

304 321 376 345 nec
395 307 539 352 furere,
572 306 724 345 definit.
770 308 816 345 In
845 307 1022 345 Galliam
1048 308 1280 346 mutilatum
1307 309 1419 348 ducit
1446 312 1693 352 exercitum:

302 386 397 411 cum
423 387 500 410 una
526 373 696 425 legione,
728 382 766 410 et
795 386 838 411 ea
868 373 1090 418 vacillante,
1123 374 1173 412 L.
1196 373 1358 413 fratrem
1378 378 1583 429 expectat,
1617 392 1697 431 quo

303 439 505 477 neminem
526 439 691 491 reperire
712 439 838 492 potest
858 439 914 477 sui
938 439 1180 478 firniliorem.
1206 441 1280 478 Ille
1301 451 1433 480 autem
1453 457 1501 481 ex
1522 445 1698 483 mirmil—

303 504 393 542 lone
415 504 510 549 dux,
542 518 590 542 ex
610 504 823 556 gladiatore
844 505 1071 557 imperator,
1103 518 1198 557 quas
1219 505 1316 544 fecit
1337 507 1493 560 strages,
1523 510 1696 548 ubicun-

297 584 379 623 que
400 570 530 623 posuit
550 570 739 623 vestigia?
772 571 900 609 Caedit
920 585 1055 624 greges
1077 581 1361 618 armentorum,
1384 574 1606 628 reliquique
1628 590 1697 630 pe-

304 637 421 681 coris,
455 635 723 689 quodcunque
751 639 884 675 naetus
913 637 993 676 est:
1026 637 1237 690 epulantur
1256 639 1433 678 milites:
1466 641 1546 694 ipse
1567 652 1699 682 autem

306 700 356 747 se,
379 711 423 740 ut
443 701 605 740 fratrem
626 702 820 748 imitetur,
842 703 977 741 obruit
996 702 1115 741 vino:
1147 703 1342 742 vastantur
1361 706 1466 757 agri:
1499 707 1698 760 diripiun-

301 776 367 807 tur
387 768 509 806 villae:
533 768 888 813 matres-familias,
906 769 1092 820 virgines,
1111 769 1223 821 pueri
1244 770 1409 822 ingenui
1430 772 1695 824 abripiuntur,

304 833 503 871 militibus
526 833 746 873 traduntur.
780 834 878 872 Haec
899 833 1048 880 eadem,
1071 847 1308 887 quacunque
1328 837 1547 877 exercitum
1568 838 1699 886 duxit,

302 897 402 937 fecit
421 899 486 938 M.
509 899 726 938 Antonius.

361 965 480 1003 XIII.
511 965 591 1003 His
613 978 680 1003 vos
702 965 915 1004 teterrimis
936 964 1123 1005 fratribus
1143 976 1274 1020 portas
1295 969 1506 1021 aperietis?
1529 970 1600 1009 hos
1622 986 1700 1011 un-

305 1043 427 1083 quam
445 1031 488 1069 in
509 1031 650 1069 urbem
670 1032 868 1083 recipietis
887 1033 902 1069 ?
934 1046 1028 1078 non,
1062 1042 1240 1086 tempore
1259 1034 1407 1081 oblato,
1440 1035 1608 1075 ducibus
1630 1052 1701 1091 pa-

307 1097 415 1142 ratis,
446 1096 588 1135 animis
615 1096 795 1135 militum
822 1097 1012 1143 incitatis,
1044 1098 1195 1151 populo
1222 1099 1406 1139 Romano
1437 1102 1700 1154 conspirante,

306 1161 422 1202 Italia
441 1171 523 1200 tota
546 1162 595 1200 ad
621 1162 846 1201 libertatem
874 1163 1179 1216 recuperandam
1206 1165 1387 1211 excitata,
1420 1166 1600 1206 Deorum
1620 1169 1700 1208 im-

305 1228 538 1267 mortalium
559 1229 752 1267 beneficio
773 1229 942 1267 utemini
960 1231 974 1267 ?
998 1230 1175 1269 Nullum
1195 1232 1269 1270 erit
1290 1241 1463 1285 tempus,
1485 1233 1562 1272 hoc
1583 1236 1701 1274 amis-

307 1294 370 1333 so:
394 1307 415 1332 a
435 1303 558 1346 tergo,
582 1307 602 1331 a
620 1293 766 1338 fronte,
788 1307 809 1331 a
828 1294 1016 1332 lateribus
1039 1296 1252 1341 tenebitur,
1274 1297 1301 1335 fi
1322 1298 1364 1335 in
1386 1298 1561 1338 Galliam
1582 1315 1700 1339 vene—

307 1359 374 1399 rit.
406 1359 495 1398 Nec
516 1359 584 1396 ille
603 1360 721 1397 armis
743 1358 884 1404 solum,
917 1359 980 1397 sed
999 1360 1118 1398 etiam
1141 1361 1278 1399 nostris
1300 1362 1481 1410 decretis,
1504 1367 1703 1418 urgendus

307 1425 376 1464 est.
414 1426 564 1477 Magna
583 1425 640 1463 vis
662 1425 730 1470 est,
763 1439 952 1477 magnum
975 1439 1134 1472 nomen,
1167 1441 1294 1466 unum
1314 1438 1353 1466 et
1373 1429 1479 1468 idem
1500 1431 1702 1471 sentientis

310 1491 476 1533 senatus.
518 1491 672 1530 Videtis
702 1491 891 1530 refertum
919 1491 1068 1538 forum,
1100 1494 1376 1547 populumque
1406 1497 1634 1537 Romanum
1655 1500 1703 1537 ad

310 1557 418 1610 spem
456 1557 726 1610 recuperandae
761 1557 953 1595 libertatis
988 1560 1162 1596 erectum
1182 1561 1194 1596 ?
1234 1561 1304 1611 qui
1339 1561 1460 1613 longo
1494 1563 1703 1602 intervallo

310 1637 404 1661 cum
433 1621 658 1676 frequentes
688 1622 755 1660 hic
788 1623 894 1662 videt
926 1636 1011 1668 nos,
1044 1633 1131 1662 tum
1153 1624 1276 1677 sperat
1297 1626 1417 1665 etiam
1437 1627 1581 1667 liberos
1604 1643 1702 1668 con·

311 1688 466 1727 veniffe⁴

367 1756 491 1794 Hunc
519 1769 591 1807 ego
624 1755 728 1794 diem
760 1758 982 1809 expectans,
1016 1757 1079 1795 M.
1102 1757 1271 1795 Antonii
1305 1758 1485 1798 scelerata
1511 1775 1616 1804 arma
1641 1763 1702 1800 vi-

310 1821 404 1865 tavi,
437 1830 538 1866 tum,
570 1834 663 1859 cum
691 1821 759 1859 ille
786 1822 826 1859 in
860 1835 923 1859 me
944 1822 1142 1860 absentem
1164 1822 1368 1870 invehens,
1401 1839 1479 1863 non
1501 1826 1703 1879 intellige-

311 1887 378 1925 bat
407 1886 453 1925 ad
485 1886 592 1940 quod
625 1896 780 1939 tempus
811 1902 874 1926 me
905 1896 944 1926 et
975 1902 1079 1927 meas
1112 1889 1212 1927 vires
1243 1890 1488 1930 reservarem.
1527 1893 1565 1931 Si
1597 1895 1705 1932 enim

310 1952 388 1998 illi,
421 1962 506 1990 tum
528 1952 641 1991 caedis
664 1953 826 1991 initium
849 1967 869 1990 a
892 1967 956 1992 me
983 1955 1188 2006 quaerenti,
1221 1955 1449 2007 respondere
1470 1959 1702 2005 voluiffem;

313 2031 419 2057 nunc
441 2018 668 2070 reipublicae
689 2019 890 2056 consulere
912 2033 989 2057 non
1012 2021 1175 2072 poffem.
1219 2022 1336 2060 Hanc
1366 2036 1457 2061 vero
1488 2027 1623 2063 nactus
1645 2025 1704 2063 fa—

312 2084 518 2129 cultatem,
550 2085 709 2122 nullum
745 2094 916 2136 tempuS,
949 2086 1081 2125 Patres
1116 2087 1351 2140 conscripti,
1384 2088 1602 2136 dimittam,
1634 2105 1703 2129 ne-

314 2163 390 2202 que
411 2150 614 2195 diurnum,
648 2164 774 2202 neque
795 2152 1048 2198 nocturnum,
1071 2153 1169 2205 quin
1190 2153 1236 2191 de
1256 2154 1438 2192 libertate
1457 2157 1596 2209 populi
1618 2158 1703 2196 Ro-

314 2216 435 2260 mani,
460 2215 505 2252 de
526 2216 718 2267 dignitate
739 2215 871 2262 vestra,
895 2218 1001 2269 quod
1022 2219 1281 2271 cogitandum
1302 2220 1362 2266 fit,
1381 2222 1573 2273 cogitem:
1599 2223 1705 2275 quod

313 2280 524 2332 agendum,
547 2290 662 2333 atque
682 2280 922 2328 faciendum,
946 2283 986 2321 id
1007 2297 1084 2322 non
1107 2284 1226 2323 modo
1243 2299 1322 2323 non
1344 2287 1531 2332 recusem,
1550 2287 1612 2325 scd
1634 2302 1703 2340 ap-

312 2356 446 2400 petam
467 2347 600 2392 etiam,
632 2356 748 2401 atque
769 2348 990 2403 deposcam.
1024 2350 1116 2389 Hoc
1138 2350 1216 2390 feci
1237 2351 1400 2405 semper,
1433 2352 1529 2391 dum
1561 2353 1673 2391 licuit
1689 2372 1706 2400 3
