2076 2860
333 196 385 232 44
810 182 1254 220 ORATIO

334 280 485 331 integer
503 295 511 317 :
545 292 660 316 nemo
681 278 797 315 illum
818 278 972 316 foedum
993 278 1151 316 vultum
1172 278 1339 331 aspicere
1356 306 1367 323 ,
1399 291 1517 318 nemo
1537 278 1722 319 furialem

333 358 472 382 vocem
493 344 618 381 bonus
640 343 770 381 audire
791 352 956 395 poterat.
990 345 1113 381 Erant
1129 373 1139 388 ,
1174 353 1282 381 erant
1303 343 1379 382 illae
1399 345 1609 384 conciones
1630 359 1722 399 per-

334 410 508 447 ditorum
530 409 742 447 hominum
763 408 969 446 necessario
991 410 1242 448 turbulentae.

390 475 546 512 Habuit
567 474 612 511 de
633 473 769 511 eodem
792 486 855 510 me
883 474 928 511 P.
954 474 1148 512 Lentulus
1169 475 1305 512 consul
1327 476 1561 514 concionem
1580 492 1590 515 ε
1622 490 1722 515 con-

333 540 464 578 cursus
486 540 539 576 est
558 539 697 591 populi
719 539 891 576 Romani
911 538 1061 577 faetus:
1094 554 1231 578 omnes
1262 541 1440 587 ordines,
1474 551 1555 580 tota
1582 542 1625 580 in
1654 542 1724 580 illa

333 606 523 642 concione
553 604 665 642 Italia
694 604 883 642 constitit.
917 605 1014 656 Egit
1043 606 1197 643 causam
1229 606 1381 644 summa
1409 621 1503 645 cum
1534 607 1723 660 gravitate

331 671 522 722 copiaque
542 669 714 715 dicendi,
747 680 856 707 tanto
877 670 1045 715 filentio‚
1077 680 1183 708 tanta
1211 673 1494 724 approbatione
1522 674 1721 718 omnium,

331 736 434 774 nihil
457 746 500 775 ut
520 750 694 788 unquam
715 737 910 774 videretur
931 746 1010 774 tam
1031 738 1218 790 populare
1239 737 1285 775 ad
1301 739 1440 791 populi
1462 740 1635 778 Romani
1651 753 1721 778 au-

333 816 390 840 res
411 802 603 840 accidisse.
637 802 937 840 Prod-uc‘tusrest
966 802 1013 839 ab
1044 817 1089 840 eo
1121 804 1197 841 Cn.
1223 803 1462 856 Pompeius,
1495 805 1622 857 quise
1642 819 1724 844 non

332 868 459 906 solum
480 870 676 907 auctorem
697 882 792 906 meae
813 868 960 912 salutis,
983 868 1046 905 sed
1067 869 1184 906 etiam
1208 869 1442 921 supplicem,
1463 871 1614 923 populo
1635 872 1722 910 Ro-

332 947 450 972 mano
481 933 677 972 exhibuit.
711 935 845 986 Hujus
873 934 997 971 oratio
1024 943 1062 970 et
1092 935 1302 986 pergravis,
1331 944 1369 973 et
1401 945 1510 987 grata
1537 937 1723 975 concioni

332 999 432 1038 fuit:
457 1000 507 1037 fic
528 999 739 1045 contendo,
759 1013 961 1051 nunquam
983 1013 1109 1051 neque
1129 999 1361 1038 sententiam
1378 1002 1460 1052 ejus
1478 1003 1721 1049 auetoritate,

333 1079 459 1117 neque
478 1066 744 1118 eloquentiam
759 1065 1023 1118 jucunditate,
1055 1065 1166 1104 fuiffe
1186 1067 1391 1118 majorem.

387 1132 480 1182 Qo
497 1131 649 1169 silentio
665 1131 755 1169 sunt
770 1131 894 1169 auditi
909 1130 956 1168 de
972 1144 1036 1168 me
1052 1132 1181 1169 caeteri
1195 1132 1394 1184 principes
1411 1133 1608 1172 civitatis?
1624 1147 1725 1186 quos

332 1197 481 1235 idcirco
502 1211 580 1235 non
602 1197 757 1250 appello
777 1196 855 1235 hoc
875 1197 965 1235 loco
979 1226 990 1242 ,
1023 1211 1071 1235 ne
1092 1211 1176 1235 mea
1196 1199 1320 1235 oratio
1335 1229 1344 1243 ,
1378 1198 1403 1236 fi
1426 1199 1558 1237 minus
1580 1199 1627 1237 de
1647 1200 1720 1238 ali-

333 1276 413 1314 quo
434 1262 583 1307 dixero,
604 1263 774 1314 ingrata3
800 1263 825 1301 fi
843 1262 931 1300 satis
953 1263 999 1300 de
1019 1264 1221 1308 omnibus,
1244 1263 1413 1309 infinita,
1437 1264 1508 1302 effe
1529 1265 1719 1305 videatur.

333 1329 443 1366 Cedo
473 1342 577 1366 nunc
607 1328 779 1380 ejusdem
800 1328 908 1366 illius
930 1329 1086 1375 inimici
1107 1329 1186 1368 mei
1207 1329 1253 1371 de
1274 1344 1337 1368 me
1358 1330 1494 1368 eodem
1517 1331 1564 1368 ad
1585 1345 1722 1370 verum

330 1395 525 1447 populum
548 1397 586 1432 in
609 1408 748 1447 campo
770 1396 920 1433 Martio
940 1395 1188 1434 concionem.
1213 1397 1313 1448 Qis
1336 1410 1414 1434 non
1436 1397 1556 1435 modo
1576 1411 1720 1451 appro—

332 1461 452 1506 bavit,
472 1461 533 1498 sed
552 1475 629 1499 non
646 1461 962 1512 indigniffimum
978 1460 1132 1499 facinus
1153 1463 1320 1514 putavit,
1339 1462 1471 1508 illum,
1491 1476 1569 1501 non
1591 1464 1723 1502 dicam

331 1527 456 1578 loqui,
489 1527 551 1564 sed
573 1527 700 1564 vivere
720 1541 763 1565 ac
785 1527 926 1580 spirare
945 1529 957 1564 ?
990 1528 1077 1579 quis
1099 1527 1191 1573 fuit,
1223 1529 1293 1580 qui
1315 1542 1393 1566 non
1415 1530 1498 1581 ejus
1519 1543 1614 1567 voce
1635 1543 1720 1568 ma-

330 1593 451 1630 culari
474 1593 761 1645 rempublicam
779 1623 790 1638 ‚
822 1593 960 1645 seque,
992 1595 1017 1632 fi
1040 1607 1130 1631 eum
1151 1594 1326 1640 audiret,
1358 1595 1498 1633 scelere
1518 1595 1721 1649 adstringi,

320 1659 580 1697 -arbitraretur
598 1659 611 1696 ?

387 1725 457 1762 LI.
490 1724 620 1762 Venio
640 1724 687 1762 ad
708 1724 884 1768 comitia,
903 1725 976 1762 five
998 1724 1295 1776 magistratuum
1312 1726 1454 1777 placet,
1473 1727 1547 1765 five
1568 1727 1720 1779 legum.

330 1791 456 1842 Leges
487 1789 665 1827 videmus
696 1789 791 1841 saepe
820 1788 912 1826 ferri
943 1789 1117 1826 multas:
1150 1791 1295 1828 omitto
1324 1804 1400 1835 eas,
1433 1805 1518 1842 quae
1539 1792 1722 1830 feruntur

331 1856 398 1899 ita,
421 1855 486 1892 vix
509 1864 552 1893 ut
572 1855 700 1906 quini,
722 1864 760 1891 et
781 1853 824 1891 hi
844 1868 892 1892 ex
912 1854 985 1891 alia
1007 1854 1128 1899 tribu,
1151 1855 1219 1906 qui
1240 1855 1470 1907 suffragium
1493 1855 1633 1902 ferant,
1657 1871 1718 1895 re-

331 1921 544 1973 periantur.
577 1921 639 1958 De
671 1933 748 1966 me,
780 1933 899 1972 quem
921 1929 1131 1971 tyrannum
1152 1930 1268 1972 atque
1287 1931 1505 1973 ereptorem
1528 1922 1720 1961 libertatis

331 1987 403 2024 effe
424 1987 592 2031 dicebat,
612 1987 650 2023 in
673 1986 741 2024 illa
761 1987 872 2024 ruina
894 1986 1119 2038 reipublicae
1139 1986 1237 2025 dicit
1259 1987 1295 2024 se
1310 1987 1438 2039 legem
1456 1989 1600 2027 tuliffe.
1617 1990 1719 2043 Qis

330 2052 398 2097 est,
430 2053 498 2105 qui
522 2052 571 2096 se,
603 2065 696 2089 cum
717 2061 853 2090 contra
873 2065 936 2089 me
957 2051 1168 2098 ferebatur,
1199 2052 1308 2090 iniffe
1338 2053 1566 2106 suffragium
1591 2056 1719 2095 confi-

332 2127 456 2156 teatur
475 2119 487 2155 ?
521 2118 626 2155 Cum
647 2126 776 2155 autem
798 2117 844 2154 de
865 2131 928 2155 me
949 2117 1085 2155 eodem
1107 2131 1155 2156 ex
1185 2118 1515 2158 senatusconsulto
1545 2122 1719 2159 comitiis

331 2184 558 2221 centuriatis
581 2182 775 2221 ferebatur
790 2213 800 2228 ‚
833 2184 920 2235 quis
942 2183 993 2220 est
1009 2213 1019 2228 ,
1051 2184 1120 2236 qui
1141 2197 1220 2222 non
1242 2185 1470 2236 profiteatur
1490 2186 1526 2224 se
1547 2186 1717 2233 affussse,

330 2259 368 2287 ct
390 2249 616 2302 suffragium
638 2249 684 2286 de
706 2248 825 2287 salute
846 2262 932 2287 mea
952 2249 1077 2288 tuliffe
1097 2250 1110 2287 ?
1143 2251 1243 2289 Utra
1270 2251 1394 2302 igitur
1420 2252 1530 2290 causa
1550 2253 1718 2305 popula-

330 2315 382 2352 ris
404 2315 518 2352 debet
539 2314 683 2352 videri:
709 2315 748 2352 in
771 2327 845 2366 qua
865 2327 1001 2353 omnes
1022 2314 1240 2354 honestates
1261 2316 1447 2362 civitatis,
1470 2331 1605 2356 omncs
1628 2328 1717 2356 aeta-

332 2390 402 2425 tes,
435 2393 570 2418 omnes
592 2380 761 2424 ordines,
795 2393 869 2417 una
893 2379 1172 2426 consentiunt3
1205 2395 1251 2419 an
1274 2381 1314 2419 in
1336 2396 1413 2435 qua
1434 2383 1560 2422 Furiae
1581 2385 1722 2424 conci-

330 2455 416 2484 tatae
438 2455 622 2499 tanquam
644 2446 689 2483 ad
712 2444 829 2484 funus
852 2446 1077 2498 reipublicae
1099 2447 1310 2486 convolant
1329 2449 1342 2486 ?
