2076 2860
671 167 819 206 PRO
880 165 1223 206 MILONE.
1575 179 1650 218 197

250 271 322 309 nifi
353 279 439 309 uter
468 269 547 307 utri
577 268 731 306 infidias
764 268 917 307 fecerit.
951 268 1072 319 Qod
1105 281 1184 320 quo
1216 265 1373 304 facilius
1406 267 1652 319 argumentis

249 337 466 391 perspicere
497 336 670 388 poffitis,
703 348 786 373 rem
817 334 963 387 gestam
994 334 1106 372 vobis
1140 334 1237 372 dum
1271 333 1440 372 breviter
1471 347 1650 386 expono,

251 403 380 456 quaeso
400 402 612 454 diligenter
631 401 836 440 attendite.

276 509 280 512 ,
307 470 353 507 Ρ.
369 467 535 507 Clodius
552 481 646 505 cum
662 467 848 507 statuiffet
863 468 974 505 omni
991 466 1132 505 scelere
1149 467 1189 504 in
1206 476 1372 519 praetura
1392 479 1528 504 vexare
1546 479 1651 503 rem-

250 534 470 588 publicam,
501 533 730 587 videretque
754 534 809 571 ita
830 534 948 571 tracta
968 532 1045 570 esse
1060 533 1223 570 comitia
1243 545 1345 569 anno
1366 531 1576 584 superiore,
1609 540 1653 568 ut

251 615 331 639 non
361 601 510 640 multos
540 600 691 638 menses
722 608 932 652 praeturam
962 612 1094 651 gerere
1115 599 1264 652 poffet:
1298 599 1367 650 qui
1390 611 1468 635 non
1490 597 1652 635 honoris

250 667 418 720 gradum
437 667 637 720 specstaret,
670 676 714 704 ut
735 665 878 710 caeteri,
911 665 974 703 sed
1003 674 1042 703 et
1067 666 1117 703 L.
1142 664 1311 702 Paulum
1332 663 1527 715 collegam
1548 662 1651 701 effu-

250 747 340 786 gere
360 733 493 778 vellet,
526 732 711 785 singulari
732 733 877 770 virtute
897 732 1040 775 civem,
1069 740 1107 768 et
1128 743 1277 767 annum
1299 729 1500 781 integrum
1522 729 1567 766 ad
1589 728 1652 765 di-

250 799 496 837 lacerandam
509 799 803 851 rempublicam
814 807 1022 850 quaereret3
1042 796 1173 834 subito
1184 796 1348 847 reliquit
1361 809 1510 832 annum
1523 794 1651 839 suum,

252 864 368 917 seque
388 865 430 903 in
451 878 600 902 annum
620 864 851 916 proximum
873 862 1086 907 transtulit,
1110 875 1189 899 non
1211 861 1401 912 religione
1422 860 1567 912 aliqua,
1590 859 1654 897 scd

252 939 296 968 ut
317 930 492 975 haberet,
515 930 622 982 quod
643 929 723 982 ipse
744 928 914 973 dicebat,
937 928 984 966 ad
1005 936 1214 980 praeturam
1235 926 1461 978 gerendam,
1485 924 1562 963 hoc
1584 925 1652 970 est,

251 997 299 1034 ad
319 995 567 1035 evertendam
589 995 895 1048 rempublicam,
926 994 1091 1046 plenum
1112 1007 1262 1031 annum
1282 1002 1400 1044 atque
1421 993 1638 1043 integrum.

308 1063 554 1101 Occurrebat
568 1092 579 1108 ,
612 1075 794 1100 mancam
814 1075 858 1099 ac
880 1060 1053 1098 debilem
1074 1069 1285 1112 praeturam
1311 1058 1417 1096 suam
1448 1057 1625 1095 futuram
1640 1087 1652 1102 ,

250 1129 410 1168 consule
431 1129 616 1168 Milone:
650 1143 742 1167 eum
772 1141 889 1181 porro
919 1127 1075 1165 summo
1104 1125 1292 1164 consensu
1318 1125 1457 1177 populi
1480 1125 1655 1162 Romani

253 1195 456 1234 consulem
476 1195 561 1234 fieri
581 1194 753 1232 videbat.
788 1193 975 1232 Contulit
1004 1192 1041 1230 se
1070 1192 1117 1230 ad
1144 1194 1227 1244 ejus
1249 1192 1557 1243 competitores:
1592 1190 1655 1227 sed

252 1263 319 1307 ita,
352 1270 477 1300 totam
498 1270 542 1299 ut
562 1261 799 1314 petitionem
820 1259 900 1312 ipse
921 1259 1040 1303 solus,
1073 1259 1193 1296 etiam
1214 1258 1349 1296 invitis
1378 1257 1474 1301 illis,
1506 1256 1653 1308 guber-

252 1337 389 1373 naret3
423 1337 505 1370 tota
524 1337 567 1365 ut
589 1326 752 1364 comitia
771 1326 847 1363 suis
864 1355 874 1370 ,
908 1335 952 1362 ut
973 1324 1176 1362 dictitabat
1192 1354 1202 1369 ‚
1235 1323 1411 1362 humeris
1435 1322 1651 1360 sustineret.

254 1395 509 1433 Convocabat
530 1393 682 1431 tribus:
716 1392 751 1430 se
772 1391 1070 1444 interponebat:
1096 1390 1299 1428 Collinam
1321 1403 1478 1433 novam,
1502 1388 1656 1425 deledtu

250 1461 602 1514 perditiffimorum
622 1460 786 1504 civium,
805 1457 1091 1497 conscribebat.
1109 1458 1272 1509 Qanto
1289 1456 1357 1493 ille
1378 1455 1492 1507 plura
1511 1453 1655 1492 misce-

253 1528 334 1572 bat,
357 1535 466 1565 tanto
486 1526 554 1565 hic
574 1526 700 1578 magis
722 1526 764 1563 in
785 1525 866 1563 dies
887 1522 1196 1563 convalescebat.
1222 1522 1306 1560 Ubi
1326 1521 1427 1558 vidit
1446 1520 1585 1565 homo,
1608 1519 1656 1557 ad

253 1607 371 1632 omne
391 1592 545 1631 facinus
570 1591 844 1644 paratissimus,
876 1589 1132 1628 fortiflimum
1161 1588 1306 1632 virum,
1339 1585 1657 1624 inimiciffimum

254 1659 384 1703 suum,
416 1657 674 1696 certiffimum
695 1655 913 1700 consulem,
944 1654 1065 1707 idque
1094 1652 1295 1691 intellexit
1324 1665 1404 1689 non
1426 1651 1554 1689 solum
1576 1650 1655 1688 ser-

254 1724 458 1769 monibus,
481 1722 544 1761 sed
561 1723 681 1761 etiam
701 1721 910 1774 suffragiis,
928 1720 1068 1773 populi
1090 1719 1263 1757 Romani
1281 1717 1377 1770 saepe
1393 1716 1465 1755 effe
1482 1716 1655 1754 declara-

256 1800 368 1835 tum3
401 1790 530 1843 palam
551 1802 661 1841 agere
681 1788 819 1840 coepit‚
851 1796 890 1825 et
911 1795 1041 1839 aperte
1061 1785 1205 1830 dicere,
1237 1783 1503 1823 occidendum
1524 1782 1655 1820 Milo-

255 1869 361 1893 nem.
386 1856 521 1893 Servos
538 1853 700 1907 agrestes
717 1862 756 1891 et
773 1852 970 1897 barbaros,
988 1851 1134 1904 quibus
1151 1850 1261 1888 silvas
1278 1848 1458 1902 publicas
1476 1848 1655 1900 depopu-

255 1921 356 1959 latus
377 1930 472 1967 erat,
504 1921 786 1972 Etruriamque
807 1927 976 1963 vexarat,
999 1931 1046 1956 ex
1069 1916 1284 1969 Apennino
1305 1914 1532 1958 deduxerat,
1557 1926 1656 1966 quos

256 1987 461 2025 videbatis.
504 1987 583 2024 Res
604 1995 684 2024 erat
704 1985 872 2023 minime
892 1983 1082 2022 obscura:
1116 1982 1265 2020 etenim
1285 1981 1415 2034 palam
1436 1979 1655 2023 diffitabat,

255 2053 505 2099 consulatum
535 2052 687 2090 Miloni
716 2051 815 2104 eripi
845 2064 925 2088 non
952 2049 1084 2102 pofl'e3
1116 2049 1239 2087 vitam
1260 2047 1378 2100 poffe.
1413 2045 1657 2098 Significavit

256 2119 333 2158 hoc
363 2120 460 2172 saepe
488 2120 529 2157 in
560 2118 721 2162 senatu;
755 2117 856 2154 dixit
887 2116 926 2153 in
958 2115 1164 2153 concione.
1198 2113 1432 2166 Qinetiam
1464 2111 1654 2155 Favonio,

258 2183 466 2223 fortiffimo
486 2185 584 2229 viro,
617 2183 808 2234 quaerenti
829 2196 876 2220 ex
897 2195 957 2226 eo,
990 2195 1067 2233 qua
1087 2181 1152 2232 spe
1173 2179 1334 2224 fureret,
1357 2178 1516 2216 Milone
1536 2178 1654 2221 vivo5

259 2250 457 2302 respondit
475 2280 484 2295 ‚
523 2248 653 2287 triduo
700 2248 816 2286 illum
834 2278 845 2294 ‚
882 2247 930 2286 ad
977 2247 1178 2286 summum
1225 2245 1437 2298 quatriduo
1455 2273 1465 2288 ‚
1503 2244 1655 2295 peritu-

259 2330 360 2355 rum.
395 2318 529 2368 Qam
558 2328 695 2354 vocem
725 2317 807 2368 ejus
838 2315 885 2353 ad
913 2314 1022 2353 hunc
1052 2314 1116 2353 M.
1142 2314 1337 2352 Catonem
1368 2310 1499 2349 statim
1528 2310 1655 2347 Favo-

259 2384 346 2421 nius
370 2382 526 2420 detulit.

316 2449 367 2486 X.
403 2448 594 2492 Interim,
626 2460 719 2485 cum
749 2446 862 2486 sciret
894 2447 1060 2486 Clodius
1094 2448 1240 2498 (neque
1267 2445 1375 2483 enim
1395 2451 1474 2480 erat
1496 2439 1657 2478 difficile
