2076 2860
471 152 607 191 PRO
658 152 709 191 C.
761 151 1068 191 RABIRIO
1121 151 1492 191 POSTUMO.
1612 167 1688 205 229

277 253 384 292 Deos
407 253 651 293 immortales
670 254 677 292 !
702 254 800 307 quid
823 254 993 306 agimus,
1017 253 1210 305 Judices?
1234 263 1302 292 aut
1323 269 1444 308 quem
1465 255 1575 294 hunc
1596 270 1687 295 mo-

276 334 360 359 rem
392 334 587 359 novorum
614 321 864 373 judiciorum
895 321 938 358 in
971 321 1262 374 rempublicam
1296 321 1558 361 inducimus?
1592 324 1687 362 Erat

274 388 382 425 enim
403 386 487 426 haec
509 387 754 426 consuetudo
775 397 868 426 nota
888 389 1000 427 vobis
1022 388 1187 441 quidem
1208 389 1412 435 omnibus,
1443 390 1521 436 sed,
1545 391 1571 429 fi
1595 391 1685 429 usus

272 453 457 507 magister
482 454 537 492 est
567 455 759 508 optimus,
792 454 895 493 mihi
926 456 1042 494 debet
1073 455 1147 494 effe
1178 456 1389 495 notiffima.
1423 458 1615 496 Accusavi
1638 458 1686 495 de

272 521 453 574 pecuniis
476 521 703 575 repetundis
723 537 731 561 :
750 521 875 574 judex
898 522 975 560 sedi
996 538 1003 561 :
1037 532 1180 575 praetor
1201 523 1384 576 quaefivi:
1409 524 1568 563 defendi
1589 525 1684 578 plu-

273 587 396 626 rimos
416 603 424 626 ε
463 586 574 626 nulla
608 602 693 641 pars
712 618 722 634 ‚
755 602 842 641 quae
876 589 1051 641 aliquam
1086 588 1320 628 facultatem
1355 590 1513 629 dicendi
1548 591 1686 630 afferre

270 654 395 708 poffet
411 684 423 700 ‚
457 668 535 693 non
559 669 645 693 mea
666 654 758 693 fuit.
802 656 861 694 Ita
881 656 1081 693 contendo
1100 685 1111 700 ‚
1143 656 1346 694 neminem
1369 671 1546 710 unquam
1563 688 1574 704 ,
1607 659 1686 711 ἔξω

270 734 312 759 ea
333 721 489 774 pecunia
510 721 740 776 pe’r‘tveazgſjbt‚
772 722 926 760 causam
947 722 1098 767 dixisse,
1131 723 1200 775 qui
1222 723 1264 760 in
1286 722 1520 763 aestimandis
1542 725 1682 764 litibus

271 788 492 840 appellatus
515 801 594 825 non
616 788 721 827 effet.
756 789 802 826 In
824 788 965 826 litibus
987 798 1120 827 autem
1142 802 1260 826 nemo
1281 789 1554 842 appellabatur
1568 821 1579 838 ,
1611 792 1681 829 nisi

271 866 320 891 ex
343 854 501 892 testium
522 854 660 900 diCtis,
693 863 760 892 aut
782 854 927 892 tabulis
956 855 1218 907 privatorum,
1251 866 1317 894 aut
1339 857 1559 896 ratIOnibus
1581 859 1681 897 civi-

272 928 415 959 tatum.
450 921 589 973 Itaque
610 921 651 958 in
673 919 888 959 inferendis
912 921 1051 960 litibus
1074 921 1195 960 adeffe
1218 922 1408 969 solebant,
1441 925 1510 977 qui
1531 924 1683 977 aliquid

273 986 320 1024 de
341 986 377 1024 se
397 987 659 1033 verebantur;
693 997 747 1033 et,
780 1001 873 1026 cum
895 998 1005 1026 erant
1025 989 1226 1042 appellati,
1260 989 1286 1027 fi
1309 989 1528 1036 videbatur,
1552 991 1683 1030 statim

271 1063 409 1092 contra
438 1053 567 1092 dicere
597 1054 789 1094 solebant.
824 1056 891 1093 Sin
922 1057 1005 1108 ejus
1039 1058 1228 1109 temporis
1260 1067 1459 1096 recentem
1490 1059 1682 1098 invidiam

270 1120 571 1173 pertimuerant,
603 1120 891 1174 respondebant
912 1122 1068 1175 postea:
1102 1122 1210 1177 quod
1240 1137 1335 1162 cum
1365 1123 1557 1170 fecissent,
1590 1140 1682 1179 per-

271 1188 392 1226 multi
413 1188 511 1241 saepe
531 1189 729 1228 vicerunt.

328 1255 382 1293 V.
407 1255 500 1294 Hoc
517 1269 609 1293 vero
624 1269 773 1294 novum
789 1255 857 1301 est,
876 1265 965 1294 ante
981 1255 1058 1294 hoc
1076 1266 1232 1310 tempus
1249 1259 1416 1297 omnino
1439 1259 1678 1300 inauditum.

271 1321 319 1358 In
341 1320 480 1358 litibus
504 1321 682 1360 Postumi
704 1335 849 1360 nomen
872 1322 926 1360 est
946 1323 1156 1375 nusquam.
1182 1324 1228 1361 In
1251 1324 1391 1363 litibus
1414 1325 1504 1363 dico
1524 1327 1535 1363 ἓ
1560 1327 1680 1365 modo

270 1400 339 1426 vos
369 1386 492 1425 iidem
522 1388 563 1425 in
595 1389 646 1427 A.
676 1389 900 1427 Gabinium
924 1388 1080 1442 judices
1112 1388 1289 1428 sedistis:
1324 1405 1421 1430 num
1453 1394 1541 1446 quis
1574 1393 1680 1431 testis
1713 1404 1716 1405 ’

270 1453 505 1492 Postumum
526 1455 738 1508 appellavit
755 1457 767 1494 ?
791 1456 920 1494 Testis
937 1465 1071 1494 autem
1088 1458 1100 1494 ?
1125 1471 1224 1495 num
1240 1458 1439 1497 accusato-r
1457 1461 1469 1497 ?
1494 1474 1591 1498 num
1609 1460 1680 1498 de-

271 1522 392 1575 nique
408 1531 494 1561 toto
510 1522 749 1575 illojudicio
767 1522 945 1562 Postumi
962 1537 1108 1561 nomen
1125 1524 1283 1562 audistis
1302 1526 1314 1562 ?
1340 1526 1436 1563 Non
1453 1527 1577 1579 igitur
1592 1541 1679 1565 reus

269 1602 318 1627 ex
339 1602 382 1626 ea
401 1589 525 1634 causa,
559 1603 645 1642 quae
660 1590 838 1642 judicata
858 1590 926 1636 est,
958 1589 1151 1628 redundat
1173 1590 1383 1629 Postumus
1401 1611 1413 1637 3
1447 1593 1510 1630 sed
1537 1593 1590 1631 est
1617 1607 1678 1632 ar-

270 1664 404 1708 reptus
427 1669 529 1694 unus
550 1669 670 1708 eques
693 1657 899 1694 Romanus
921 1655 968 1694 de
989 1657 1170 1709 pecuniis
1193 1657 1420 1710 repetundis
1443 1673 1545 1698 reus.
1571 1662 1678 1712 Qi-

270 1721 345 1760 bus
367 1722 538 1761 tabulis?
561 1736 648 1776 quae
669 1723 710 1761 in
727 1723 883 1776 judicio
904 1724 956 1761 A.
978 1723 1144 1761 Gabinii
1166 1725 1336 1763 recitatae
1357 1739 1437 1763 non
1460 1726 1563 1765 sunt.
1584 1728 1681 1780 Qo

271 1788 394 1827 teste?
427 1803 447 1827 a
467 1803 547 1842 quo
570 1798 657 1827 tum
677 1790 897 1843 appellatus
920 1789 1115 1842 nusquam
1136 1790 1203 1829 est.
1229 1793 1320 1843 Qa
1339 1792 1603 1844 appellatione
1624 1794 1677 1832 li-

270 1857 374 1895 tium
393 1857 405 1894 ?
439 1857 479 1894 in
505 1870 583 1910 qua
604 1856 782 1895 Postumi
803 1857 956 1895 mentio
976 1855 1076 1895 facta
1098 1857 1207 1895 nulla
1227 1858 1295 1896 est.
1338 1860 1429 1911 Qa
1450 1859 1535 1912 lege
1556 1862 1568 1897 ?
1601 1875 1678 1914 qua

271 1937 351 1962 non
378 1933 546 1962 tenetur.
581 1924 664 1962 Hic
688 1925 788 1976 jam,
821 1924 998 1975 judices,
1030 1924 1144 1962 vestri
1174 1924 1327 1963 confilii
1358 1940 1417 1964 res
1447 1926 1515 1972 est,
1548 1927 1678 1966 vestrae

271 1990 467 2043 sapientire
486 2007 494 2029 ι
533 1991 630 2043 quid
652 1990 785 2029 deceat
806 2004 890 2036 vos,
923 2004 1017 2036 non,
1050 2001 1246 2044 quantum
1268 1992 1384 2031 liceat
1404 1993 1533 2039 vobis,
1566 1995 1677 2047 spec-

271 2067 350 2096 tare
370 2057 537 2096 debetis.
582 2058 620 2095 Si
642 2058 765 2103 enim,
798 2057 896 2110 quid
917 2058 1048 2103 liceat,
1079 2060 1254 2111 quaeritis
1273 2078 1284 2105 3
1317 2060 1477 2112 potestis
1500 2061 1637 2099 tollere
1658 2076 1678 2100 e

271 2124 444 2170 civitate,
467 2138 587 2177 quem
608 2124 744 2162 vultis.
769 2124 938 2162 Tabella
957 2124 1025 2170 est,
1048 2139 1134 2178 quae
1156 2126 1221 2164 dat
1241 2126 1472 2179 potestatem
1490 2147 1501 2173 3
1535 2129 1674 2166 occul-

271 2198 327 2228 tat
348 2191 481 2229 eadem
504 2190 730 2229 libidinem.
765 2191 892 2243 Cujus
923 2191 1206 2232 conscientiam
1228 2192 1332 2231 nihil
1362 2193 1415 2233 est
1436 2194 1543 2248 quod
1565 2195 1676 2248 quis-

271 2269 391 2308 quam
414 2257 565 2301 timeat,
598 2257 623 2294 fi
645 2270 724 2294 non
746 2257 995 2309 pertimescat
1015 2258 1140 2298 suam.

328 2321 412 2359 Ubi
433 2321 486 2359 est
507 2322 630 2373 igitur
650 2321 999 2376 sapientiajudicis
1019 2325 1032 2362 ?
1065 2326 1112 2363 In
1133 2324 1227 2372 hoc,
1260 2335 1304 2364 ut
1326 2340 1405 2364 non
1428 2325 1557 2365 solum
1578 2326 1676 2379 quid

270 2387 399 2441 possit,
431 2387 493 2425 sed
529 2387 647 2426 etiam
682 2389 779 2441 quid
814 2389 968 2435 debeat,
999 2391 1218 2443 ponderet3
1252 2407 1339 2438 nec,
1371 2403 1568 2445 quantum
1602 2393 1672 2430 fibi

271 2454 514 2509 permiffum,
546 2455 774 2495 meminerit
795 2456 938 2502 solum,
966 2457 1029 2495 sed
1050 2458 1185 2504 etiarn,
1208 2468 1401 2513 quatenus
1423 2458 1680 2498 commissum
