2076 2860
385 227 460 266 154
857 210 1298 248 ORATIO

378 308 579 358 januarias
609 306 942 359 Compitaliorum
970 305 1051 342 dies
1083 303 1302 350 incidisset,
1335 305 1422 342 Sex.
1447 304 1665 350 Clodium,
1697 306 1768 357 qui

378 386 581 425 nunquam
602 382 711 410 antea
731 379 979 424 praetextatus
999 369 1144 415 fuisset,
1167 369 1280 408 ludos
1298 369 1422 407 facere
1439 381 1476 408 et
1491 379 1767 424 praetextatum

378 439 541 476 volitare
561 437 684 490 paffus
706 451 760 482 es,
792 435 997 474 hominem
1022 435 1242 488 impurum,
1273 446 1389 488 atque
1411 449 1489 474 non
1512 436 1630 475 modo
1651 436 1767 481 facie,

379 503 442 541 sed
463 504 580 541 etiam
600 502 717 540 oculo
739 512 821 546 tuo,
854 501 1139 553 digniffimum.

435 571 556 620 Ergo,
588 567 649 605 his
681 566 951 604 fundamentis
985 566 1116 618 positis
1147 566 1369 604 consulatus
1401 568 1473 612 tui,
1506 567 1637 605 triduo
1666 566 1766 618 post,

380 635 616 687 inspeffitante
636 643 675 671 et
700 643 851 671 tacente
882 642 918 670 te
934 662 944 677 ,
977 646 997 669 a
1026 633 1070 670 P.
1097 632 1266 677 Clodio,
1298 632 1406 670 fatali
1427 642 1610 686 portento
1630 632 1768 686 prodi-

379 700 523 752 gioque
544 699 791 752 reipublicae‚
823 699 886 736 lex
909 697 1013 736 AElia
1031 706 1071 735 et
1092 697 1204 735 Fufia
1223 698 1348 735 eversa
1366 698 1442 743 est,
1474 698 1771 751 propugnacula

380 766 563 818 murique
584 764 880 816 tranquillitatis
901 773 1018 815 atque
1038 764 1133 801 otii:
1153 763 1333 815 collegia,
1357 777 1435 800 non
1457 777 1498 801 ea
1518 764 1660 808 solum,
1682 777 1770 815 quae

381 832 532 870 senatus
550 831 764 875 sustulerat,
784 830 956 868 restituta
972 829 1075 875 sunt,
1093 829 1156 867 sed
1173 830 1475 867 innumerabilia
1495 829 1673 882 quaedam
1694 843 1769 867 no-

380 911 440 943 va,
458 912 505 936 ex
521 897 631 936 omni
649 897 741 935 faece
757 897 880 940 urbis,
898 909 940 933 ac
957 895 1126 940 servitio,
1145 895 1369 934 constituta.
1388 895 1453 933 Ab
1474 895 1613 934 eodem
1633 894 1769 933 homi-

382 977 445 1008 ne,
476 949 517 1001 sn
547 963 688 1015 stupris
718 961 904 999 inauditis
926 960 1159 1013 nefariisque
1179 960 1340 1005 versato,
1371 970 1481 998 vetus
1503 961 1571 998 illa
1590 960 1772 1014 magistra

382 1028 542 1082 pudoris
564 1037 602 1066 et
622 1027 832 1072 modestiae,
856 1027 1031 1064 severitas
1052 1025 1237 1070 censoria,
1260 1026 1409 1064 sublata
1428 1026 1503 1071 est;
1526 1040 1620 1064 cum
1641 1035 1685 1064 tu
1705 1027 1770 1064 in-

382 1095 498 1133 terim
513 1124 524 1140 ,
557 1093 715 1132 bustum
743 1093 968 1145 reipublicae
984 1121 993 1137 ,
1026 1092 1096 1143 qui
1126 1101 1163 1130 te
1183 1092 1384 1130 consulem
1406 1101 1491 1130 tum
1514 1093 1652 1131 Romae
1672 1092 1770 1130 dicis

382 1161 509 1206 fuiffe,
539 1160 659 1199 verbo
690 1173 894 1212 nunquam
926 1158 1152 1211 significaris
1183 1158 1414 1197 sententiam
1444 1168 1551 1197 tuam
1582 1159 1700 1196 tantis
1730 1159 1772 1196 in

384 1226 596 1278 naufragiis
618 1226 804 1264 civitatis.

439 1293 492 1331 V.
525 1292 734 1337 Nondum,
756 1306 842 1344 quae
862 1291 1015 1336 feceris,
1033 1291 1097 1329 sed
1118 1304 1203 1344 quae
1224 1290 1307 1329 fieri
1329 1291 1453 1344 paffus
1474 1291 1535 1336 fis,
1558 1290 1675 1329 dico:
1699 1304 1770 1328 ne-

384 1373 460 1412 que
481 1372 570 1396 vero
590 1359 766 1396 multum
786 1357 967 1402 interest,
999 1357 1211 1410 praesertim
1242 1357 1281 1394 in
1312 1357 1496 1402 consule,
1527 1366 1663 1395 utrum
1692 1356 1773 1409 ipse

385 1424 606 1477 perniciosis
628 1423 797 1477 legibus,
821 1423 1013 1476 improbis
1035 1422 1310 1467 concionibus,
1334 1422 1622 1475 rempublicam
1642 1431 1771 1467 vexet,

385 1505 430 1528 an
452 1491 547 1528 alios
569 1504 705 1528 vexare
727 1490 910 1542 patiatur.
942 1491 1006 1527 An
1036 1488 1161 1541 potest
1191 1489 1270 1526 ulla
1299 1488 1370 1526 effe
1390 1488 1586 1526 excusatio
1608 1502 1686 1526 non
1709 1488 1770 1525 di-

385 1569 470 1593 cam
492 1555 591 1592 male
612 1555 807 1599 sentienti,
826 1554 888 1592 sed
910 1554 1070 1598 sedenti,
1093 1554 1309 1598 cunctanti,
1332 1553 1558 1598 dormienti,
1582 1553 1622 1590 in
1643 1553 1772 1590 maxi-

386 1634 451 1658 mo
486 1619 711 1672 reipublicae
751 1629 863 1658 motu
897 1619 1049 1657 consuli
1068 1621 1081 1657 ?
1125 1620 1300 1657 Centum
1334 1632 1456 1671 prope
1489 1631 1610 1656 annos
1644 1618 1774 1670 legem

386 1687 532 1724 AEliam
552 1696 590 1724 et
612 1687 767 1724 Fufiam
788 1695 1034 1724 tenueramus
1051 1704 1063 1731 3
1096 1684 1403 1738 quadringentos
1418 1684 1620 1737 judicium
1640 1684 1772 1722 notio-

387 1766 554 1803 nemque
575 1752 787 1790 censoriam
806 1767 815 1790 ι
848 1765 942 1803 quas
964 1751 1066 1803 leges
1088 1751 1199 1788 ausus
1220 1750 1273 1789 est
1294 1765 1371 1788 non
1395 1764 1511 1788 nemo
1541 1751 1744 1803 improbus
1761 1779 1772 1795 ‚

386 1818 517 1869 potuit
538 1817 699 1868 quidem
721 1830 837 1854 nemo
852 1845 862 1860 ‚
894 1816 1139 1859 convellere3
1172 1829 1290 1866 quam
1320 1815 1549 1866 potestatem
1569 1816 1746 1853 minuere
1761 1845 1772 1860 ,

387 1896 465 1934 quo
487 1881 618 1919 minus
640 1882 685 1919 de
707 1882 883 1919 moribus
905 1880 1042 1918 nostris
1064 1880 1205 1932 quinto
1221 1893 1379 1932 quoque
1399 1893 1501 1917 anno
1515 1879 1774 1931 judicaretur,

388 1960 504 1985 nemo
526 1956 605 1984 tam
626 1945 744 1984 effuse
764 1946 941 1998 petulans
964 1953 1125 1983 conatus
1147 1944 1214 1982 est.

443 2014 542 2051 Haec
575 2012 678 2057 sunt,
713 2014 748 2049 O
781 2011 954 2050 carnifex
975 2011 982 2048 !
1016 2011 1055 2049 in
1087 2010 1238 2062 gremio
1270 2010 1417 2062 sepulta
1445 2010 1668 2048 consulatus
1699 2009 1772 2048 tui.

389 2077 618 2130 Persequere
640 2090 836 2115 connexos
858 2076 919 2114 his
941 2075 1146 2114 funeribus
1169 2075 1264 2113 dies.
1290 2075 1365 2112 Pro
1386 2075 1549 2113 Aurelio
1571 2075 1773 2120 tribunali,

390 2157 437 2181 ne
457 2143 691 2181 connivente
712 2143 873 2195 quidem
896 2151 932 2180 te
947 2171 957 2186 ,
989 2141 1096 2193 quod
1126 2141 1254 2193 ipsum
1281 2140 1371 2179 effet
1393 2141 1514 2179 scelus
1530 2170 1540 2186 ‚
1573 2141 1635 2178 sed
1656 2141 1775 2179 etiam

387 2209 640 2247 hilarioribus
670 2209 796 2246 oculis
813 2237 823 2253 ‚
855 2221 973 2260 quam
994 2207 1130 2245 solitus
1151 2220 1231 2245 eras
1248 2236 1258 2251 ‚
1291 2207 1482 2252 intuente,
1505 2206 1675 2245 deled‘ms
1697 2206 1775 2244 ser-

391 2288 529 2313 vorum
560 2273 776 2312 habebatur
806 2274 853 2311 ab
885 2287 953 2319 eo,
985 2273 1054 2325 qui
1087 2272 1188 2310 nihil
1222 2272 1291 2310 fibi
1324 2286 1498 2324 unquam
1532 2286 1602 2311 nec
1633 2272 1776 2318 facere,

392 2354 461 2378 nec
490 2341 595 2393 pati,
628 2349 740 2392 turpe
767 2339 908 2377 duxit:
941 2352 1046 2376 arma
1072 2338 1111 2376 in
1142 2338 1291 2389 templo
1319 2338 1501 2384 Castoris,
1536 2340 1572 2376 Ο
1600 2338 1778 2391 proditor

391 2406 631 2457 templorum
648 2405 850 2443 omnium!
875 2404 1030 2441 vidente
1051 2412 1103 2448 te,
1126 2403 1461 2441 constituebantur
1477 2404 1524 2441 ab
1545 2417 1590 2442 eo
1611 2404 1774 2447 latrone,

391 2473 455 2510 cui
489 2472 683 2523 templum
715 2471 813 2509 illud
845 2470 936 2515 fuit,
970 2480 1006 2510 te
1035 2470 1208 2513 consule,
1242 2483 1306 2507 arx
1337 2470 1485 2508 civium
1518 2470 1776 2522 perditorum,
