2076 2860
464 211 539 264 358
816 209 893 248 IN
951 209 1016 248 M.
1076 209 1504 250 ANTONIUM

461 320 617 350 tantum
638 311 803 365 quisque
823 311 993 350 habebat
1021 312 1215 365 possessor,
1248 322 1443 366 quantum
1473 314 1686 367 reliquerat
1714 314 1857 356 divisor

460 380 677 417 Antonius.
722 380 821 431 Qae
851 393 1094 432 quanquam,
1126 380 1152 417 fi
1183 380 1288 432 leges
1318 382 1444 420 irritas
1466 381 1654 428 feceritis,
1686 392 1766 420 rata
1784 383 1856 422 effe

460 459 537 483 non
560 445 741 497 poffunt;
776 454 907 484 tamen
929 446 1134 498 separatim
1156 447 1223 485 suo
1245 449 1406 486 nomine
1427 449 1597 487 notanda
1616 449 1767 495 censeo,
1785 450 1854 502 ju-

457 511 765 564 dicandumque,
798 512 929 550 nullos
962 512 1215 565 septemviros
1246 513 1386 559 fuisse,
1421 514 1523 553 nihil
1553 515 1705 568 placere
1725 524 1855 554 ratum

457 576 543 621 effe,
577 577 684 629 quod
705 577 752 614 ab
775 578 822 615 iis
844 579 976 616 actum
997 578 1206 617 diceretur.

513 643 630 681 VIII.
654 643 719 682 M.
743 658 834 682 vero
855 645 1080 682 Antonium
1102 645 1191 697 quis
1214 644 1281 690 est,
1305 644 1375 697 qui
1396 645 1525 683 civem
1546 645 1661 698 poffit
1675 646 1854 699 judicare

455 709 603 760 potius,
623 723 742 762 quam
764 711 1012 749 teterrimum
1030 720 1068 748 et
1084 710 1395 749 crudelissimum
1416 711 1583 757 hostem,
1602 713 1671 765 qui
1688 727 1759 765 pro
1775 713 1854 752 aede

456 775 625 813 Castoris
660 776 807 822 sedens,
839 777 1021 815 audiente
1053 777 1203 830 populo
1236 778 1433 823 Romano,
1467 777 1631 823 dixerit,
1664 779 1734 816 nifi
1766 780 1853 817 vic-

456 850 596 887 torem,
628 843 827 881 vifturum
858 844 1089 882 neminem?
1123 845 1237 882 Num
1268 845 1430 896 putatis,
1464 845 1596 882 Patres
1623 845 1851 898 conscripti,

455 906 591 944 dixiffe
612 922 702 945 eum
725 909 935 954 minacius,
958 923 1077 962 quam
1099 909 1297 947 faciurum
1318 909 1430 947 fuiffe
1449 911 1462 947 ?
1528 910 1597 947 uid
1616 924 1721 956 vero,
1744 911 1852 963 quod

452 972 495 1010 in
528 975 719 1012 concione
751 975 879 1013 dicere
910 976 1022 1013 ausus
1055 976 1122 1021 est,
1156 975 1205 1021 se,
1238 990 1331 1014 cum
1363 975 1589 1028 magistratu
1623 976 1772 1022 abisset,
1803 977 1851 1014 ad

453 1039 592 1077 urbem
632 1040 815 1079 futurum
855 1056 948 1080 cum
980 1043 1154 1080 exercitu
1172 1043 1185 1079 ?
1218 1042 1477 1080 introiturum
1494 1072 1504 1087 ,
1538 1042 1855 1095 quotiescunque

451 1106 570 1144 vellet
590 1108 601 1144 ?
635 1107 731 1159 quid
752 1117 832 1146 erat
852 1108 974 1154 aliud,
1006 1109 1077 1147 nisi
1105 1109 1335 1146 denuntiare
1355 1108 1504 1160 populo
1526 1109 1708 1146 Romano
1729 1108 1849 1146 servi-

451 1174 612 1210 tutem?
650 1174 771 1224 Qod
803 1184 935 1212 autem
967 1176 1050 1227 ejus
1082 1175 1156 1212 iter
1187 1174 1477 1219 Brundufium,
1510 1189 1596 1227 quae
1627 1174 1848 1220 festinatio,

450 1252 538 1290 quae
560 1238 657 1291 spes,
691 1240 760 1277 nifi
783 1249 827 1278 ut
847 1241 894 1277 ad
927 1241 1081 1285 urbem,
1114 1240 1173 1278 vel
1206 1241 1246 1278 in
1280 1240 1419 1277 urbem
1446 1241 1595 1292 potius,
1627 1241 1849 1278 exercitum

450 1305 674 1342 maximum
694 1305 902 1344 adduceret
921 1308 934 1344 ?
968 1307 1051 1358 Qi
1072 1315 1202 1343 autem
1225 1306 1396 1343 delectus
1418 1306 1729 1343 centurionum?
1761 1320 1848 1359 quae

449 1370 654 1409 effrenatio
674 1373 906 1424 impotentis
928 1372 1051 1409 animi
1070 1373 1083 1409 ?
1117 1372 1224 1409 Cum
1245 1373 1327 1423 ejus
1349 1371 1543 1424 promisfis
1565 1371 1740 1424 legiones
1761 1372 1846 1411 for-

449 1437 600 1476 tiffimae
631 1439 911 1484 reclamassent,
943 1439 1108 1477 domum
1136 1438 1183 1476 ad
1216 1438 1252 1476 se
1284 1438 1415 1476 venire
1441 1438 1552 1490 juffit
1579 1440 1844 1486 centuriones,

448 1517 547 1554 quos
570 1504 668 1543 bene
689 1504 736 1542 de
757 1505 961 1558 republica
980 1505 1121 1543 sentire
1142 1514 1406 1557 cognoverat;
1439 1504 1580 1557 eosque
1609 1514 1698 1542 ante
1728 1505 1845 1557 pedes

447 1568 549 1614 suos,
584 1571 792 1623 uxorisque
813 1572 902 1617 suae,
934 1585 1053 1624 quam
1075 1571 1206 1609 secum
1227 1571 1353 1623 gravis
1375 1571 1588 1623 imperator
1616 1571 1663 1608 ad
1691 1572 1844 1610 exerci—

446 1642 535 1672 tum
556 1636 733 1682 duxerat,
754 1638 931 1690 jugulari
953 1639 1098 1690 coegit.
1132 1639 1225 1689 Qo
1246 1638 1379 1675 animo
1399 1636 1508 1674 hunc
1528 1636 1711 1674 futurum
1731 1636 1846 1676 fuisse

445 1701 610 1740 censetis
632 1703 672 1740 in
695 1717 780 1748 nos,
813 1718 912 1756 quos
933 1704 1081 1749 oderat,
1104 1717 1196 1741 cum
1217 1704 1259 1741 in
1280 1717 1360 1748 eos,
1383 1717 1482 1756 quos
1504 1717 1710 1756 nunquam
1731 1703 1842 1742 vide-

445 1776 516 1812 rat,
540 1777 620 1806 tam
641 1770 811 1807 crudelis
833 1769 964 1808 fuisset
982 1772 995 1808 ?
1018 1779 1057 1808 et
1077 1784 1197 1822 quam
1217 1769 1376 1807 avidum
1398 1770 1437 1806 in
1459 1770 1638 1822 pecuniis
1660 1770 1842 1822 locuple-

445 1833 564 1878 tium,
588 1834 657 1885 qui
679 1848 896 1886 pauperum
918 1836 1147 1887 sanguinem
1169 1835 1441 1886 concupisset?
1474 1849 1644 1887 quorum
1666 1835 1840 1887 ipsorum

445 1898 561 1944 bona,
594 1907 898 1952 quantacunque
923 1910 1045 1951 erant,
1079 1900 1208 1938 statim
1229 1900 1445 1938 comitibus
1469 1901 1560 1945 suis,
1593 1902 1839 1953 compotori-

445 1963 610 2016 busque,
643 1964 855 2017 descripsit.

501 2031 635 2082 Atque
656 2031 723 2068 ille
745 2030 878 2069 furens
900 2031 1135 2084 infestajam
1157 2032 1288 2084 patriae
1318 2031 1424 2083 signa
1453 2031 1671 2069 Brundusio
1693 2030 1839 2070 infere-

444 2096 529 2134 bat:
554 2110 647 2135 cum
665 2098 714 2136 C.
732 2098 857 2136 Caefar
874 2099 1052 2136 Deorum
1073 2098 1362 2135 immortalium
1381 2098 1587 2142 beneficio,
1606 2098 1730 2136 divini
1751 2099 1837 2136 ani-

442 2162 514 2207 mi,
545 2162 711 2214 ingenii,
743 2164 896 2201 consilii
917 2164 1206 2216 magnitudine,
1239 2177 1464 2216 quanquam
1488 2163 1552 2201 sua
1571 2163 1722 2216 sponte,
1751 2164 1837 2202 exi-

442 2228 601 2282 miaque
620 2229 780 2275 virtute,
813 2239 944 2268 tamen
965 2231 1247 2283 approbatione
1268 2231 1508 2268 auctoritatis
1530 2244 1639 2275 mcae,
1663 2230 1836 2268 colonias

440 2296 562 2348 patris
583 2296 704 2342 adim
737 2306 937 2335 veteranos
959 2297 1106 2335 milites
1128 2299 1384 2343 convocavit5
1409 2297 1542 2350 paucis
1564 2296 1702 2335 diebus
1723 2310 1835 2335 exer-

442 2362 570 2400 citum
591 2361 687 2400 fecit
703 2382 715 2408 ;
748 2364 931 2401 incitatos
952 2363 1116 2401 latronis
1138 2364 1310 2415 impetus
1332 2363 1552 2401 retardavit.
1592 2362 1726 2400 Postea
1746 2376 1836 2401 vero

441 2441 560 2480 quarn
574 2428 678 2481 legio
692 2429 839 2468 Martia
852 2430 994 2468 ducem
1007 2429 1360 2483 praestantiffimum
1374 2429 1488 2474 vidit,
1503 2429 1603 2468 nihil
1618 2429 1698 2481 egit
1712 2428 1832 2472 aliud,

441 2495 526 2541 nisi,
545 2505 589 2534 ut
604 2496 815 2550 aliquando
831 2497 946 2536 liberi
961 2496 1126 2535 essemus
1143 2512 1150 2536 ε
1175 2509 1293 2549 quam
1315 2496 1368 2534 est
1390 2496 1540 2535 imitata
1556 2504 1692 2550 quarta
1712 2495 1830 2546 legio.
