2076 2860
708 158 858 197 PRO
918 158 1260 198 MILONE.
1612 176 1680 213 191

335 257 572 309 Qanquam
596 255 637 294 in
658 254 731 294 hac
753 256 877 301 causa,
894 255 1070 307 Judices,
1087 257 1140 294 T.
1157 256 1283 294 Annii
1305 256 1525 302 tribunatu,
1549 257 1685 296 rebus-

278 335 355 374 que
375 322 562 360 omnibus
579 336 651 375 pro
671 321 793 360 salute
809 321 1038 374 reipublicae
1059 321 1190 374 gestis,
1208 322 1254 359 ad
1275 321 1394 375 hujus
1416 323 1595 362 criminis
1613 324 1681 361 de-

275 387 493 426 fensionem
513 402 594 426 non
614 388 850 433 abutemur,
882 388 953 426 nifi
984 389 1109 426 oculis
1140 388 1316 427 videritis
1348 390 1503 428 infidias
1525 391 1680 428 Miloni

275 467 296 491 a
317 453 462 492 Clodio
482 452 600 492 factas
620 469 629 492 :
662 467 735 492 nec
757 453 1003 506 deprecaturi
1024 454 1157 492 sumus
1173 484 1183 499 ‚
1217 464 1260 493 ut
1290 455 1442 494 crimen
1464 455 1540 494 hoc
1562 456 1676 494 nobis

273 519 401 557 multa
421 528 582 573 propter
600 520 782 573 praeclara
802 520 844 557 in
865 519 1155 572 rempublicam
1171 521 1309 559 merita
1325 521 1557 560 condonetis
1576 536 1583 559 :
1603 536 1674 560 nec

274 585 522 637 postulaturi,
554 595 613 631 ut,
646 586 671 624 fi
702 599 808 624 mors
840 586 885 624 P.
911 585 1046 624 Clodii
1076 586 1175 624 salus
1209 587 1329 625 vestra
1359 587 1494 633 fuerit,
1527 588 1677 628 idcirco

273 664 359 690 eam
379 652 518 690 virtuti
539 652 710 690 Milonis
731 653 880 704 potius,
899 665 1018 704 quam
1039 653 1179 705 populi
1201 653 1375 691 Romani
1395 653 1594 701 felicitati,
1616 655 1675 693 as-

273 716 448 769 fignetis.
494 717 567 755 Sed
581 747 593 763 ,
625 717 651 756 fi
673 717 781 756 illius
803 717 949 756 infidiae
970 718 1150 756 clariores
1173 717 1245 756 hac
1267 718 1355 757 luce
1377 718 1553 765 fuerint,
1588 730 1674 760 tum

274 781 444 836 denique
464 783 675 822 obsecrabo
696 783 998 836 obtestaborque
1018 797 1102 829 VOS,
1129 783 1305 835 Judices,
1338 785 1364 822 fi
1386 794 1522 823 caetera
1542 787 1673 825 amifi-

273 861 377 895 mus,
399 848 477 888 hoc
499 850 635 888 saltem
656 850 771 888 nobis
794 859 837 887 ut
859 849 1119 902 relinquatur,
1151 850 1199 887 ab
1220 850 1479 889 inimicorum
1500 852 1672 898 audacia,

274 915 454 969 telisque,
486 917 608 956 vitam
630 926 673 954 ut
694 916 860 969 impune
880 916 995 955 liceat
1016 916 1238 956 defendere.

327 983 407 1020 ΙΙΙ.
440 982 527 1027 Sed,
550 992 762 1035 antequam
783 982 829 1020 acl
850 996 936 1021 eam
956 983 1174 1022 orationem
1191 984 1320 1029 venio,
1339 999 1426 1036 quae
1446 985 1499 1024 est
1519 986 1677 1039 propria

273 1047 408 1087 nostrae
430 1048 669 1102 quaestioniS,
701 1048 885 1087 videntur
904 1062 946 1088 ea
965 1049 1038 1088 effe
1059 1048 1276 1095 refutanda,
1310 1064 1395 1102 quae
1416 1060 1455 1088 et
1480 1052 1520 1088 in
1542 1051 1675 1090 senatu

272 1112 369 1166 saepe
388 1113 437 1152 ab
457 1114 648 1160 inimicis,
671 1114 720 1152 ab
741 1114 935 1167 improbis
957 1114 1069 1167 saepe,
1086 1115 1228 1167 jaffi’fflta
1249 1115 1352 1160 sunt,
1372 1126 1409 1153 et
1426 1117 1465 1154 in
1484 1118 1675 1156 concione

271 1179 392 1217 etiam
421 1180 540 1233 paulo
569 1190 657 1218 ante
684 1180 731 1218 ab
761 1180 1079 1219 accusatoribus:
1114 1190 1171 1226 ut,
1205 1182 1316 1219 omni
1338 1191 1483 1220 terrore
1505 1182 1672 1228 sublato,

273 1257 356 1282 rem
376 1245 506 1297 plane,
537 1259 624 1298 quae
645 1246 752 1283 venit
773 1246 813 1283 in
830 1245 1046 1298 judicium,
1079 1246 1209 1284 videre
1230 1247 1394 1300 possitis.

332 1309 493 1362 Negant
523 1311 668 1348 intueri
698 1311 831 1349 lucem
860 1311 932 1349 effe
961 1310 1018 1349 fas
1049 1312 1109 1356 ei,
1142 1313 1211 1364 qui
1233 1327 1253 1350 a
1274 1313 1309 1351 se
1330 1312 1537 1352 hominem
1563 1316 1672 1352 occi-

274 1375 359 1413 sum
380 1375 452 1414 effe
472 1375 651 1414 fateatur.
694 1378 741 1415 In
763 1390 839 1429 qua
860 1376 1019 1415 tandem
1040 1378 1135 1415 urbe
1157 1377 1233 1416 hoc
1256 1378 1438 1417 homines
1460 1380 1674 1418 stulriffimi

273 1441 473 1495 disputant
492 1443 504 1479 ?
537 1456 679 1496 nempe
711 1443 751 1480 in
782 1457 838 1488 ea,
870 1457 956 1496 quae
976 1444 1152 1496 primum
1169 1444 1370 1496 judicium
1393 1446 1439 1484 de
1460 1447 1588 1498 capite
1610 1448 1671 1485 vi-

272 1507 331 1546 dit
352 1509 415 1547 M.
440 1509 626 1554 Horatii,
658 1508 857 1548 fortiffimi
878 1510 951 1548 viri
969 1529 980 1555 3
1014 1510 1107 1562 qui,
1140 1511 1321 1550 nondum
1341 1511 1465 1550 libera
1484 1513 1644 1551 civitate
1658 1543 1670 1559 ,

271 1584 402 1613 tamen
433 1575 574 1627 populi
607 1576 779 1613 Romani
811 1576 986 1613 comitiis
1017 1575 1204 1614 liberatus
1235 1577 1302 1622 est,
1334 1591 1428 1616 cum
1458 1578 1523 1616 sua
1551 1593 1674 1618 manu

272 1639 442 1678 sororem
463 1639 709 1678 interfectam
730 1640 802 1678 effe
823 1639 1024 1679 fateretur.

327 1707 393 1744 An
415 1706 467 1744 est
488 1706 697 1759 quisquam
712 1736 722 1751 ,
755 1707 824 1759 qui
854 1705 930 1744 hoc
961 1707 1116 1759 ignoret
1131 1736 1142 1752 ,
1174 1721 1268 1746 cum
1289 1707 1336 1746 de
1358 1707 1521 1747 homine
1542 1710 1673 1749 occiso

273 1782 467 1824 quaeratur
482 1802 492 1817 ,
525 1782 590 1810 aut
620 1773 751 1825 negari
782 1773 902 1810 solere
931 1773 1097 1810 omnino
1117 1773 1189 1811 effe
1210 1773 1359 1811 factum
1376 1804 1386 1819 ,
1419 1784 1485 1812 aut
1506 1777 1606 1813 redte
1627 1790 1670 1814 ac

265 1839 354 1890 jure
374 1838 523 1877 fatitum
543 1839 615 1878 effe
636 1837 794 1876 defendi
815 1840 827 1876 ?
860 1839 946 1878 Nifi
968 1853 1059 1877 vero
1079 1839 1308 1877 existimatis
1325 1870 1335 1885 ,
1369 1840 1594 1880 dementem
1623 1843 1668 1882 Ρ.

271 1904 508 1943 Africanum
527 1904 655 1950 fuiffe,
688 1906 772 1957 qui,
804 1919 897 1944 cum
918 1919 939 1942 a
960 1906 1008 1944 C.
1035 1905 1230 1951 Carbone,
1264 1906 1426 1945 tribuno
1454 1908 1596 1959 plebis,
1628 1909 1670 1947 in

270 1972 462 2010 concione
483 1971 659 2010 seditiose
680 1972 999 2024 interrogaretur,
1032 1972 1129 2024 quid
1157 1972 1204 2010 de
1225 1973 1322 2011 Tib.
1348 1974 1523 2012 Gracchi
1543 1985 1671 2013 morte

271 2037 454 2082 sentiret,
488 2037 687 2089 respondit
711 2039 800 2090 jure
830 2037 971 2076 caesum
999 2038 1136 2077 videri.
1170 2039 1314 2091 Neque
1334 2040 1441 2077 enim
1463 2040 1584 2093 poffet
1604 2052 1672 2079 aut

272 2102 400 2142 Ahala
420 2103 487 2141 ille
519 2103 703 2141 Servilius
720 2132 730 2147 ,
763 2112 829 2141 aut
851 2104 895 2141 P.
922 2104 1060 2142 Nafica
1076 2134 1086 2149 ,
1118 2114 1184 2142 aut
1206 2105 1255 2143 L.
1281 2106 1469 2157 Opimius
1486 2136 1496 2151 ,
1529 2117 1596 2145 aut
1618 2109 1666 2146 C.

273 2169 440 2214 Marius,
459 2179 539 2214 aut,
558 2183 620 2207 me
641 2169 814 2214 consule,
838 2170 1006 2214 senatus,
1030 2184 1108 2208 non
1132 2169 1302 2209 nefarius
1324 2170 1475 2217 haberi,
1499 2173 1525 2210 fi
1546 2173 1667 2211 scele-

274 2244 374 2272 ratos
395 2236 498 2272 cives
519 2233 688 2272 interfici
712 2235 817 2273 nefas
839 2235 943 2274 effet.
977 2237 1116 2288 Itaque
1136 2236 1213 2275 hoc
1227 2267 1237 2282 ,
1270 2237 1430 2288 Judices
1446 2268 1457 2283 ,
1490 2252 1569 2276 non
1591 2240 1669 2277 fine

273 2301 384 2339 causa
415 2302 532 2338 etiam
553 2300 652 2339 fieris
685 2300 830 2340 fabulis
852 2302 1061 2342 dofflffimi
1093 2303 1275 2342 homines
1298 2306 1498 2343 memoriae
1531 2306 1666 2357 prodi-

274 2368 429 2411 derunt,
466 2381 572 2412 eum,
605 2368 673 2419 qui
705 2369 823 2421 patris
858 2369 1072 2408 ulciscendi
1105 2371 1216 2408 causa
1246 2380 1414 2408 matrem
1446 2372 1665 2417 necavifl‘et,

272 2434 426 2473 variatis
460 2432 672 2472 hominum
708 2435 907 2474 sententiis
927 2465 937 2481 ,
970 2450 1048 2474 non
1089 2437 1216 2476 solum
1257 2437 1388 2475 divina
1405 2466 1415 2482 ,
1448 2437 1510 2474 scd
1548 2439 1666 2475 ctiam
