<?xml version="1.0" encoding="UTF-8"?>
<!DOCTYPE html PUBLIC "-//W3C//DTD XHTML 1.0 Transitional//EN"
    "http://www.w3.org/TR/xhtml1/DTD/xhtml1-transitional.dtd">
<html xmlns="http://www.w3.org/1999/xhtml" xml:lang="en" lang="en">
 <head>
  <title>
</title>
<meta http-equiv="Content-Type" content="text/html;charset=utf-8" />
  <meta name='ocr-system' content='tesseract 3.04.00' />
  <meta name='ocr-capabilities' content='ocr_page ocr_carea ocr_par ocr_line ocrx_word'/>
</head>
<body>
  <div class='ocr_page' id='page_1' title='image "./operacumindicibu06ciceuoft_0170.png"; bbox 0 0 2076 2860; ppageno 0'>
   <div class='ocr_carea' id='block_1_1' title="bbox 467 226 1382 271">
    <p class='ocr_par' dir='ltr' id='par_1_1' title="bbox 467 226 1382 271">
     <span class='ocr_line' id='line_1_1' title="bbox 467 226 1382 271; baseline -0.008 0"><span class='ocrx_word' id='word_1_1' title='bbox 467 233 541 271; x_wconf 82' lang='lat'>160</span> <span class='ocrx_word' id='word_1_2' title='bbox 939 226 1382 266; x_wconf 84' lang='lat' dir='ltr'><strong>ORATIO</strong></span> 
     </span>
    </p>
   </div>
   <div class='ocr_carea' id='block_1_2' title="bbox 460 326 1865 2551">
    <p class='ocr_par' dir='ltr' id='par_1_2' title="bbox 463 326 1851 514">
     <span class='ocr_line' id='line_1_2' title="bbox 463 326 1851 379; baseline -0.002 -11"><span class='ocrx_word' id='word_1_3' title='bbox 463 329 574 368; x_wconf 79' lang='lat' dir='ltr'>fuifl‘e</span> <span class='ocrx_word' id='word_1_4' title='bbox 605 328 780 367; x_wconf 88' lang='lat' dir='ltr'>consules</span> <span class='ocrx_word' id='word_1_5' title='bbox 811 326 1020 379; x_wconf 85' lang='lat' dir='ltr'>quisquam</span> <span class='ocrx_word' id='word_1_6' title='bbox 1049 326 1320 365; x_wconf 84' lang='lat' dir='ltr'>existimabit?</span> <span class='ocrx_word' id='word_1_7' title='bbox 1354 326 1436 378; x_wconf 87' lang='lat' dir='ltr'>Qi</span> <span class='ocrx_word' id='word_1_8' title='bbox 1467 326 1634 364; x_wconf 85' lang='lat' dir='ltr'>latrones</span> <span class='ocrx_word' id='word_1_9' title='bbox 1656 326 1793 379; x_wconf 82' lang='lat' dir='ltr'>igitur,</span> <span class='ocrx_word' id='word_1_10' title='bbox 1825 326 1851 365; x_wconf 87' lang='lat' dir='ltr'><strong>fi</strong></span> 
     </span>
     <span class='ocr_line' id='line_1_3' title="bbox 463 391 1850 448; baseline -0.002 -15"><span class='ocrx_word' id='word_1_11' title='bbox 463 395 625 448; x_wconf 87' lang='lat' dir='ltr'>quidem</span> <span class='ocrx_word' id='word_1_12' title='bbox 646 407 711 431; x_wconf 89' lang='lat' dir='ltr'>vos</span> <span class='ocrx_word' id='word_1_13' title='bbox 730 392 932 431; x_wconf 83' lang='lat' dir='ltr'>consules?</span> <span class='ocrx_word' id='word_1_14' title='bbox 951 392 1020 445; x_wconf 92' lang='lat' dir='ltr'>qui</span> <span class='ocrx_word' id='word_1_15' title='bbox 1041 392 1255 445; x_wconf 83' lang='lat' dir='ltr'>praedoneS‚</span> <span class='ocrx_word' id='word_1_16' title='bbox 1275 392 1344 444; x_wconf 89' lang='lat' dir='ltr'>qui</span> <span class='ocrx_word' id='word_1_17' title='bbox 1365 391 1507 437; x_wconf 85' lang='lat' dir='ltr'>hostes,</span> <span class='ocrx_word' id='word_1_18' title='bbox 1526 393 1594 445; x_wconf 89' lang='lat' dir='ltr'>qui</span> <span class='ocrx_word' id='word_1_19' title='bbox 1616 392 1850 445; x_wconf 85' lang='lat' dir='ltr'>proditores,</span> 
     </span>
     <span class='ocr_line' id='line_1_4' title="bbox 463 458 1071 514; baseline -0.005 -15"><span class='ocrx_word' id='word_1_20' title='bbox 463 463 532 514; x_wconf 89' lang='lat' dir='ltr'>qui</span> <span class='ocrx_word' id='word_1_21' title='bbox 554 460 706 512; x_wconf 78' lang='lat' dir='ltr'>tyranni</span> <span class='ocrx_word' id='word_1_22' title='bbox 728 458 1040 496; x_wconf 86' lang='lat' dir='ltr'>nominabuntur</span> <span class='ocrx_word' id='word_1_23' title='bbox 1058 460 1071 496; x_wconf 90' lang='lat'>?</span> 
     </span>
    </p>

    <p class='ocr_par' dir='ltr' id='par_1_3' title="bbox 460 523 1856 1170">
     <span class='ocr_line' id='line_1_5' title="bbox 518 523 1851 576; baseline -0.002 -13"><span class='ocrx_word' id='word_1_24' title='bbox 518 528 590 564; x_wconf 91' lang='lat' dir='ltr'>XI.</span> <span class='ocrx_word' id='word_1_25' title='bbox 625 527 823 576; x_wconf 83' lang='lat' dir='ltr'>Magnum</span> <span class='ocrx_word' id='word_1_26' title='bbox 853 537 997 562; x_wconf 87' lang='lat' dir='ltr'>nomen</span> <span class='ocrx_word' id='word_1_27' title='bbox 1029 523 1097 569; x_wconf 89' lang='lat' dir='ltr'>est,</span> <span class='ocrx_word' id='word_1_28' title='bbox 1129 537 1271 576; x_wconf 86' lang='lat' dir='ltr'>magna</span> <span class='ocrx_word' id='word_1_29' title='bbox 1301 523 1460 576; x_wconf 86' lang='lat' dir='ltr'>species,</span> <span class='ocrx_word' id='word_1_30' title='bbox 1492 537 1633 576; x_wconf 86' lang='lat' dir='ltr'>magna</span> <span class='ocrx_word' id='word_1_31' title='bbox 1664 524 1851 576; x_wconf 82' lang='lat' dir='ltr'>dignitas,</span> 
     </span>
     <span class='ocr_line' id='line_1_6' title="bbox 460 590 1853 644; baseline -0.001 -15"><span class='ocrx_word' id='word_1_32' title='bbox 460 605 600 644; x_wconf 81' lang='lat' dir='ltr'>magna</span> <span class='ocrx_word' id='word_1_33' title='bbox 617 591 789 643; x_wconf 84' lang='lat' dir='ltr'>majestas</span> <span class='ocrx_word' id='word_1_34' title='bbox 806 590 977 628; x_wconf 86' lang='lat' dir='ltr'>consulis</span> <span class='ocrx_word' id='word_1_35' title='bbox 992 604 1000 628; x_wconf 72' lang='grc' dir='ltr'>ε</span> <span class='ocrx_word' id='word_1_36' title='bbox 1025 603 1103 627; x_wconf 87' lang='lat' dir='ltr'>non</span> <span class='ocrx_word' id='word_1_37' title='bbox 1121 591 1283 642; x_wconf 85' lang='lat' dir='ltr'>capiunt</span> <span class='ocrx_word' id='word_1_38' title='bbox 1298 590 1480 642; x_wconf 67' lang='lat' dir='ltr'>angustiae</span> <span class='ocrx_word' id='word_1_39' title='bbox 1498 590 1663 642; x_wconf 58' lang='lat' dir='ltr'>pastoris</span> <span class='ocrx_word' id='word_1_40' title='bbox 1681 590 1755 635; x_wconf 91' lang='lat' dir='ltr'>tui,</span> <span class='ocrx_word' id='word_1_41' title='bbox 1773 603 1853 627; x_wconf 86' lang='lat' dir='ltr'>non</span> 
     </span>
     <span class='ocr_line' id='line_1_7' title="bbox 462 656 1854 710; baseline -0.002 -14"><span class='ocrx_word' id='word_1_42' title='bbox 462 658 602 710; x_wconf 81' lang='lat' dir='ltr'><strong>recipit</strong></span> <span class='ocrx_word' id='word_1_43' title='bbox 632 657 766 695; x_wconf 87' lang='lat' dir='ltr'>levitas</span> <span class='ocrx_word' id='word_1_44' title='bbox 800 657 867 694; x_wconf 87' lang='lat' dir='ltr'>ista</span> <span class='ocrx_word' id='word_1_45' title='bbox 882 686 892 701; x_wconf 88' lang='lat'>,</span> <span class='ocrx_word' id='word_1_46' title='bbox 925 670 1004 694; x_wconf 87' lang='lat' dir='ltr'>non</span> <span class='ocrx_word' id='word_1_47' title='bbox 1025 656 1168 708; x_wconf 87' lang='lat' dir='ltr'>egestas</span> <span class='ocrx_word' id='word_1_48' title='bbox 1189 656 1311 693; x_wconf 79' lang='lat' dir='ltr'>animi</span> <span class='ocrx_word' id='word_1_49' title='bbox 1330 671 1338 693; x_wconf 95' lang='lat'>:</span> <span class='ocrx_word' id='word_1_50' title='bbox 1373 670 1451 694; x_wconf 90' lang='lat' dir='ltr'>non</span> <span class='ocrx_word' id='word_1_51' title='bbox 1473 656 1680 694; x_wconf 84' lang='lat' dir='ltr'>infirmitas</span> <span class='ocrx_word' id='word_1_52' title='bbox 1703 656 1854 708; x_wconf 84' lang='lat' dir='ltr'>ingenii</span> 
     </span>
     <span class='ocr_line' id='line_1_8' title="bbox 462 720 1852 773; baseline -0.002 -11"><span class='ocrx_word' id='word_1_53' title='bbox 462 724 635 768; x_wconf 84' lang='lat' dir='ltr'>sustinet,</span> <span class='ocrx_word' id='word_1_54' title='bbox 668 737 746 760; x_wconf 89' lang='lat' dir='ltr'>non</span> <span class='ocrx_word' id='word_1_55' title='bbox 777 722 982 760; x_wconf 83' lang='lat' dir='ltr'>insolentia</span> <span class='ocrx_word' id='word_1_56' title='bbox 1012 735 1141 759; x_wconf 88' lang='lat' dir='ltr'>rerum</span> <span class='ocrx_word' id='word_1_57' title='bbox 1163 720 1433 766; x_wconf 79' lang='lat' dir='ltr'>secundarum,</span> <span class='ocrx_word' id='word_1_58' title='bbox 1466 730 1612 759; x_wconf 85' lang='lat' dir='ltr'>tantam</span> <span class='ocrx_word' id='word_1_59' title='bbox 1634 721 1852 773; x_wconf 86' lang='lat' dir='ltr'>personam,</span> 
     </span>
     <span class='ocr_line' id='line_1_9' title="bbox 463 783 1851 841; baseline -0.004 -13"><span class='ocrx_word' id='word_1_60' title='bbox 463 800 542 828; x_wconf 85' lang='lat' dir='ltr'>tam</span> <span class='ocrx_word' id='word_1_61' title='bbox 563 803 733 841; x_wconf 82' lang='lat' dir='ltr'>gravem,</span> <span class='ocrx_word' id='word_1_62' title='bbox 758 798 838 826; x_wconf 83' lang='lat' dir='ltr'>tam</span> <span class='ocrx_word' id='word_1_63' title='bbox 859 788 1040 825; x_wconf 87' lang='lat' dir='ltr'>severam.</span> <span class='ocrx_word' id='word_1_64' title='bbox 1061 783 1229 839; x_wconf 82' lang='lat' dir='ltr'>Seplasia</span> <span class='ocrx_word' id='word_1_65' title='bbox 1245 785 1456 831; x_wconf 84' lang='lat' dir='ltr'>mehercle,</span> <span class='ocrx_word' id='word_1_66' title='bbox 1474 795 1519 824; x_wconf 88' lang='lat' dir='ltr'>ut</span> <span class='ocrx_word' id='word_1_67' title='bbox 1534 787 1613 824; x_wconf 90' lang='lat' dir='ltr'>dici</span> <span class='ocrx_word' id='word_1_68' title='bbox 1631 787 1851 832; x_wconf 84' lang='lat' dir='ltr'>audiebam,</span> 
     </span>
     <span class='ocr_line' id='line_1_10' title="bbox 463 851 1854 907; baseline -0.002 -14"><span class='ocrx_word' id='word_1_69' title='bbox 463 866 499 893; x_wconf 91' lang='lat' dir='ltr'>te</span> <span class='ocrx_word' id='word_1_70' title='bbox 530 865 572 893; x_wconf 92' lang='lat' dir='ltr'>ut</span> <span class='ocrx_word' id='word_1_71' title='bbox 602 855 778 907; x_wconf 87' lang='lat' dir='ltr'>primum</span> <span class='ocrx_word' id='word_1_72' title='bbox 798 854 971 906; x_wconf 77' lang='lat' dir='ltr'>aspexit,</span> <span class='ocrx_word' id='word_1_73' title='bbox 1005 854 1255 905; x_wconf 82' lang='lat' dir='ltr'>Campanum</span> <span class='ocrx_word' id='word_1_74' title='bbox 1276 852 1479 890; x_wconf 88' lang='lat' dir='ltr'>consulem</span> <span class='ocrx_word' id='word_1_75' title='bbox 1500 851 1733 904; x_wconf 86' lang='lat' dir='ltr'>repudiavit.</span> <span class='ocrx_word' id='word_1_76' title='bbox 1766 853 1854 890; x_wconf 89' lang='lat' dir='ltr'>Au·-</span> 
     </span>
     <span class='ocr_line' id='line_1_11' title="bbox 463 917 1854 971; baseline -0.001 -13"><span class='ocrx_word' id='word_1_77' title='bbox 463 922 583 958; x_wconf 88' lang='lat' dir='ltr'>dierat</span> <span class='ocrx_word' id='word_1_78' title='bbox 606 921 751 958; x_wconf 81' lang='lat' dir='ltr'>Decios</span> <span class='ocrx_word' id='word_1_79' title='bbox 767 950 777 965; x_wconf 93' lang='lat'>,</span> <span class='ocrx_word' id='word_1_80' title='bbox 810 920 967 971; x_wconf 82' lang='lat' dir='ltr'>Magios</span> <span class='ocrx_word' id='word_1_81' title='bbox 983 948 994 964; x_wconf 96' lang='lat'>,</span> <span class='ocrx_word' id='word_1_82' title='bbox 1026 928 1064 956; x_wconf 92' lang='lat' dir='ltr'>et</span> <span class='ocrx_word' id='word_1_83' title='bbox 1085 919 1132 956; x_wconf 88' lang='lat' dir='ltr'>de</span> <span class='ocrx_word' id='word_1_84' title='bbox 1153 920 1306 956; x_wconf 82' lang='lat' dir='ltr'>Taurea</span> <span class='ocrx_word' id='word_1_85' title='bbox 1326 918 1397 955; x_wconf 93' lang='lat' dir='ltr'>illo</span> <span class='ocrx_word' id='word_1_86' title='bbox 1418 918 1595 968; x_wconf 90' lang='lat' dir='ltr'>Jubellio</span> <span class='ocrx_word' id='word_1_87' title='bbox 1615 917 1767 969; x_wconf 90' lang='lat' dir='ltr'>aliquid</span> <span class='ocrx_word' id='word_1_88' title='bbox 1787 931 1854 956; x_wconf 90' lang='lat' dir='ltr'>ac-</span> 
     </span>
     <span class='ocr_line' id='line_1_12' title="bbox 464 983 1856 1040; baseline -0.003 -15"><span class='ocrx_word' id='word_1_89' title='bbox 464 996 616 1040; x_wconf 86' lang='lat' dir='ltr'>ceperat</span> <span class='ocrx_word' id='word_1_90' title='bbox 635 1003 642 1025; x_wconf 92' lang='lat'>:</span> <span class='ocrx_word' id='word_1_91' title='bbox 677 987 715 1023; x_wconf 91' lang='lat' dir='ltr'>in</span> <span class='ocrx_word' id='word_1_92' title='bbox 738 986 882 1038; x_wconf 87' lang='lat' dir='ltr'>quibus</span> <span class='ocrx_word' id='word_1_93' title='bbox 905 986 930 1023; x_wconf 87' lang='lat' dir='ltr'>fi</span> <span class='ocrx_word' id='word_1_94' title='bbox 952 984 1168 1022; x_wconf 87' lang='lat' dir='ltr'>moderatio</span> <span class='ocrx_word' id='word_1_95' title='bbox 1189 984 1281 1028; x_wconf 87' lang='lat' dir='ltr'>illa,</span> <span class='ocrx_word' id='word_1_96' title='bbox 1313 998 1399 1036; x_wconf 83' lang='lat' dir='ltr'>quae</span> <span class='ocrx_word' id='word_1_97' title='bbox 1428 985 1468 1021; x_wconf 92' lang='lat' dir='ltr'>in</span> <span class='ocrx_word' id='word_1_98' title='bbox 1500 983 1637 1021; x_wconf 90' lang='lat' dir='ltr'>nostris</span> <span class='ocrx_word' id='word_1_99' title='bbox 1668 983 1764 1021; x_wconf 86' lang='lat' dir='ltr'>solet</span> <span class='ocrx_word' id='word_1_100' title='bbox 1783 983 1856 1022; x_wconf 85' lang='lat' dir='ltr'>effe</span> 
     </span>
     <span class='ocr_line' id='line_1_13' title="bbox 465 1049 1854 1103; baseline -0.003 -13"><span class='ocrx_word' id='word_1_101' title='bbox 465 1054 706 1097; x_wconf 84' lang='lat' dir='ltr'>consulibus,</span> <span class='ocrx_word' id='word_1_102' title='bbox 731 1066 809 1089; x_wconf 88' lang='lat' dir='ltr'>non</span> <span class='ocrx_word' id='word_1_103' title='bbox 830 1051 936 1096; x_wconf 79' lang='lat' dir='ltr'>fuit3</span> <span class='ocrx_word' id='word_1_104' title='bbox 959 1060 997 1088; x_wconf 89' lang='lat' dir='ltr'>at</span> <span class='ocrx_word' id='word_1_105' title='bbox 1017 1049 1095 1087; x_wconf 89' lang='lat' dir='ltr'>fuit</span> <span class='ocrx_word' id='word_1_106' title='bbox 1115 1063 1275 1103; x_wconf 86' lang='lat' dir='ltr'>pompa,</span> <span class='ocrx_word' id='word_1_107' title='bbox 1293 1049 1371 1087; x_wconf 90' lang='lat' dir='ltr'>fuit</span> <span class='ocrx_word' id='word_1_108' title='bbox 1393 1050 1552 1102; x_wconf 83' lang='lat' dir='ltr'>species,</span> <span class='ocrx_word' id='word_1_109' title='bbox 1574 1049 1653 1086; x_wconf 80' lang='lat' dir='ltr'>fuit</span> <span class='ocrx_word' id='word_1_110' title='bbox 1673 1049 1854 1094; x_wconf 76' lang='lat' dir='ltr'>incefl‘us,</span> 
     </span>
     <span class='ocr_line' id='line_1_14' title="bbox 467 1117 1199 1170; baseline -0.005 -14"><span class='ocrx_word' id='word_1_111' title='bbox 467 1119 599 1156; x_wconf 84' lang='lat' dir='ltr'>saltem</span> <span class='ocrx_word' id='word_1_112' title='bbox 621 1118 783 1170; x_wconf 76' lang='lat' dir='ltr'>Seplasia</span> <span class='ocrx_word' id='word_1_113' title='bbox 803 1117 960 1168; x_wconf 84' lang='lat' dir='ltr'>dignus,</span> <span class='ocrx_word' id='word_1_114' title='bbox 992 1126 1030 1153; x_wconf 91' lang='lat' dir='ltr'>et</span> <span class='ocrx_word' id='word_1_115' title='bbox 1052 1117 1199 1167; x_wconf 85' lang='lat' dir='ltr'>Capua.</span> 
     </span>
    </p>

    <p class='ocr_par' dir='ltr' id='par_1_4' title="bbox 464 1179 1859 2091">
     <span class='ocr_line' id='line_1_15' title="bbox 521 1179 1855 1235; baseline -0.004 -14"><span class='ocrx_word' id='word_1_116' title='bbox 521 1184 742 1222; x_wconf 86' lang='lat' dir='ltr'>Gabinium</span> <span class='ocrx_word' id='word_1_117' title='bbox 763 1183 931 1235; x_wconf 88' lang='lat' dir='ltr'>denique</span> <span class='ocrx_word' id='word_1_118' title='bbox 947 1182 973 1219; x_wconf 89' lang='lat' dir='ltr'><strong>fi</strong></span> <span class='ocrx_word' id='word_1_119' title='bbox 990 1181 1169 1218; x_wconf 83' lang='lat' dir='ltr'>vidiffent</span> <span class='ocrx_word' id='word_1_120' title='bbox 1185 1180 1440 1218; x_wconf 86' lang='lat' dir='ltr'>duumvirum</span> <span class='ocrx_word' id='word_1_121' title='bbox 1457 1179 1569 1216; x_wconf 86' lang='lat' dir='ltr'>vestri</span> <span class='ocrx_word' id='word_1_122' title='bbox 1591 1179 1651 1217; x_wconf 91' lang='lat' dir='ltr'>illi</span> <span class='ocrx_word' id='word_1_123' title='bbox 1673 1193 1855 1231; x_wconf 86' lang='lat' dir='ltr'>unguen-</span> 
     </span>
     <span class='ocr_line' id='line_1_16' title="bbox 467 1244 1854 1300; baseline -0.004 -14"><span class='ocrx_word' id='word_1_124' title='bbox 467 1250 550 1286; x_wconf 70' lang='lat' dir='ltr'>tarii</span> <span class='ocrx_word' id='word_1_125' title='bbox 568 1279 577 1294; x_wconf 85' lang='lat'>‚</span> <span class='ocrx_word' id='word_1_126' title='bbox 610 1249 727 1285; x_wconf 86' lang='lat' dir='ltr'>citius</span> <span class='ocrx_word' id='word_1_127' title='bbox 749 1246 1002 1300; x_wconf 82' lang='lat' dir='ltr'>agnoviffent.</span> <span class='ocrx_word' id='word_1_128' title='bbox 1040 1247 1163 1283; x_wconf 84' lang='lat' dir='ltr'>Erant</span> <span class='ocrx_word' id='word_1_129' title='bbox 1184 1245 1244 1282; x_wconf 89' lang='lat' dir='ltr'>illi</span> <span class='ocrx_word' id='word_1_130' title='bbox 1266 1245 1418 1296; x_wconf 86' lang='lat' dir='ltr'>compti</span> <span class='ocrx_word' id='word_1_131' title='bbox 1439 1245 1599 1296; x_wconf 84' lang='lat' dir='ltr'>capilli,</span> <span class='ocrx_word' id='word_1_132' title='bbox 1631 1253 1670 1281; x_wconf 90' lang='lat' dir='ltr'>et</span> <span class='ocrx_word' id='word_1_133' title='bbox 1691 1244 1854 1281; x_wconf 90' lang='lat' dir='ltr'>maden-</span> 
     </span>
     <span class='ocr_line' id='line_1_17' title="bbox 468 1308 1854 1360; baseline -0.004 -8"><span class='ocrx_word' id='word_1_134' title='bbox 468 1325 521 1352; x_wconf 82' lang='lat' dir='ltr'>tes</span> <span class='ocrx_word' id='word_1_135' title='bbox 561 1315 837 1352; x_wconf 88' lang='lat' dir='ltr'>cincinnorum</span> <span class='ocrx_word' id='word_1_136' title='bbox 878 1312 1042 1349; x_wconf 80' lang='lat' dir='ltr'>fimbriae</span> <span class='ocrx_word' id='word_1_137' title='bbox 1061 1341 1070 1355; x_wconf 94' lang='lat'>‚</span> <span class='ocrx_word' id='word_1_138' title='bbox 1103 1320 1141 1348; x_wconf 88' lang='lat' dir='ltr'>et</span> <span class='ocrx_word' id='word_1_139' title='bbox 1180 1310 1343 1347; x_wconf 82' lang='lat' dir='ltr'>fluentes</span> <span class='ocrx_word' id='word_1_140' title='bbox 1384 1308 1657 1360; x_wconf 78' lang='lat' dir='ltr'>ceruffataeque</span> <span class='ocrx_word' id='word_1_141' title='bbox 1692 1308 1824 1347; x_wconf 88' lang='lat' dir='ltr'>buccae</span> <span class='ocrx_word' id='word_1_142' title='bbox 1842 1337 1854 1354; x_wconf 87' lang='lat'>‚</span> 
     </span>
     <span class='ocr_line' id='line_1_18' title="bbox 465 1374 1855 1432; baseline -0.005 -14"><span class='ocrx_word' id='word_1_143' title='bbox 465 1382 592 1432; x_wconf 82' lang='lat' dir='ltr'>dignae</span> <span class='ocrx_word' id='word_1_144' title='bbox 615 1381 761 1431; x_wconf 86' lang='lat' dir='ltr'>Capua,</span> <span class='ocrx_word' id='word_1_145' title='bbox 786 1377 849 1415; x_wconf 90' lang='lat' dir='ltr'>sed</span> <span class='ocrx_word' id='word_1_146' title='bbox 869 1377 937 1414; x_wconf 83' lang='lat' dir='ltr'>illa</span> <span class='ocrx_word' id='word_1_147' title='bbox 957 1386 1098 1414; x_wconf 90' lang='lat' dir='ltr'>vetere.</span> <span class='ocrx_word' id='word_1_148' title='bbox 1122 1376 1229 1414; x_wconf 84' lang='lat' dir='ltr'>Nam</span> <span class='ocrx_word' id='word_1_149' title='bbox 1250 1374 1333 1413; x_wconf 87' lang='lat' dir='ltr'>haec</span> <span class='ocrx_word' id='word_1_150' title='bbox 1354 1374 1529 1426; x_wconf 88' lang='lat' dir='ltr'>quidem,</span> <span class='ocrx_word' id='word_1_151' title='bbox 1553 1388 1639 1426; x_wconf 86' lang='lat' dir='ltr'>quae</span> <span class='ocrx_word' id='word_1_152' title='bbox 1660 1387 1766 1411; x_wconf 88' lang='lat' dir='ltr'>nunc</span> <span class='ocrx_word' id='word_1_153' title='bbox 1787 1374 1855 1420; x_wconf 91' lang='lat' dir='ltr'>est,</span> 
     </span>
     <span class='ocr_line' id='line_1_19' title="bbox 466 1441 1856 1499; baseline -0.005 -15"><span class='ocrx_word' id='word_1_154' title='bbox 466 1446 862 1499; x_wconf 71' lang='lat' dir='ltr'>splendidissimorum</span> <span class='ocrx_word' id='word_1_155' title='bbox 882 1443 1109 1487; x_wconf 88' lang='lat' dir='ltr'>hominum,</span> <span class='ocrx_word' id='word_1_156' title='bbox 1141 1441 1441 1479; x_wconf 68' lang='lat' dir='ltr'>fortissimorum</span> <span class='ocrx_word' id='word_1_157' title='bbox 1462 1441 1651 1485; x_wconf 86' lang='lat' dir='ltr'>virorum,</span> <span class='ocrx_word' id='word_1_158' title='bbox 1678 1441 1856 1492; x_wconf 87' lang='lat' dir='ltr'>optimo-</span> 
     </span>
     <span class='ocr_line' id='line_1_20' title="bbox 467 1506 1855 1562; baseline -0.004 -12"><span class='ocrx_word' id='word_1_159' title='bbox 467 1527 553 1550; x_wconf 87' lang='lat' dir='ltr'>rum</span> <span class='ocrx_word' id='word_1_160' title='bbox 574 1512 721 1550; x_wconf 88' lang='lat' dir='ltr'>civium</span> <span class='ocrx_word' id='word_1_161' title='bbox 738 1541 748 1556; x_wconf 91' lang='lat'>‚</span> <span class='ocrx_word' id='word_1_162' title='bbox 776 1509 956 1562; x_wconf 87' lang='lat' dir='ltr'>mihique</span> <span class='ocrx_word' id='word_1_163' title='bbox 977 1508 1299 1546; x_wconf 80' lang='lat' dir='ltr'>amicissimorum</span> <span class='ocrx_word' id='word_1_164' title='bbox 1315 1537 1325 1552; x_wconf 97' lang='lat'>,</span> <span class='ocrx_word' id='word_1_165' title='bbox 1358 1506 1617 1544; x_wconf 83' lang='lat' dir='ltr'>multitudine</span> <span class='ocrx_word' id='word_1_166' title='bbox 1637 1506 1827 1544; x_wconf 88' lang='lat' dir='ltr'>redundat</span> <span class='ocrx_word' id='word_1_167' title='bbox 1845 1521 1855 1545; x_wconf 89' lang='lat'>:</span> 
     </span>
     <span class='ocr_line' id='line_1_21' title="bbox 465 1573 1859 1630; baseline -0.005 -14"><span class='ocrx_word' id='word_1_168' title='bbox 465 1592 636 1630; x_wconf 84' lang='lat' dir='ltr'>quorum</span> <span class='ocrx_word' id='word_1_169' title='bbox 659 1579 802 1629; x_wconf 80' lang='lat' dir='ltr'>Capuae</span> <span class='ocrx_word' id='word_1_170' title='bbox 825 1586 861 1614; x_wconf 90' lang='lat' dir='ltr'>te</span> <span class='ocrx_word' id='word_1_171' title='bbox 882 1583 1157 1628; x_wconf 69' lang='lat' dir='ltr'>praetextatum</span> <span class='ocrx_word' id='word_1_172' title='bbox 1174 1587 1290 1612; x_wconf 88' lang='lat' dir='ltr'>nemo</span> <span class='ocrx_word' id='word_1_173' title='bbox 1311 1573 1473 1625; x_wconf 86' lang='lat' dir='ltr'>aspexit,</span> <span class='ocrx_word' id='word_1_174' title='bbox 1491 1573 1560 1625; x_wconf 89' lang='lat' dir='ltr'>qui</span> <span class='ocrx_word' id='word_1_175' title='bbox 1582 1585 1661 1610; x_wconf 90' lang='lat' dir='ltr'>non</span> <span class='ocrx_word' id='word_1_176' title='bbox 1683 1581 1859 1624; x_wconf 89' lang='lat' dir='ltr'>gemeret</span> 
     </span>
     <span class='ocr_line' id='line_1_22' title="bbox 464 1637 1859 1693; baseline -0.005 -12"><span class='ocrx_word' id='word_1_177' title='bbox 464 1643 650 1681; x_wconf 81' lang='lat' dir='ltr'>defiderio</span> <span class='ocrx_word' id='word_1_178' title='bbox 667 1643 759 1687; x_wconf 88' lang='lat' dir='ltr'>mei,</span> <span class='ocrx_word' id='word_1_179' title='bbox 778 1642 890 1693; x_wconf 87' lang='lat' dir='ltr'>cujus</span> <span class='ocrx_word' id='word_1_180' title='bbox 907 1640 1070 1678; x_wconf 89' lang='lat' dir='ltr'>confilio</span> <span class='ocrx_word' id='word_1_181' title='bbox 1091 1653 1183 1677; x_wconf 90' lang='lat' dir='ltr'>curn</span> <span class='ocrx_word' id='word_1_182' title='bbox 1204 1638 1424 1677; x_wconf 86' lang='lat' dir='ltr'>universam</span> <span class='ocrx_word' id='word_1_183' title='bbox 1445 1637 1749 1690; x_wconf 86' lang='lat' dir='ltr'>rempublicam,</span> <span class='ocrx_word' id='word_1_184' title='bbox 1772 1645 1859 1675; x_wconf 90' lang='lat' dir='ltr'>tum</span> 
     </span>
     <span class='ocr_line' id='line_1_23' title="bbox 465 1701 1856 1761; baseline -0.004 -15"><span class='ocrx_word' id='word_1_185' title='bbox 465 1709 576 1747; x_wconf 86' lang='lat' dir='ltr'>illam</span> <span class='ocrx_word' id='word_1_186' title='bbox 597 1708 719 1761; x_wconf 86' lang='lat' dir='ltr'>ipsam</span> <span class='ocrx_word' id='word_1_187' title='bbox 741 1707 894 1751; x_wconf 84' lang='lat' dir='ltr'>urbem,</span> <span class='ocrx_word' id='word_1_188' title='bbox 918 1706 1150 1744; x_wconf 88' lang='lat' dir='ltr'>meminerat</span> <span class='ocrx_word' id='word_1_189' title='bbox 1170 1705 1241 1742; x_wconf 84' lang='lat' dir='ltr'>effe</span> <span class='ocrx_word' id='word_1_190' title='bbox 1262 1704 1462 1742; x_wconf 86' lang='lat' dir='ltr'>servatam.</span> <span class='ocrx_word' id='word_1_191' title='bbox 1496 1703 1567 1741; x_wconf 85' lang='lat' dir='ltr'>Me</span> <span class='ocrx_word' id='word_1_192' title='bbox 1588 1703 1763 1741; x_wconf 87' lang='lat' dir='ltr'>inaurata</span> <span class='ocrx_word' id='word_1_193' title='bbox 1781 1701 1856 1741; x_wconf 89' lang='lat' dir='ltr'>sta—</span> 
     </span>
     <span class='ocr_line' id='line_1_24' title="bbox 466 1767 1859 1824; baseline -0.004 -12"><span class='ocrx_word' id='word_1_194' title='bbox 466 1785 532 1812; x_wconf 86' lang='lat' dir='ltr'>tua</span> <span class='ocrx_word' id='word_1_195' title='bbox 552 1775 755 1817; x_wconf 85' lang='lat' dir='ltr'>donarant,</span> <span class='ocrx_word' id='word_1_196' title='bbox 787 1786 850 1810; x_wconf 86' lang='lat' dir='ltr'>me</span> <span class='ocrx_word' id='word_1_197' title='bbox 875 1781 1085 1824; x_wconf 89' lang='lat' dir='ltr'>patronum</span> <span class='ocrx_word' id='word_1_198' title='bbox 1106 1784 1232 1808; x_wconf 89' lang='lat' dir='ltr'>unum</span> <span class='ocrx_word' id='word_1_199' title='bbox 1252 1770 1504 1814; x_wconf 86' lang='lat' dir='ltr'>adsciverant,</span> <span class='ocrx_word' id='word_1_200' title='bbox 1536 1783 1557 1806; x_wconf 88' lang='lat' dir='ltr'>a</span> <span class='ocrx_word' id='word_1_201' title='bbox 1576 1783 1639 1807; x_wconf 89' lang='lat' dir='ltr'>me</span> <span class='ocrx_word' id='word_1_202' title='bbox 1660 1768 1696 1806; x_wconf 90' lang='lat' dir='ltr'>se</span> <span class='ocrx_word' id='word_1_203' title='bbox 1715 1767 1859 1806; x_wconf 86' lang='lat' dir='ltr'>habere</span> 
     </span>
     <span class='ocr_line' id='line_1_25' title="bbox 465 1834 1857 1885; baseline -0.004 -8"><span class='ocrx_word' id='word_1_204' title='bbox 465 1841 601 1884; x_wconf 84' lang='lat' dir='ltr'>vitam,</span> <span class='ocrx_word' id='word_1_205' title='bbox 625 1839 816 1882; x_wconf 85' lang='lat' dir='ltr'>fortunas,</span> <span class='ocrx_word' id='word_1_206' title='bbox 848 1837 1007 1880; x_wconf 87' lang='lat' dir='ltr'>liberos,</span> <span class='ocrx_word' id='word_1_207' title='bbox 1030 1835 1342 1879; x_wconf 86' lang='lat' dir='ltr'>arbitrabantur;</span> <span class='ocrx_word' id='word_1_208' title='bbox 1367 1848 1430 1872; x_wconf 89' lang='lat' dir='ltr'>me</span> <span class='ocrx_word' id='word_1_209' title='bbox 1450 1844 1489 1871; x_wconf 88' lang='lat' dir='ltr'>et</span> <span class='ocrx_word' id='word_1_210' title='bbox 1509 1834 1736 1885; x_wconf 74' lang='lat' dir='ltr'>praesentem</span> <span class='ocrx_word' id='word_1_211' title='bbox 1757 1847 1857 1872; x_wconf 86' lang='lat' dir='ltr'>con-</span> 
     </span>
     <span class='ocr_line' id='line_1_26' title="bbox 469 1898 1858 1955; baseline -0.004 -12"><span class='ocrx_word' id='word_1_212' title='bbox 469 1916 525 1943; x_wconf 84' lang='lat' dir='ltr'>tra</span> <span class='ocrx_word' id='word_1_213' title='bbox 555 1904 807 1942; x_wconf 86' lang='lat' dir='ltr'>latrocinium</span> <span class='ocrx_word' id='word_1_214' title='bbox 838 1911 953 1940; x_wconf 89' lang='lat' dir='ltr'>tuum</span> <span class='ocrx_word' id='word_1_215' title='bbox 983 1901 1059 1955; x_wconf 79' lang='lat' dir='ltr'>suis</span> <span class='ocrx_word' id='word_1_216' title='bbox 1081 1900 1245 1938; x_wconf 88' lang='lat' dir='ltr'>decretis</span> <span class='ocrx_word' id='word_1_217' title='bbox 1266 1899 1481 1952; x_wconf 88' lang='lat' dir='ltr'>legatisque</span> <span class='ocrx_word' id='word_1_218' title='bbox 1501 1898 1786 1944; x_wconf 87' lang='lat' dir='ltr'>defenderunt,</span> <span class='ocrx_word' id='word_1_219' title='bbox 1817 1907 1858 1937; x_wconf 87' lang='lat' dir='ltr'>et</span> 
     </span>
     <span class='ocr_line' id='line_1_27' title="bbox 467 1964 1858 2022; baseline -0.005 -13"><span class='ocrx_word' id='word_1_220' title='bbox 467 1972 665 2009; x_wconf 87' lang='lat' dir='ltr'>absentem</span> <span class='ocrx_word' id='word_1_221' title='bbox 681 1999 691 2015; x_wconf 88' lang='lat'>,</span> <span class='ocrx_word' id='word_1_222' title='bbox 724 1968 901 2022; x_wconf 81' lang='lat' dir='ltr'>principe</span> <span class='ocrx_word' id='word_1_223' title='bbox 928 1968 1004 2005; x_wconf 91' lang='lat' dir='ltr'>Cn.</span> <span class='ocrx_word' id='word_1_224' title='bbox 1024 1967 1215 2019; x_wconf 86' lang='lat' dir='ltr'>Pompeio</span> <span class='ocrx_word' id='word_1_225' title='bbox 1236 1964 1439 2009; x_wconf 85' lang='lat' dir='ltr'>referente,</span> <span class='ocrx_word' id='word_1_226' title='bbox 1471 1973 1510 2002; x_wconf 88' lang='lat' dir='ltr'>et</span> <span class='ocrx_word' id='word_1_227' title='bbox 1530 1964 1576 2002; x_wconf 87' lang='lat' dir='ltr'>de</span> <span class='ocrx_word' id='word_1_228' title='bbox 1597 1977 1760 2017; x_wconf 90' lang='lat' dir='ltr'>corpore</span> <span class='ocrx_word' id='word_1_229' title='bbox 1779 1964 1858 2002; x_wconf 87' lang='lat' dir='ltr'>rei-</span> 
     </span>
     <span class='ocr_line' id='line_1_28' title="bbox 468 2032 1644 2091; baseline -0.007 -16"><span class='ocrx_word' id='word_1_230' title='bbox 468 2038 636 2091; x_wconf 82' lang='lat' dir='ltr'>publicae</span> <span class='ocrx_word' id='word_1_231' title='bbox 659 2045 817 2073; x_wconf 88' lang='lat' dir='ltr'>tuorum</span> <span class='ocrx_word' id='word_1_232' title='bbox 839 2033 1028 2071; x_wconf 88' lang='lat' dir='ltr'>scelerum</span> <span class='ocrx_word' id='word_1_233' title='bbox 1051 2032 1126 2070; x_wconf 90' lang='lat' dir='ltr'>tela</span> <span class='ocrx_word' id='word_1_234' title='bbox 1146 2032 1369 2076; x_wconf 88' lang='lat' dir='ltr'>revellente,</span> <span class='ocrx_word' id='word_1_235' title='bbox 1402 2039 1644 2068; x_wconf 88' lang='lat' dir='ltr'>revocarunt.</span> 
     </span>
    </p>

    <p class='ocr_par' dir='ltr' id='par_1_5' title="bbox 468 2096 1865 2551">
     <span class='ocr_line' id='line_1_29' title="bbox 525 2096 1855 2145; baseline -0.006 -3"><span class='ocrx_word' id='word_1_236' title='bbox 525 2106 589 2142; x_wconf 87' lang='lat' dir='ltr'>An</span> <span class='ocrx_word' id='word_1_237' title='bbox 623 2113 663 2141; x_wconf 90' lang='lat' dir='ltr'>tu</span> <span class='ocrx_word' id='word_1_238' title='bbox 697 2116 776 2140; x_wconf 87' lang='lat' dir='ltr'>eras</span> <span class='ocrx_word' id='word_1_239' title='bbox 809 2100 970 2145; x_wconf 82' lang='lat' dir='ltr'>consul,</span> <span class='ocrx_word' id='word_1_240' title='bbox 1003 2113 1096 2137; x_wconf 90' lang='lat' dir='ltr'>cum</span> <span class='ocrx_word' id='word_1_241' title='bbox 1129 2100 1168 2137; x_wconf 84' lang='lat' dir='ltr'>in</span> <span class='ocrx_word' id='word_1_242' title='bbox 1203 2098 1351 2136; x_wconf 88' lang='lat' dir='ltr'>Palatio</span> <span class='ocrx_word' id='word_1_243' title='bbox 1386 2111 1472 2136; x_wconf 87' lang='lat' dir='ltr'>mea</span> <span class='ocrx_word' id='word_1_244' title='bbox 1502 2097 1643 2135; x_wconf 86' lang='lat' dir='ltr'>domus</span> <span class='ocrx_word' id='word_1_245' title='bbox 1672 2096 1855 2142; x_wconf 89' lang='lat' dir='ltr'>ardebat,</span> 
     </span>
     <span class='ocr_line' id='line_1_30' title="bbox 468 2161 1858 2221; baseline -0.006 -13"><span class='ocrx_word' id='word_1_246' title='bbox 468 2184 546 2208; x_wconf 89' lang='lat' dir='ltr'>non</span> <span class='ocrx_word' id='word_1_247' title='bbox 568 2169 655 2208; x_wconf 90' lang='lat' dir='ltr'>casu</span> <span class='ocrx_word' id='word_1_248' title='bbox 675 2168 808 2221; x_wconf 85' lang='lat' dir='ltr'>aliquo</span> <span class='ocrx_word' id='word_1_249' title='bbox 823 2198 834 2213; x_wconf 93' lang='lat'>,</span> <span class='ocrx_word' id='word_1_250' title='bbox 867 2166 929 2204; x_wconf 90' lang='lat' dir='ltr'>sed</span> <span class='ocrx_word' id='word_1_251' title='bbox 959 2166 1117 2218; x_wconf 88' lang='lat' dir='ltr'>ignibus</span> <span class='ocrx_word' id='word_1_252' title='bbox 1140 2165 1292 2217; x_wconf 62' lang='lat' dir='ltr'>injedfis</span> <span class='ocrx_word' id='word_1_253' title='bbox 1308 2194 1319 2210; x_wconf 92' lang='lat'>,</span> <span class='ocrx_word' id='word_1_254' title='bbox 1351 2163 1559 2215; x_wconf 77' lang='lat' dir='ltr'>instIgante</span> <span class='ocrx_word' id='word_1_255' title='bbox 1586 2172 1623 2201; x_wconf 89' lang='lat' dir='ltr'>te</span> <span class='ocrx_word' id='word_1_256' title='bbox 1642 2163 1655 2200; x_wconf 92' lang='lat'>?</span> <span class='ocrx_word' id='word_1_257' title='bbox 1688 2161 1858 2215; x_wconf 92' lang='lat' dir='ltr'>Ecquod</span> 
     </span>
     <span class='ocr_line' id='line_1_31' title="bbox 469 2228 1856 2286; baseline -0.006 -11"><span class='ocrx_word' id='word_1_258' title='bbox 469 2238 509 2275; x_wconf 85' lang='lat' dir='ltr'>in</span> <span class='ocrx_word' id='word_1_259' title='bbox 531 2236 603 2274; x_wconf 88' lang='lat' dir='ltr'>hac</span> <span class='ocrx_word' id='word_1_260' title='bbox 626 2235 721 2273; x_wconf 90' lang='lat' dir='ltr'>urbe</span> <span class='ocrx_word' id='word_1_261' title='bbox 741 2235 815 2286; x_wconf 85' lang='lat' dir='ltr'>maj</span> <span class='ocrx_word' id='word_1_262' title='bbox 824 2247 866 2271; x_wconf 93' lang='lat' dir='ltr'>us</span> <span class='ocrx_word' id='word_1_263' title='bbox 882 2245 1059 2285; x_wconf 90' lang='lat' dir='ltr'>unquam</span> <span class='ocrx_word' id='word_1_264' title='bbox 1077 2231 1305 2269; x_wconf 89' lang='lat' dir='ltr'>incendium</span> <span class='ocrx_word' id='word_1_265' title='bbox 1322 2229 1414 2275; x_wconf 85' lang='lat' dir='ltr'>fuit,</span> <span class='ocrx_word' id='word_1_266' title='bbox 1433 2230 1497 2267; x_wconf 90' lang='lat' dir='ltr'>cui</span> <span class='ocrx_word' id='word_1_267' title='bbox 1515 2243 1593 2268; x_wconf 87' lang='lat' dir='ltr'>non</span> <span class='ocrx_word' id='word_1_268' title='bbox 1610 2228 1746 2267; x_wconf 91' lang='lat' dir='ltr'>consul</span> <span class='ocrx_word' id='word_1_269' title='bbox 1762 2228 1856 2266; x_wconf 92' lang='lat' dir='ltr'>sub-</span> 
     </span>
     <span class='ocr_line' id='line_1_32' title="bbox 469 2296 1858 2350; baseline -0.006 -9"><span class='ocrx_word' id='word_1_270' title='bbox 469 2303 647 2341; x_wconf 88' lang='lat' dir='ltr'>venerit?</span> <span class='ocrx_word' id='word_1_271' title='bbox 681 2302 735 2338; x_wconf 90' lang='lat' dir='ltr'>At</span> <span class='ocrx_word' id='word_1_272' title='bbox 766 2309 808 2337; x_wconf 89' lang='lat' dir='ltr'>tu</span> <span class='ocrx_word' id='word_1_273' title='bbox 838 2299 909 2336; x_wconf 92' lang='lat' dir='ltr'>illo</span> <span class='ocrx_word' id='word_1_274' title='bbox 937 2298 1021 2350; x_wconf 92' lang='lat' dir='ltr'>ipso</span> <span class='ocrx_word' id='word_1_275' title='bbox 1051 2306 1227 2350; x_wconf 89' lang='lat' dir='ltr'>tempore</span> <span class='ocrx_word' id='word_1_276' title='bbox 1256 2296 1359 2349; x_wconf 86' lang='lat' dir='ltr'>apud</span> <span class='ocrx_word' id='word_1_277' title='bbox 1390 2296 1543 2334; x_wconf 90' lang='lat' dir='ltr'>socrum</span> <span class='ocrx_word' id='word_1_278' title='bbox 1568 2305 1676 2333; x_wconf 90' lang='lat' dir='ltr'>tuam</span> <span class='ocrx_word' id='word_1_279' title='bbox 1696 2303 1818 2348; x_wconf 87' lang='lat' dir='ltr'>prope</span> <span class='ocrx_word' id='word_1_280' title='bbox 1836 2307 1858 2331; x_wconf 87' lang='lat' dir='ltr'>a</span> 
     </span>
     <span class='ocr_line' id='line_1_33' title="bbox 470 2360 1865 2417; baseline -0.006 -10"><span class='ocrx_word' id='word_1_281' title='bbox 470 2370 566 2407; x_wconf 88' lang='lat' dir='ltr'>meis</span> <span class='ocrx_word' id='word_1_282' title='bbox 588 2367 734 2406; x_wconf 83' lang='lat' dir='ltr'>aedibus</span> <span class='ocrx_word' id='word_1_283' title='bbox 750 2396 761 2412; x_wconf 95' lang='lat'>,</span> <span class='ocrx_word' id='word_1_284' title='bbox 793 2366 905 2417; x_wconf 88' lang='lat' dir='ltr'>cujus</span> <span class='ocrx_word' id='word_1_285' title='bbox 927 2364 1092 2402; x_wconf 89' lang='lat' dir='ltr'>domum</span> <span class='ocrx_word' id='word_1_286' title='bbox 1112 2363 1158 2401; x_wconf 89' lang='lat' dir='ltr'>ad</span> <span class='ocrx_word' id='word_1_287' title='bbox 1179 2376 1306 2401; x_wconf 87' lang='lat' dir='ltr'>meam</span> <span class='ocrx_word' id='word_1_288' title='bbox 1327 2361 1632 2400; x_wconf 87' lang='lat' dir='ltr'>exhauriendam</span> <span class='ocrx_word' id='word_1_289' title='bbox 1660 2360 1865 2414; x_wconf 87' lang='lat' dir='ltr'>patefece-·</span> 
     </span>
     <span class='ocr_line' id='line_1_34' title="bbox 470 2426 1856 2480; baseline -0.006 -7"><span class='ocrx_word' id='word_1_290' title='bbox 470 2449 542 2480; x_wconf 85' lang='lat' dir='ltr'>ras,</span> <span class='ocrx_word' id='word_1_291' title='bbox 574 2434 743 2478; x_wconf 84' lang='lat' dir='ltr'>sedebas,</span> <span class='ocrx_word' id='word_1_292' title='bbox 776 2446 854 2470; x_wconf 90' lang='lat' dir='ltr'>non</span> <span class='ocrx_word' id='word_1_293' title='bbox 881 2431 1090 2476; x_wconf 73' lang='lat' dir='ltr'>extinctor,</span> <span class='ocrx_word' id='word_1_294' title='bbox 1124 2429 1186 2468; x_wconf 88' lang='lat' dir='ltr'>sed</span> <span class='ocrx_word' id='word_1_295' title='bbox 1213 2432 1358 2474; x_wconf 71' lang='lat' dir='ltr'>auCtor,</span> <span class='ocrx_word' id='word_1_296' title='bbox 1391 2428 1591 2475; x_wconf 66' lang='lat' dir='ltr'>incendii,</span> <span class='ocrx_word' id='word_1_297' title='bbox 1623 2438 1662 2467; x_wconf 88' lang='lat' dir='ltr'>et</span> <span class='ocrx_word' id='word_1_298' title='bbox 1682 2426 1856 2466; x_wconf 84' lang='lat' dir='ltr'>ardentes</span> 
     </span>
     <span class='ocr_line' id='line_1_35' title="bbox 468 2494 1588 2551; baseline -0.005 -12"><span class='ocrx_word' id='word_1_299' title='bbox 468 2500 571 2539; x_wconf 85' lang='lat' dir='ltr'>faces</span> <span class='ocrx_word' id='word_1_300' title='bbox 593 2499 707 2538; x_wconf 90' lang='lat' dir='ltr'>furiis</span> <span class='ocrx_word' id='word_1_301' title='bbox 730 2497 932 2537; x_wconf 89' lang='lat' dir='ltr'>Clodianis</span> <span class='ocrx_word' id='word_1_302' title='bbox 954 2510 1052 2551; x_wconf 87' lang='lat' dir='ltr'>pene</span> <span class='ocrx_word' id='word_1_303' title='bbox 1073 2496 1152 2550; x_wconf 88' lang='lat' dir='ltr'>ipse</span> <span class='ocrx_word' id='word_1_304' title='bbox 1172 2495 1308 2535; x_wconf 82' lang='lat' dir='ltr'>consul</span> <span class='ocrx_word' id='word_1_305' title='bbox 1330 2494 1588 2534; x_wconf 85' lang='lat' dir='ltr'>ministrabas.</span> 
     </span>
    </p>
   </div>
  </div>
 </body>
</html>
