2076 2860
891 186 1126 241 [1891

911 384 1113 420 PRO

371 597 451 659 T.
540 599 1003 658 ANNIO
1103 598 1656 657 MILONE

656 820 694 858 O
726 819 763 857 R
794 819 891 858 AT
922 819 941 857 I
972 819 1010 857 O
1087 817 1366 857 XXXVIII.

312 1019 347 1057 I.
487 1018 526 1056 T
541 1017 563 1055 S
580 1018 598 1055 I
628 1030 775 1062 vereor,
799 1016 976 1069 Judices,
1009 1029 1057 1054 ne
1078 1025 1193 1068 turpe
1213 1015 1274 1061 fit,
1307 1029 1377 1068 pro
1397 1014 1607 1053 fortissimo
1628 1014 1713 1053 viro

499 1083 627 1122 dicere
655 1084 930 1137 incipientem,
963 1083 1131 1129 timere5
1164 1082 1411 1135 minimeque
1438 1082 1586 1127 deceat,
1618 1094 1712 1119 cum

311 1151 366 1190 T.
389 1150 546 1189 Annius
569 1151 676 1190 Milo
696 1151 776 1204 ipse
797 1151 922 1203 magis
945 1149 992 1188 de
1012 1150 1241 1203 reipublicae
1262 1149 1398 1195 salute,
1422 1163 1542 1202 quam
1563 1148 1610 1186 de
1631 1148 1709 1193 sua,

311 1217 578 1269 perturbetur,
610 1231 673 1255 me
703 1217 750 1255 ad
778 1218 862 1269 ejus
892 1216 1047 1255 causam
1076 1230 1210 1269 parem
1239 1216 1363 1254 animi
1394 1214 1713 1268 magnitudinem

312 1283 447 1321 afferre
468 1297 548 1322 non
578 1283 681 1336 poffe
698 1302 709 1328 ς
743 1292 874 1321 tamen
904 1282 987 1321 haec
1018 1283 1111 1321 novi
1135 1282 1281 1335 judicii
1312 1295 1411 1320 nova
1438 1281 1566 1320 forma
1596 1290 1713 1319 terret

312 1349 464 1395 oculos,
480 1350 564 1402 qui,
583 1363 823 1402 quocunque
839 1349 1066 1394 inciderint,
1085 1358 1255 1388 veterem
1271 1348 1598 1387 consuetudinem
1619 1346 1711 1393 fori,

311 1425 350 1454 et
369 1416 580 1468 pristinum
600 1430 751 1455 morem
767 1415 1028 1468 judiciorum,
1061 1416 1283 1468 requirunt.
1325 1416 1421 1454 Non
1442 1415 1550 1453 enim
1570 1427 1714 1452 corona

311 1482 504 1521 conseffus
524 1482 646 1521 vester
666 1483 819 1521 cinetus
839 1482 893 1521 est
907 1511 918 1528 ,
951 1491 996 1520 ut
1023 1481 1170 1521 solebat
1186 1500 1199 1528 ς
1232 1495 1311 1520 non
1334 1481 1471 1519 ufitata
1489 1479 1714 1533 frequentia

310 1547 441 1601 stipati
470 1549 618 1587 sumus.
652 1549 761 1588 Nam
789 1548 859 1587 illa
889 1548 1082 1601 praefidia‚
1115 1562 1201 1601 quae
1230 1561 1302 1599 pro
1331 1546 1492 1599 templis
1523 1544 1711 1585 omnibus

312 1615 488 1660 cernitis,
525 1615 592 1653 etfi
624 1623 761 1653 contra
790 1614 874 1652 vim
906 1614 1099 1652 collocata
1130 1613 1235 1658 sunt,
1266 1626 1347 1651 non
1379 1612 1548 1651 afferunt
1579 1620 1713 1650 tamen

311 1681 457 1718 oratori
476 1679 628 1733 aliquid
644 1699 656 1725 ς
689 1689 733 1718 ut
763 1680 803 1718 in
831 1678 918 1718 foro
939 1689 978 1718 et
997 1680 1039 1717 in
1055 1678 1237 1731 judicio,
1270 1691 1498 1731 quanquam
1525 1676 1711 1731 praefidiis

312 1745 545 1785 salutaribus
577 1755 616 1784 et
647 1746 862 1784 neceffariis
895 1745 994 1799 septi
1025 1744 1183 1790 sumus,
1215 1754 1347 1782 tamen
1379 1757 1428 1782 ne
1460 1757 1540 1782 non
1572 1743 1713 1782 timere

313 1812 477 1865 quidem
509 1812 586 1850 fine
618 1812 752 1865 aliquo
783 1812 926 1850 timore
958 1810 1160 1865 possimus,
1195 1812 1295 1862 Qae
1316 1810 1342 1848 si
1364 1810 1540 1863 opposita
1559 1809 1712 1848 Miloni

312 1888 492 1931 putarem
508 1897 521 1924 3
553 1877 732 1916 cederem
765 1877 960 1931 tempori,
993 1877 1179 1929 Judices,
1212 1890 1283 1914 nec
1312 1876 1415 1914 inter
1446 1885 1596 1915 tantam
1627 1875 1711 1913 vim

312 1958 513 1983 armorum
545 1944 808 1982 existimarem
839 1944 984 1982 oratori
1016 1943 1152 1982 locum
1179 1942 1266 1981 effe.
1300 1942 1374 1980 Sed
1405 1956 1470 1981 me
1498 1950 1643 1981 recreat
1671 1950 1711 1979 et

313 2011 440 2049 reficit
462 2012 538 2049 Cn.
564 2010 759 2063 Pompeii,
791 2009 1059 2062 sapientiffimi
1079 2019 1117 2048 et
1132 2008 1332 2062 justiffimi
1352 2009 1441 2054 viri,
1473 2008 1707 2047 confilium:

312 2077 383 2130 qui
414 2076 590 2130 profecto
622 2090 693 2114 nec
720 2075 882 2128 justitiae
915 2075 989 2114 suae
1019 2084 1175 2128 putaret
1206 2075 1293 2121 effe,
1325 2089 1445 2128 quem
1477 2088 1588 2113 reum
1622 2073 1708 2112 sen-

313 2143 448 2180 tentiis
464 2142 649 2194 judicum
671 2141 883 2179 tradidisset
898 2171 908 2185 ,
941 2141 1111 2179 eundem
1133 2141 1220 2179 telis
1243 2140 1421 2179 militum
1443 2140 1605 2184 dedere3
1638 2152 1709 2177 nec

314 2208 523 2260 sapientiae,
551 2208 812 2245 temeritatem
833 2208 1038 2246 concitatae
1059 2207 1331 2246 multitudinis
1353 2207 1582 2245 auctoritate
1601 2205 1707 2258 pub·

315 2273 390 2311 lica
410 2286 569 2311 armare.

371 2339 643 2390 Qamobrem
674 2339 741 2377 illa
770 2354 888 2385 arma,
921 2341 1187 2384 centuriones,
1220 2339 1417 2384 cohortes,
1449 2352 1528 2376 non
1550 2338 1706 2390 pericu·

316 2404 401 2442 lum
423 2403 551 2448 nobis,
571 2403 632 2441 sed
653 2405 887 2456 praefidium,
911 2405 1169 2444 denuntiant:
1195 2419 1321 2457 neque
1342 2405 1469 2442 solum
1491 2413 1535 2441 ut
1556 2403 1705 2454 quieto,

317 2470 378 2507 scd
400 2471 517 2507 ctiam
541 2479 582 2507 ut
604 2483 746 2522 magno
764 2501 772 2515 ,
804 2472 937 2509 animo
959 2471 1075 2509 simus
1098 2471 1332 2509 hortantur:
1367 2482 1492 2521 neque
1514 2467 1707 2506 auxilium
