2076 2860
261 196 282 222 2
737 174 1178 215 ORATIO

260 289 341 314 non
362 288 428 327 per
449 274 616 312 latrones
638 270 738 316 suos,
762 284 840 308 non
861 283 930 323 per
949 268 1130 309 homines
1152 268 1315 322 egestate
1335 278 1374 307 et
1395 268 1534 308 scelere
1555 280 1646 321 per-

261 341 380 385 ditos,
398 339 461 377 sed
481 353 549 391 per
569 351 635 376 vos
657 337 785 381 nobis,
803 348 871 388 per
887 336 1059 388 optimos
1076 336 1178 373 viros
1200 335 1363 388 optimis
1384 334 1552 379 civibus,
1575 346 1646 386 pe-

262 406 435 443 riculum
456 403 599 442 inferre
620 411 810 441 conantur
823 419 835 445 3
859 409 912 447 et,
935 414 1033 453 quos
1056 400 1269 453 lapidibus,
1287 414 1385 453 quos
1406 399 1524 445 ferro,
1548 411 1648 451 quos

261 471 430 516 facibus,
454 484 552 523 quos
573 470 626 514 vi,
649 481 784 512 manu,
806 466 946 519 copiis,
969 466 1096 505 delere
1117 480 1195 505 non
1217 475 1449 520 potuerunt,
1469 465 1542 504 hos
1562 464 1648 503 ves-

262 547 321 576 tra
341 538 582 581 auctoritate,
599 534 718 572 vestra
738 533 942 585 religione,
959 533 1091 571 vestris
1113 533 1330 579 sententiis,
1348 533 1384 572 se
1404 532 1648 586 oppressuros

262 603 514 642 arbitrantur.
558 602 646 653 Ego
671 609 818 644 autem,
849 597 1026 650 JudiceS,
1057 611 1135 650 qua
1160 612 1256 637 voce
1286 598 1390 637 mihi
1422 599 1463 637 in
1490 597 1650 651 agendis

263 669 413 720 gratiis,
451 665 876 716 commemorandoque
907 677 1059 708 eorum,
1099 663 1170 715 qui
1201 663 1249 701 de
1280 678 1344 702 me
1376 664 1528 717 optime
1561 663 1653 702 sunt

264 733 411 778 meriti,
445 731 651 776 beneficio,
683 730 754 768 effe
784 728 978 767 utendum
1006 728 1210 781 putabam,
1240 741 1284 766 ea
1312 742 1419 766 nunc
1444 730 1504 768 uti
1531 742 1652 780 cogor

264 799 306 837 in
329 812 465 837 eorum
493 797 678 850 periculis
707 794 976 848 depellendis:
1009 795 1056 832 iis
1084 794 1330 847 potiffimum
1355 807 1433 833 vox
1459 793 1543 833 haec
1571 793 1650 832 ser-

265 865 358 909 viat,
394 877 565 916 quorum
601 876 716 914 opera
749 871 786 899 et
818 859 934 906 mihi,
971 869 1010 898 et
1041 860 1168 906 vobis,
1199 869 1238 899 et
1267 860 1418 914 populo
1451 860 1653 905 Romano,

266 930 440 968 restituta
458 929 524 967 est.

322 996 376 1033 II.
409 996 462 1032 Et
483 1006 710 1046 quanquam
730 1005 751 1029 a
771 990 1077 1044 QHortenfio,
1098 990 1306 1029 clariffimo
1326 991 1410 1029 viro
1431 999 1548 1043 atque
1568 989 1654 1029 elo-

266 1059 534 1114 quentissimo,
565 1058 675 1096 causa
694 1057 747 1096 est
768 1058 815 1096 P.
838 1057 961 1095 Sextii
981 1066 1156 1109 perorata
1170 1076 1183 1102 3
1215 1056 1398 1109 nihilque
1418 1056 1466 1094 ab
1485 1070 1531 1094 eo
1552 1070 1654 1109 prae-

267 1126 484 1165 termiffum
505 1124 572 1169 est,
601 1124 708 1177 quod
729 1133 794 1161 aut
814 1136 885 1176 pro
906 1123 1108 1176 republica
1127 1123 1451 1176 conquerendum
1471 1121 1565 1169 fuit,
1587 1131 1655 1161 aut

267 1205 338 1245 pro
360 1204 424 1230 reo
444 1189 751 1243 disputandum5
785 1198 915 1227 tamen
944 1188 1144 1241 aggrediar
1173 1188 1220 1231 ad
1241 1188 1470 1234 dicendum,
1500 1202 1549 1226 ne
1569 1201 1657 1226 mea

270 1257 531 1310 propugnatio
552 1257 586 1294 ei
608 1255 852 1308 potiffimum
873 1253 1032 1292 defuiffe
1053 1254 1243 1300 videatur,
1260 1268 1329 1308 per
1349 1268 1469 1308 quem
1489 1254 1542 1292 est
1562 1267 1653 1307 per-

269 1324 432 1367 fectum,
464 1336 511 1360 ne
532 1323 679 1360 caeteris
701 1322 853 1359 civibus
875 1320 1028 1359 deesset.
1052 1322 1187 1373 Atque
1207 1335 1280 1373 ego
1301 1321 1351 1359 fic
1372 1321 1512 1366 statuo,
1534 1320 1655 1372 Judi-

269 1403 346 1434 ces,
368 1403 389 1427 a
407 1402 472 1429 me
493 1389 535 1426 in
554 1387 626 1426 hac
647 1387 772 1432 causa,
794 1396 911 1440 atque
929 1386 1007 1425 hoc
1028 1396 1205 1426 extremo
1225 1387 1383 1425 dicendi
1402 1388 1507 1432 loco,
1529 1387 1657 1439 pieta—-

269 1456 318 1493 tis
340 1454 487 1507 potius,
510 1467 630 1506 quam
651 1451 910 1498 defenfionis3
944 1453 1129 1506 querelae,
1148 1467 1267 1506 quam
1288 1453 1549 1506 eloquentiae3
1582 1452 1658 1490 do-

268 1522 378 1566 loris,
401 1533 519 1573 quam
542 1519 707 1571 ingenii,
732 1528 858 1571 partes
879 1518 952 1557 effe
972 1519 1179 1572 susceptas.
1214 1521 1364 1572 Itaque,
1396 1521 1423 1559 fi
1444 1529 1510 1557 aut
1530 1519 1656 1557 acrius

268 1599 397 1639 egero,
419 1594 484 1627 aut
505 1584 683 1629 liberius,
705 1598 827 1636 quam
847 1584 916 1636 qui
937 1593 1026 1622 ante
1046 1598 1110 1622 me
1130 1585 1316 1623 dixerunt
1332 1604 1344 1631 3
1375 1595 1470 1637 peto
1488 1599 1509 1622 a
1529 1585 1657 1629 vobis,

270 1663 312 1690 ut
335 1661 487 1690 tantum
509 1650 676 1688 orationi
697 1662 792 1688 meae
813 1649 1051 1695 concedatis,
1084 1659 1278 1702 quantum
1299 1660 1338 1688 et
1357 1651 1425 1703 pio
1446 1650 1588 1695 dolorI,
1620 1658 1659 1687 et

267 1717 376 1770 justae
412 1715 637 1760 iracundiae,
671 1714 971 1753 concedendum
1003 1715 1167 1766 putetis.
1204 1716 1349 1767 Neque
1382 1716 1490 1754 enim
1525 1716 1660 1754 officio

271 1782 519 1835 conjunctior
539 1780 651 1819 dolor
672 1780 792 1819 ullius
813 1779 884 1818 effe
905 1779 1044 1833 potest,
1073 1793 1193 1833 quam
1213 1779 1280 1818 hic
1301 1793 1428 1826 meus,
1460 1780 1659 1833 susceptus

271 1864 318 1887 ex
339 1848 539 1892 hominis„
562 1847 608 1885 de
629 1859 692 1884 me
712 1846 862 1900 optime
887 1846 1033 1891 meriti,
1065 1846 1270 1898 periculo;
1304 1859 1430 1898 neque
1459 1846 1662 1885 iracundia

275 1915 397 1968 magis
424 1914 504 1952 ulla
524 1912 728 1957 laudanda,
760 1925 879 1964 quam
900 1925 957 1957 ea,
988 1925 1073 1965 quoe
1094 1926 1157 1950 me
1178 1912 1398 1951 inflammat
1419 1926 1555 1951 eorum
1576 1912 1661 1951 sce—

274 1982 365 2027 lere,
397 1980 467 2033 qui
497 1993 591 2018 cum
619 1978 806 2017 omnibus
837 1978 970 2018 salutis
999 1992 1096 2017 meae
1125 1977 1393 2018 defensoribus
1416 1978 1568 2018 bellum
1588 1979 1662 2018 effe

276 2048 343 2086 fibi
364 2046 580 2099 gerendum
595 2044 885 2098 judicaverunt.

333 2112 419 2158 Sed,
451 2112 640 2165 quoniam
670 2111 832 2164 singulis
862 2110 1098 2149 criminibus
1119 2110 1246 2149 caeteri
1269 2110 1564 2164 responderunt,
1596 2111 1660 2150 di—

278 2193 362 2218 cam
384 2191 457 2230 ego
478 2177 523 2215 de
545 2178 655 2215 omni
677 2176 773 2215 statu
796 2177 841 2215 P.
861 2176 998 2221 Sextii,
1021 2175 1067 2214 de
1088 2189 1226 2228 genere
1247 2177 1350 2222 vitae,
1373 2177 1420 2215 de
1441 2186 1591 2223 natura,
1613 2178 1661 2216 de

279 2244 471 2288 moribus,
494 2243 540 2280 de
560 2242 784 2281 incredibili
805 2255 935 2280 amore
956 2243 997 2280 in
1018 2242 1160 2287 bonos,
1180 2242 1226 2280 de
1247 2242 1374 2282 studio
1394 2243 1663 2282 conservandae

281 2311 411 2348 salutis
432 2309 657 2348 communis
678 2318 794 2361 atque
821 2309 891 2346 otii
909 2327 920 2354 ;
953 2309 1282 2362 contendamque,
1315 2309 1340 2348 fi
1362 2310 1480 2348 modo
1502 2310 1541 2348 id
1562 2324 1662 2349 con-

283 2377 387 2430 sequi
409 2386 559 2429 potero,
587 2386 629 2414 ut
651 2376 690 2413 in
712 2375 784 2414 hac
805 2374 965 2414 confusa
984 2385 1100 2429 atque
1124 2375 1296 2414 universa
1316 2375 1537 2416 defenfione
1558 2376 1661 2416 nihil

281 2457 301 2480 a
333 2456 418 2488 me,
450 2441 556 2496 quod
587 2442 632 2480 ad
662 2441 823 2480 vestram
853 2441 1130 2494 quaestionem,
1163 2441 1288 2489 nihil,
1312 2443 1419 2496 quod
1449 2443 1495 2482 ad
1525 2457 1661 2488 reum,
