2076 2860
351 196 403 245 48
830 193 1272 231 oRATio

353 293 406 331 est
427 293 473 331 ab
495 292 678 331 univerfis
700 291 811 329 datus
823 309 834 336 ;
858 289 1012 335 deinde,
1031 303 1124 328 cum
1145 289 1386 328 senatoribus
1408 288 1570 342 singulis
1592 288 1740 343 specta-

352 368 440 396 tum
462 373 481 396 e
502 360 634 397 senatu
655 357 924 396 redeuntibus.
959 358 1066 395 Cum
1090 369 1182 394 vero
1202 356 1296 409 ipse,
1328 356 1398 408 qui
1419 355 1533 394 ludos
1554 354 1739 401 faciebat,

351 425 485 462 consul
509 424 664 469 assedit,
695 423 849 467 stantes,
871 431 910 460 et
930 423 1112 461 manibus
1133 415 1244 475 paffis
1265 423 1406 475 gratias
1427 431 1607 475 agentesy
1621 431 1660 460 et
1681 422 1758 460 law

350 500 568 541 erymantes
593 489 750 541 gaudio,
782 489 890 527 suam
918 503 1008 541 erga
1031 503 1096 528 me
1116 489 1431 527 benevolentiam
1451 487 1747 528 acrmisericor-

350 555 454 593 diam
487 555 743 592 declararunt.
777 555 847 599 At,
881 567 975 592 cum
1007 555 1075 592 ille
1106 553 1362 599 furibundus,
1395 554 1558 592 incitata
1586 553 1655 591 illa
1675 553 1741 591 sua

348 621 505 658 vecordi
525 629 671 665 mente,
703 619 876 665 venisset,
908 620 975 657 vix
1005 619 1041 657 se
1061 619 1233 672 populus
1255 621 1461 658 Romanus
1483 620 1611 658 tenuit
1629 634 1638 657 ε
1671 619 1740 657 vix

347 685 529 724 homines
562 687 700 724 odium
732 686 846 724 suum
875 699 896 723 a
923 698 1087 737 corpore
1119 686 1201 738 ejus
1234 686 1394 738 impuro
1425 694 1543 738 atque
1574 685 1739 724 infando

349 753 603 805 represserunt
622 768 630 790 :
663 766 776 790 voces
798 752 960 805 quidem
976 781 986 796 ,
1018 760 1057 789 et
1077 751 1299 804 palmarum
1320 751 1520 797 intentus,
1552 760 1591 789 et
1611 751 1736 790 male-

348 818 542 856 dictorum
564 818 792 862 clamorem,
823 831 960 856 omnes
982 816 1258 869 profuderunt.

404 885 476 922 Sed
508 885 603 936 quid
635 898 707 936 ego
739 884 879 937 populi
910 883 1083 922 Romani
1115 884 1295 921 animum
1323 883 1593 936 virtutemque
1622 897 1737 922 corn-

350 963 542 994 memoro,
574 950 797 987 libertatem
813 951 897 1001 jam
917 962 965 987 ex
986 948 1173 986 diuturna
1198 947 1383 986 servitute
1404 943 1662 1000 respicientis,
1695 949 1736 987 in

345 1029 391 1052 eo
412 1015 574 1053 homine
589 1045 599 1060 ,
632 1016 697 1053 cui
719 1025 805 1054 tum
826 1015 976 1068 petenti
992 1016 1077 1066 jam
1097 1014 1325 1052 aedilitatem
1346 1027 1395 1052 ne
1413 1013 1621 1052 histriones
1643 1016 1736 1068 qui-

345 1081 435 1118 dem
457 1095 587 1119 coram
608 1081 755 1119 sedenti
776 1090 1034 1134 pepercerunt
1053 1082 1066 1118 ?
1099 1080 1221 1125 Nam,
1253 1093 1347 1118 cum
1367 1090 1546 1133 ageretur
1565 1082 1736 1134 Togata,

346 1149 557 1194 Simulans,
591 1158 633 1186 ut
658 1149 813 1201 opinor,
844 1158 996 1186 caterva
1025 1156 1120 1192 tota,
1152 1147 1358 1186 clariffima
1386 1148 1662 1193 concentione,
1694 1149 1737 1187 in

344 1228 410 1252 ore
431 1215 577 1267 impuri
599 1214 774 1252 hominis
797 1215 1010 1252 imminens
1031 1214 1264 1252 concionata
1278 1214 1345 1252 est.
1376 1214 1477 1252 Huic
1495 1214 1588 1252 vitae
1606 1222 1737 1252 tuce-

344 1289 396 1325 et,
428 1280 712 1333 Post-primnjhia
743 1290 852 1333 atque
880 1280 996 1318 exitus
1026 1279 1164 1333 vitiqfae
1193 1280 1316 1318 vitae!
1347 1279 1501 1317 sedebat
1530 1280 1734 1318 exanima-

344 1356 434 1384 tus:
468 1357 506 1384 et
536 1348 567 1383 is
584 1377 593 1391 ,
627 1347 696 1398 qui
726 1356 836 1384 antea
863 1355 1071 1384 cantorum
1101 1346 1283 1384 convicio
1307 1347 1518 1384 conciones
1540 1346 1736 1384 celebrare

345 1412 426 1449 suas
450 1412 608 1457 solebat,
640 1422 848 1450 cantorum
868 1412 1044 1464 ipsorum
1065 1412 1228 1450 vocibus
1249 1411 1495 1464 ejiciebatur.
1528 1413 1597 1457 Et,
1629 1426 1733 1464 quo-

343 1478 449 1515 niam
470 1477 570 1515 facta
589 1478 740 1515 mentio
760 1477 813 1514 est
833 1477 1034 1522 ludorum,
1053 1490 1101 1514 ne
1117 1477 1219 1514 illud
1235 1477 1397 1529 quidem
1417 1478 1731 1530 praetermittam,

342 1544 382 1580 in
404 1557 545 1595 magna
565 1543 746 1581 varietate
766 1543 1046 1581 sententiarum
1067 1556 1270 1595 nunquam
1292 1543 1423 1581 ullum
1443 1542 1556 1580 fuiffe
1579 1543 1731 1589 locum,

341 1609 380 1646 in
403 1622 482 1660 quo
503 1609 653 1660 aliquid
675 1622 693 1645 a
714 1618 828 1661 poeta
847 1608 998 1646 dictum
1019 1608 1154 1646 cadere
1175 1609 1215 1646 in
1238 1618 1395 1661 tempus
1416 1608 1593 1647 nostrum
1620 1609 1731 1647 vide-

341 1685 444 1712 retur
459 1705 469 1719 ,
502 1675 607 1727 quod
629 1684 694 1712 aut
715 1675 911 1727 populum
932 1674 1159 1713 universum
1179 1674 1359 1727 fugeret,
1392 1683 1458 1713 aut
1487 1688 1568 1713 non
1595 1676 1730 1728 expri-

341 1750 464 1777 meret
486 1740 564 1792 ipse
585 1742 703 1777 actor.
737 1742 804 1785 Et,
827 1740 969 1792 quaeso,
992 1739 1069 1777 hoc
1090 1740 1194 1785 loco,
1217 1741 1395 1791 Judices‚
1419 1754 1467 1778 ne
1488 1755 1566 1793 qua
1585 1755 1650 1780 me
1670 1741 1730 1780 le-

340 1806 459 1843 vitate
487 1806 650 1843 ductum
681 1805 726 1842 ad
756 1805 961 1843 insolitum
991 1818 1112 1857 genus
1144 1805 1302 1843 dicendi
1331 1805 1410 1842 labi
1440 1808 1603 1858 putetis,
1635 1807 1662 1845 fi
1682 1807 1730 1846 de

340 1872 481 1923 poetiS,
514 1871 560 1907 de
581 1870 851 1915 histrionibus,
883 1870 930 1908 de
951 1870 1070 1915 ludis,
1102 1871 1143 1907 in
1159 1870 1313 1922 judicio
1335 1870 1486 1922 loquar.

397 1937 506 1974 LVI.
541 1937 634 1974 Non
658 1936 741 1973 sum
768 1946 847 1974 tam
878 1936 1049 1988 ignarus,
1082 1936 1257 1987 Judices,
1290 1937 1505 1982 causarum,
1537 1951 1616 1976 non
1647 1948 1729 1977 tam

341 2002 508 2040 insolens
530 2003 569 2039 in
592 2002 773 2047 dicendo,
805 2012 848 2040 ut
869 2003 979 2040 omni
1000 2016 1047 2040 ex
1069 2016 1210 2054 genere
1228 2003 1447 2041 orationem
1476 2017 1659 2057 aucuper,
1690 2015 1730 2044 et

339 2082 475 2106 omnes
507 2069 680 2120 undique
711 2068 890 2106 flosculos
919 2081 1077 2121 carpam
1107 2078 1222 2121 atque
1257 2068 1457 2107 delibem:
1500 2069 1594 2115 scio,
1631 2071 1728 2123 quid

338 2135 503 2186 gravitas
526 2133 658 2178 vestra,
690 2134 785 2186 quid
806 2133 887 2172 haec
908 2134 1124 2179 advocatio,
1157 2134 1252 2187 quid
1278 2135 1338 2173 illi
1368 2145 1600 2181 conventus,
1631 2137 1727 2189 quid

339 2200 508 2251 dignitas
533 2200 575 2237 P.
601 2200 738 2244 Sextii,
771 2199 865 2252 quid
895 2200 1060 2252 periculi
1091 2201 1338 2252 magnitudo,
1370 2201 1465 2253 quid
1494 2210 1597 2247 aetas,
1630 2202 1727 2254 quid

339 2264 464 2303 honos
498 2279 622 2310 meus,
653 2265 836 2318 postulet.
870 2265 941 2302 Sed
974 2265 1075 2303 mihi
1106 2266 1248 2319 sumpfi
1280 2266 1358 2305 hoc
1388 2267 1477 2305 loco
1506 2268 1726 2307 doctrinam

339 2331 532 2383 quandam
549 2332 765 2383 juventuti,
788 2331 855 2383 qui
877 2331 994 2369 essent
1015 2333 1223 2384 optimates
1244 2348 1252 2370 ε
1281 2333 1320 2370 in
1342 2346 1385 2370 ea
1404 2334 1636 2386 explicanda
1655 2335 1724 2373 de-

339 2396 634 2435 monstrandum
655 2397 721 2441 cst,
746 2410 823 2434 non
845 2396 916 2434 effe
937 2397 1141 2449 populares
1163 2411 1298 2436 omnes
1320 2411 1399 2443 eos,
1431 2399 1499 2451 qui
1520 2409 1722 2453 putentur.

337 2463 385 2503 Id
416 2461 607 2501 facillime
639 2462 862 2515 consequar,
897 2463 922 2501 s1
954 2464 1119 2502 universi
1149 2464 1501 2518 populijudicium
1530 2479 1666 2504 verum
1686 2474 1724 2504 et
