2076 2860
380 228 569 267 70„
858 207 1302 246 ORATIO

377 324 591 349 commune
622 309 758 347 odium
789 306 828 344 in
861 306 984 344 bonos
1015 305 1163 349 oderas,
1195 304 1237 341 in
1263 302 1467 356 posterum
1496 310 1628 340 autem
1648 314 1769 355 prop-

379 386 436 414 ter
457 377 639 414 omnium
661 375 781 425 spem,
815 386 900 424 quae
922 372 968 409 de
989 371 1060 409 illo
1081 371 1148 415 est,
1180 379 1297 422 atque
1324 379 1418 414 erat,
1450 378 1539 407 ante
1569 368 1772 420 aliquanto

379 442 542 479 timebas
559 457 566 478 :
588 442 635 478 L.
654 438 887 481 Lentulum,
905 436 1203 489 huncjudicem
1222 435 1411 484 nostrum,
1435 434 1637 472 flaminem
1658 434 1770 471 Mar-

379 509 526 552 tialem,
560 505 665 558 quod
696 514 774 541 erat
804 517 849 540 eo
883 513 1058 555 tempore
1092 502 1257 540 Gabinii
1291 502 1349 539 tui
1383 501 1636 553 competitor,
1667 498 1770 552 ejus-

378 573 468 610 dem
491 572 615 608 Vettii
638 570 785 607 indicio
806 569 1028 621 opprimere
1050 567 1219 605 voluisti.
1249 567 1331 618 Qi
1353 566 1379 604 si
1402 576 1489 604 tum
1510 566 1622 604 illam
1642 564 1772 603 labem

379 638 603 690 pestemque
632 636 795 679 viciffet,
827 633 934 686 quod
965 633 999 671 ei
1031 642 1099 670 tuo
1130 633 1270 670 scelere
1290 647 1370 670 non
1392 632 1522 678 licuit,
1554 630 1774 684 respublica

379 706 477 742 vieta
499 718 577 741 non
599 702 703 740 effet.
739 702 872 753 Hujus
895 700 1014 737 etiam
1036 699 1167 736 filium
1188 698 1326 736 eodem
1357 698 1508 736 indicio
1536 707 1575 736 et
1605 697 1773 736 crimine

378 771 424 808 ad
456 770 575 822 patris
609 768 817 806 interitum
848 779 1057 818 aggregare
1087 764 1258 802 voluisti.
1292 765 1341 802 L.
1367 764 1550 809 Paulum,
1582 764 1652 816 qui
1684 772 1772 800 tum

379 836 544 887 quaestor
561 834 838 872 leIacedoniam
855 831 1074 875 obtinebat,
1092 844 1213 882 quem
1229 830 1373 874 civem,
1391 843 1512 882 quem
1528 829 1683 866 virum?
1703 828 1774 880 qui

380 903 476 939 duos
501 900 665 938 nefarios
689 899 820 952 patriae
842 897 1075 950 proditores,
1099 895 1331 933 domesticos
1353 893 1496 940 hostes,
1525 894 1680 948 legibus
1702 907 1772 932 ex-

382 968 621 1010 terminarat,
654 965 859 1003 hominem
890 963 936 1000 ad
966 961 1269 1000 conservandam
1299 960 1589 1013 rempublicam
1619 969 1772 1005 natum,

382 1035 420 1070 in
452 1033 557 1070 idem
579 1031 704 1069 Vettii
734 1030 945 1073 indicium,
977 1037 1094 1080 atque
1124 1028 1165 1064 in
1198 1026 1368 1064 eundem
1401 1026 1509 1064 hunc
1542 1039 1771 1070 numerum,

381 1098 636 1151 congregasti.
671 1097 780 1148 Qid
811 1110 883 1148 ego
914 1095 959 1132 de
990 1108 1053 1132 me
1083 1093 1251 1145 querar?
1285 1093 1355 1145 qui
1384 1093 1503 1131 etiam
1532 1092 1672 1145 gratias
1700 1092 1774 1129 tibi

381 1179 490 1216 agere
513 1164 649 1207 debeo,
682 1163 789 1215 quod
811 1176 872 1199 me
894 1175 939 1198 ex
962 1159 1262 1198 fortisfimorum
1284 1159 1433 1196 civium
1455 1172 1620 1197 numero
1633 1158 1773 1211 'sejun-

328 1243 330 1245 ·
381 1231 555 1283 gendum
579 1244 655 1267 non
678 1229 839 1282 putaris.

438 1298 512 1334 XI.
546 1295 618 1333 sed
640 1296 708 1347 qui
731 1294 808 1332 fuit
830 1294 896 1331 ille
920 1303 1008 1331 tuus
1032 1302 1162 1331 tantus
1184 1291 1308 1337 furor,
1332 1301 1390 1336 ut,
1408 1291 1597 1343 cumjam
1613 1290 1774 1329 Vettius

381 1363 427 1401 ad
448 1363 656 1400 arbitrium
679 1372 793 1399 tuum
815 1360 1033 1413 perorasset,
1065 1370 1103 1397 et
1128 1359 1299 1397 civitatis
1322 1358 1475 1395 lumina
1495 1357 1672 1402 notafl‘et,
1705 1357 1774 1396 de-

382 1429 662 1480 scendissetque
684 1427 729 1465 de
752 1426 917 1471 Rostris,
949 1439 1041 1463 eum
1067 1434 1225 1478 repente
1246 1437 1459 1469 revocares,
1490 1423 1774 1476 colloquerere,

382 1495 531 1547 populo
553 1495 735 1532 Romano
756 1492 911 1530 vidente
928 1510 939 1537 ;
968 1490 1108 1529 deinde
1128 1491 1400 1542 interrogares,
1422 1489 1659 1542 ecquosnam
1679 1489 1775 1528 alios

382 1561 503 1613 poffet
519 1560 748 1598 nominare?
773 1557 1050 1602 Inculcarisne,
1069 1566 1113 1595 ut
1135 1558 1184 1595 C.
1202 1557 1399 1602 Pisonem,
1418 1570 1608 1608 generum
1624 1569 1775 1601 meum,

382 1627 617 1670 nominaret,
636 1625 720 1678 qui,
740 1625 780 1661 in
797 1624 949 1662 summa
965 1624 1078 1675 copia
1093 1623 1341 1675 optimorum
1356 1622 1679 1667 adolescentium,
1694 1622 1778 1675 pari

383 1692 640 1736 continentia,
673 1691 832 1734 virtute,
865 1689 1022 1741 pietate,
1056 1688 1218 1740 reliquit
1246 1687 1479 1725 neminem?
1511 1687 1688 1740 itemque
1709 1687 1775 1727 M.

384 1757 646 1801 Laterensem,
679 1755 885 1793 hominem
907 1754 988 1792 dies
1010 1762 1126 1805 atque
1149 1755 1279 1791 noctes
1302 1754 1347 1791 de
1368 1754 1482 1792 laude
1503 1763 1541 1791 et
1562 1754 1608 1792 de
1629 1753 1776 1806 repub-

384 1824 459 1861 lica
491 1822 764 1875 cogitantem?
799 1819 1129 1871 Promulgarisne‚
1162 1819 1421 1870 impurissime
1452 1828 1490 1856 et
1522 1819 1778 1870 perditiffime

384 1877 519 1934 hostis,
543 1888 796 1941 quaestionem
818 1886 864 1924 de
886 1895 944 1923 tot
964 1884 1209 1937 ampliffimis
1231 1894 1269 1922 et
1290 1884 1434 1922 talibus
1455 1884 1564 1930 viris,
1582 1884 1778 1923 indicium

385 1956 536 2000 Vettio,
560 1955 718 2007 praemia
738 1952 969 2005 ampliffima
988 1949 1184 2002 ?'Qibus
1205 1951 1320 1988 rebus
1342 1951 1525 1988 omnium
1546 1951 1777 1990 mortalium

385 2036 463 2060 non
494 2022 710 2065 voluntate,
742 2019 805 2057 sed
835 2018 1029 2063 convicio,
1063 2017 1290 2070 repudiatis,
1322 2016 1531 2070 fregerisne
1561 2017 1601 2055 in
1626 2031 1778 2056 carcere

385 2089 553 2126 cervices
576 2088 644 2140 ipsi
667 2087 726 2124 illi
749 2086 905 2130 Vettio,
938 2099 985 2123 ne
1007 2084 1114 2137 quod
1136 2084 1329 2122 indicium
1351 2084 1527 2136 corrupti
1548 2083 1685 2122 indicii
1707 2098 1777 2123 ex-

387 2163 497 2199 taret,
530 2153 688 2205 ejusque
711 2151 861 2189 sceleris
885 2152 923 2189 in
947 2160 983 2188 te
1006 2150 1134 2202 ipsum
1156 2149 1315 2202 quaestio
1337 2149 1574 2202 flagitaretur
1593 2150 1606 2186 ?

442 2222 510 2264 Et,
543 2220 731 2271 quoniam
764 2217 900 2255 crebro
934 2217 1106 2269 usurpaS,
1139 2216 1267 2267 legem
1297 2225 1333 2253 te
1361 2215 1407 2253 de
1428 2215 1586 2254 alternis
1608 2215 1778 2254 confiliis

387 2286 606 2339 rejiciendis
631 2285 770 2328 tuliffc‚
800 2294 843 2321 ut
864 2297 1000 2321 omnes
1023 2283 1262 2334 intelligant,
1287 2292 1323 2320 te
1345 2296 1392 2320 ne
1414 2284 1513 2320 recte
1534 2282 1695 2335 quidem
1717 2281 1777 2320 fa-

386 2368 471 2391 cere
493 2354 569 2390 sine
591 2352 730 2389 scelere
752 2350 938 2403 potuisse,
971 2364 1126 2402 quaero,
1158 2363 1250 2386 cum
1273 2349 1335 2387 lex
1356 2349 1446 2387 effet
1467 2363 1575 2402 aequa
1595 2349 1777 2402 promul-

387 2430 473 2472 gata
495 2420 609 2457 initio
631 2417 889 2470 magistratus,
909 2416 1053 2454 multas
1075 2416 1192 2453 etiam
1213 2415 1304 2452 alias
1323 2414 1483 2460 tulisses,
1500 2414 1777 2468 expectarisne,

387 2487 485 2524 dum
507 2486 555 2523 C.
580 2485 779 2522 Antonius
802 2496 888 2521 reus
910 2482 1017 2521 fieret
1038 2481 1140 2535 apud
1163 2482 1240 2519 Cn.
1266 2480 1485 2520 Lentulum
1507 2480 1778 2520 Clodianum?
