2076 2860
459 178 538 217 432
812 163 889 201 IN
947 162 1012 200 M.
1075 161 1501 201 ANTONIUM

458 268 527 320 qui
548 266 744 320 profedms
767 264 813 302 ad
834 264 1040 302 Mutinam
1061 264 1135 302 est:
1160 264 1230 317 qui
1250 264 1276 302 fi
1297 265 1419 318 pacis,
1439 265 1478 302 id
1499 265 1566 311 est,
1586 266 1739 304 timoris
1762 266 1851 304 nos-

454 335 534 380 tri,
566 346 711 371 nomen
746 331 961 375 audiverit,
996 340 1038 369 ut
1070 345 1149 369 non
1182 330 1322 369 referat
1356 332 1520 384 pedem,
1553 333 1698 371 infistet
1732 343 1851 372 certe.

458 400 561 451 Qis
597 400 729 443 enim,
762 406 966 435 revocante
1001 407 1039 436 et
1073 398 1249 451 receptui
1282 407 1446 436 canente
1481 399 1639 445 senatu,
1671 408 1854 452 properet

457 466 644 504 dimicare
661 466 676 502 ?

511 531 585 570 IV.
610 530 721 581 Qid
737 539 868 568 autem
884 529 962 568 hoc
979 529 1175 582 injustius,
1191 544 1310 583 quam
1328 544 1413 575 nos,
1429 530 1687 569 inscientibus
1704 532 1767 576 iis,
1783 531 1854 584 qui

456 597 609 635 bellum
641 606 803 649 gerunt,
836 596 883 634 de
914 609 1010 648 pace
1042 595 1279 634 decernere?
1312 610 1384 634 nec
1416 596 1544 634 solum
1573 596 1852 643 inscientibus,

455 663 519 701 sed
540 663 659 701 etiam
677 663 814 701 invitis
835 664 847 700 ?
881 663 946 701 An
967 676 1034 701 vos
1057 664 1108 701 A.
1133 662 1332 708 Hirtium,
1355 663 1689 716 praeclariffimum
1711 663 1854 701 consu-

454 729 549 774 lem,
583 729 632 766 C.
657 728 862 773 Caesarem,
895 729 1075 766 Deorum
1105 728 1299 766 beneficio
1321 738 1458 766 natum
1480 728 1527 766 ad
1556 727 1638 766 haec
1661 737 1851 781 tempora,

455 809 628 848 quorum
657 794 852 847 epistolas,
885 794 992 847 spem
1022 794 1192 832 viffitoriae
1222 794 1476 840 declarantes,
1509 796 1549 832 in
1581 808 1700 833 manu
1723 804 1852 840 teneo,

453 875 593 914 pacem
614 861 714 899 velle
735 860 898 898 censetis
918 861 931 898 ?
964 860 1134 897 Vincere
1154 860 1216 897 illi
1236 869 1428 912 expetunt
1445 879 1456 905 ς
1489 860 1673 913 pacisque
1705 860 1853 899 dulcis-

455 927 598 965 fimum
630 935 669 964 et
702 926 1021 979 pulcherrimum
1058 939 1203 964 nomen
1239 939 1318 963 non
1351 926 1544 978 paetione,
1577 926 1641 964 sed
1675 926 1851 971 vinitoria,

454 993 758 1046 concupierunt.
801 992 943 1044 Qid?
977 992 1153 1030 Galliam
1181 1006 1261 1045 quo
1289 992 1448 1030 tandem
1480 992 1613 1030 animo
1641 992 1742 1030 hanc
1771 1006 1854 1031 rem

454 1059 677 1097 audituram
698 1059 873 1112 putatis?
898 1058 973 1096 Illa
988 1059 1097 1096 enim
1118 1057 1237 1110 hujus
1260 1058 1355 1095 belli
1376 1058 1645 1110 propulsandi,
1663 1058 1851 1096 adminis-

453 1126 598 1172 trandi,
630 1126 857 1170 sustinendi,
880 1125 1149 1177 principatum
1170 1134 1292 1162 tenet.
1327 1125 1472 1169 Gallia,
1497 1125 1551 1162 D.
1576 1125 1689 1162 Bruti
1709 1134 1856 1163 nutum

454 1193 599 1245 ipsum,
622 1206 670 1230 ne
686 1192 820 1229 'dicam
842 1191 1070 1244 imperium,
1094 1191 1237 1235 secuta,
1261 1191 1393 1236 armis,
1416 1191 1524 1235 viris,
1547 1192 1729 1242 pecunia,
1754 1191 1851 1229 belli

454 1259 651 1312 principia
670 1258 840 1296 firmavit
859 1273 868 1296 ε
903 1257 1037 1295 eadem
1058 1257 1283 1294 crudelitati
1305 1257 1368 1295 M.
1393 1257 1563 1294 Antonii
1585 1256 1699 1295 suum
1721 1266 1852 1295 totum

452 1339 597 1377 corpus
619 1325 788 1377 objecit:
822 1323 1067 1368 exhauritur,
1090 1323 1271 1367 vastatur,
1294 1324 1444 1361 uritur:
1474 1336 1610 1361 omnes
1633 1337 1744 1376 aequo
1763 1323 1852 1361 ani-

454 1404 521 1428 mo
543 1391 638 1428 belli
658 1391 806 1444 patitur
826 1389 1004 1441 injurias,
1023 1388 1242 1426 dummodo
1258 1388 1422 1441 repellat
1440 1388 1662 1440 periculum
1683 1389 1850 1426 servitu-

454 1457 520 1495 tis.
566 1458 633 1502 Et,
666 1465 710 1494 ut
731 1456 916 1494 omittam
937 1455 1107 1507 reliquas
1129 1464 1255 1507 partes
1279 1455 1436 1499 Galliae,
1471 1456 1580 1507 (nam
1603 1454 1692 1492 sunt
1713 1468 1850 1492 omnes

453 1522 580 1574 pares)
617 1522 794 1560 Patavini
828 1521 924 1559 alios
960 1520 1225 1566 excluserunt,
1257 1520 1353 1558 alios
1389 1521 1603 1572 ejecerunt,
1636 1519 1767 1558 missos
1801 1520 1851 1558 ab

453 1589 634 1627 Antonio
653 1604 662 1627 ε
695 1588 876 1641 pecunia,
906 1587 1120 1632 militibus,
1143 1597 1196 1633 et,
1220 1587 1327 1640 quod
1348 1588 1520 1625 maxime
1541 1587 1684 1632 deerat,
1716 1586 1850 1632 armis,

453 1655 602 1693 nostros
619 1655 738 1693 duces
758 1654 1006 1707 adjuverunt.
1040 1655 1237 1692 Fecerunt
1258 1653 1363 1691 idem
1385 1653 1543 1706 reliqui,
1562 1653 1632 1705 qui
1649 1652 1853 1705 quondam

454 1721 496 1758 in
516 1720 652 1758 eadem
672 1720 784 1759 causa
803 1729 927 1765 erant,
958 1730 997 1758 et
1026 1729 1187 1773 propter
1215 1720 1437 1758 multorum
1467 1733 1662 1757 annorum
1688 1719 1851 1771 injurias

453 1786 612 1824 alienati
632 1800 653 1823 a
674 1785 805 1823 senatu
827 1785 1081 1838 putabantur.
1125 1787 1239 1837 Qos
1267 1785 1434 1823 minime
1462 1785 1610 1823 mirum
1637 1784 1704 1830 est,
1737 1798 1851 1823 com-

454 1852 655 1890 municata
686 1865 779 1889 cum
811 1850 874 1888 his
907 1851 1125 1903 republica,
1158 1851 1291 1889 fideles
1319 1851 1406 1895 effe,
1438 1852 1508 1902 qui
1533 1851 1652 1888 etiam
1673 1859 1850 1902 expertes

454 1918 538 1969 ejus
561 1916 680 1955 fidem
702 1916 810 1954 suam
830 1916 982 1969 semper
1002 1916 1278 1968 praestiterunt.

510 1984 562 2022 V.
597 1983 674 2021 His
707 1983 831 2035 igitur
862 1982 1049 2021 omnibus
1082 1983 1285 2020 vietoriam
1311 1983 1554 2036 sperantibus
1576 1982 1682 2035 pacis
1704 1996 1850 2021 nomen

451 2049 674 2094 afferemus,
707 2048 747 2086 id
767 2049 834 2094 est,
867 2047 1174 2101 desperationem
1195 2049 1397 2087 victoriae?
1431 2048 1555 2100 Qid,
1588 2048 1614 2086 fi
1646 2061 1693 2086 ne
1724 2048 1852 2101 potest

454 2115 618 2168 quidem
640 2115 721 2153 ulla
740 2115 811 2153 effe
833 2117 937 2167 pax?
971 2117 1070 2167 Qae
1092 2116 1198 2153 enim
1220 2115 1273 2153 est
1293 2115 1472 2153 conditio
1493 2115 1614 2168 pacis,
1637 2115 1676 2152 in
1700 2128 1777 2167 qua
1797 2115 1848 2161 ei,

454 2194 549 2220 curn
569 2194 650 2234 quo
671 2194 807 2234 pacem
828 2180 962 2225 facias,
994 2181 1097 2219 nihil
1131 2181 1295 2219 concedi
1316 2181 1472 2234 potest?
1504 2181 1650 2219 Multis
1684 2181 1799 2219 rebus
1831 2195 1852 2219 a

455 2248 570 2286 nobis
591 2248 638 2285 ad
659 2261 796 2300 pacem
817 2247 869 2284 est
891 2248 1078 2286 invitatus
1101 2249 1301 2286 Antonius
1321 2263 1329 2286 :
1364 2247 1517 2286 bellum
1538 2257 1668 2286 tamen
1689 2247 1847 2286 maluit.

456 2314 563 2352 Miffi
586 2314 718 2366 legati,
751 2323 993 2366 repugnante
1013 2327 1102 2352 me:
1135 2314 1198 2351 sed
1221 2323 1351 2352 tamen
1373 2314 1489 2353 miffi.
1525 2314 1665 2352 Delata
1685 2313 1849 2351 manda-

455 2391 517 2420 ta:
542 2395 620 2419 non
643 2381 785 2434 paruit.
814 2381 1108 2419 Denuntiatum
1129 2380 1196 2426 est,
1219 2394 1267 2419 ne
1289 2382 1458 2419 Brutum
1478 2380 1683 2426 obsideret,
1706 2393 1727 2417 a
1746 2380 1846 2418 Mu-

455 2447 537 2488 tina
568 2447 804 2487 discederet:
836 2448 1081 2501 oppugnavit
1113 2447 1233 2487 etiam
1263 2446 1552 2487 vehementius.
1595 2448 1649 2486 Et
1679 2445 1726 2485 ad
1756 2459 1849 2484 eum
