2076 2860
645 202 723 241 IN
784 203 833 241 L.
895 202 1253 243 PISONEM.
1581 209 1657 262 167

248 301 400 339 resectis
422 300 619 354 palpebris
633 329 644 345 ‚
677 300 879 352 illigatum
900 300 940 338 in
963 300 1149 338 machina
1169 301 1371 353 vigilando
1393 312 1654 348 necaverunt,

249 367 445 420 supplicio
465 367 622 405 videtur
645 366 832 412 affectum
857 380 929 404 nec
952 367 1001 405 C.
1026 367 1195 413 Marius,
1218 382 1339 421 quern
1362 369 1489 415 Italia,
1513 369 1658 408 servata

246 434 293 472 ab
310 434 397 479 illo,
415 433 638 471 demersum
655 433 695 471 in
714 434 1056 472 Minturnensium
1077 430 1481 486 paludibusjAfrica,
1506 436 1657 474 devicta

245 500 294 539 ab
314 501 468 546 eodem,
486 500 697 554 expulsum
714 509 752 539 et
769 500 1019 554 naufragum,
1035 501 1136 539 vidit
1151 517 1159 540 :
1184 501 1353 540 fortunae
1370 502 1478 541 enim
1494 503 1563 540 ista
1580 504 1657 540 tela

246 566 351 612 sunt,
383 580 465 605 non
484 566 640 620 culpae3
673 566 917 620 supplicium
944 576 1077 605 autem
1097 567 1151 604 est
1171 581 1288 620 pcena
1308 569 1475 620 peccati.
1509 569 1654 621 Neque

245 647 337 671 vero
357 647 431 686 ego
446 663 457 679 ,
490 634 516 671 fi
538 647 716 686 unquam
737 634 849 671 vobis
871 633 975 670 mala
993 647 1170 686 precarer
1184 663 1195 678 ,
1228 634 1335 686 quod
1358 634 1454 686 faepe
1475 633 1553 672 feci
1569 664 1579 680 ‚
1612 636 1654 673 in

244 713 325 752 quo
357 700 430 738 Dii
461 700 707 738 immortales
739 713 844 738 meas
876 713 1010 752 preces
1043 700 1304 745 audiverunt,
1337 701 1552 746 morbum,
1587 710 1654 740 aut

245 774 431 812 mortem,
463 775 530 804 aut
562 767 786 805 cruciatum
816 780 1008 819 precarer.
1041 765 1239 818 Thyestea
1268 766 1337 804 ista
1366 767 1562 805 execratio
1583 768 1651 813 est,

244 841 369 884 poetae
390 832 501 884 vulgi
522 832 690 877 animos,
723 846 802 870 non
825 831 1060 884 sapientum,
1092 832 1290 870 moventis
1308 847 1316 870 ε

358 899 410 938 Ut
437 908 481 937 tu
508 899 702 951 naszragio
732 899 905 951 expuffus,
937 899 1070 951 zgspiam
1085 899 1192 952 fizxis
1206 899 1311 951 fixus
1339 899 1485 952 cgsperis,

354 964 592 1017 Evfieratus
619 965 733 1003 latere
754 963 939 1017 penderes,
972 974 1015 1002 ut
1036 965 1090 1002 ait
1111 964 1194 1010 ille,
1211 965 1312 1017 stzxcz
1326 967 1511 1018 spargens
1539 966 1636 1011 tabo,

352 1031 475 1077 Sam'e,
491 1032 676 1085 fimguine
702 1041 799 1070 atro.
833 1032 929 1070 Non
957 1030 1101 1070 ferrern
1134 1033 1301 1070 omnino
1334 1033 1509 1078 moleste,
1543 1034 1569 1071 fi
1598 1035 1653 1072 ita

241 1098 468 1137 accidisset:
503 1099 567 1137 sed
597 1099 637 1137 id
668 1109 799 1137 tamen
831 1099 922 1137 effet
954 1098 1193 1137 humanum.
1228 1100 1291 1138 M.
1317 1099 1548 1145 Marcellus,
1582 1103 1653 1153 qui

243 1174 301 1203 ter
321 1165 457 1203 consul
480 1165 573 1210 fuit,
607 1165 761 1204 summa
781 1166 943 1211 virtute,
975 1166 1136 1218 pietate,
1169 1165 1294 1218 gloria
1321 1166 1500 1212 militari,
1533 1169 1651 1219 periit

243 1230 284 1268 in
306 1232 404 1269 mari
423 1247 431 1269 :
456 1232 525 1283 qui
547 1240 678 1269 tamen
700 1232 751 1269 ob
773 1233 962 1270 virtutem
982 1232 1117 1284 gloriae
1138 1232 1252 1270 laude
1273 1232 1386 1270 vivit.
1421 1233 1466 1270 In
1489 1232 1649 1272 fortuna

245 1296 414 1348 quadam
435 1296 488 1334 est
508 1297 577 1334 illa
597 1311 717 1342 mors,
751 1311 829 1335 non
853 1298 893 1334 in
915 1311 1045 1350 poena,
1078 1298 1264 1350 putanda.
1422 1299 1426 1302 ⁴

300 1363 401 1415 Qae
430 1362 484 1400 est
513 1363 638 1415 igitur
667 1365 814 1415 poena?
846 1363 953 1415 quod
984 1363 1259 1416 supplicium?
1292 1377 1378 1416 quae
1412 1363 1529 1401 saxa?
1562 1378 1648 1416 quae

242 1430 410 1468 cruces?
443 1430 550 1467 Ecce
579 1430 658 1468 duo
689 1430 807 1468 duces
838 1430 876 1467 in
900 1430 1115 1483 provinciis
1139 1430 1278 1483 populi
1310 1431 1483 1467 Romani
1505 1429 1648 1468 habere

240 1495 452 1541 exercitus,
476 1496 664 1549 appellari
686 1497 939 1549 imperatores
957 1512 965 1535 :
989 1495 1136 1534 horum
1151 1497 1320 1534 alterum
1338 1497 1387 1534 fic
1404 1495 1515 1534 fuisse
1532 1497 1645 1534 infir-

240 1570 395 1600 matum
415 1562 656 1599 conscientia
676 1562 867 1600 scelerum
888 1572 926 1599 et
947 1561 1133 1599 fraudum
1154 1562 1323 1605 suarum,
1357 1570 1400 1598 ut
1421 1576 1467 1598 ex
1489 1575 1531 1598 ea
1552 1576 1645 1613 pro-

242 1627 385 1672 vincia,
404 1641 489 1679 quae
510 1627 631 1665 fuerit
652 1642 699 1665 ex
720 1628 908 1665 omnibus
932 1641 1008 1664 una
1027 1629 1201 1665 maxime
1224 1626 1493 1678 triumphalis,
1518 1628 1645 1666 nullas

242 1693 287 1730 fit
317 1692 364 1729 ad
394 1692 571 1730 senatum
602 1693 733 1730 literas
764 1693 922 1730 mittere
951 1692 1078 1732 ausus.
1113 1694 1175 1730 Ex
1196 1706 1273 1744 qua
1292 1694 1496 1744 provincia
1526 1694 1645 1732 modo

241 1758 302 1796 vir
321 1759 432 1796 omni
453 1759 646 1811 dignitate
667 1759 929 1797 ornatiffimus
945 1789 956 1804 ,
989 1760 1038 1798 L.
1063 1761 1292 1811 Torquatus
1309 1788 1319 1803 ‚
1352 1759 1506 1811 magnis
1529 1760 1644 1798 rebus

241 1825 372 1877 gestis,
404 1839 468 1863 me
489 1825 694 1871 referente,
727 1826 862 1864 absens
884 1827 1099 1879 imperator
1119 1826 1163 1864 fit
1184 1825 1403 1878 appellatus
1421 1845 1432 1870 ς
1457 1826 1561 1864 unde
1581 1826 1644 1864 his

240 1891 375 1944 paucis
397 1892 510 1930 annis
532 1893 610 1931 Cn.
631 1892 866 1938 Dolabellae,
891 1893 940 1931 C.
966 1892 1170 1938 Curionis,
1194 1893 1257 1930 M.
1283 1892 1462 1937 Luculli,
1480 1892 1644 1944 justiffi-

240 1971 326 1996 mos
347 1958 574 2011 triumphos
596 1959 768 1997 vidimus
786 1978 797 2004 3
831 1973 879 1998 ex
900 1973 956 2004 ea,
990 1968 1027 1997 te
1048 1959 1298 2012 imperatore,
1330 1959 1494 1997 nuntius
1517 1959 1563 1997 ad
1585 1960 1643 1998 se-

240 2032 378 2062 natum
398 2024 539 2062 allatus
560 2025 614 2062 est
634 2025 785 2063 nullus.

296 2091 362 2128 Ab
391 2090 514 2129 altero
543 2091 668 2130 allatae
698 2091 835 2135 literae,
868 2092 1052 2137 recitatae,
1086 2091 1255 2130 relatum
1276 2091 1323 2129 ad
1345 2092 1537 2129 senatum.
1571 2092 1642 2129 Dii

242 2156 513 2195 immortales!
547 2157 639 2195 idne
675 2170 748 2209 ego
783 2165 986 2209 optarem,
1019 2167 1062 2196 ut
1097 2158 1286 2196 inimicus
1322 2172 1432 2196 meus
1469 2172 1535 2203 ea,
1568 2171 1645 2209 qua

240 2234 358 2259 nemo
391 2235 593 2274 unquam,
627 2222 848 2274 ignominia
879 2225 1112 2261 notaretur?
1144 2233 1188 2262 ut
1221 2223 1373 2262 senatus
1407 2224 1466 2268 is,
1498 2225 1567 2275 qui
1600 2224 1641 2261 in

240 2301 327 2325 eam
350 2289 435 2339 jam
465 2288 721 2340 benignitatis
752 2289 1079 2329 consuetudinem
1109 2291 1232 2336 venit,
1265 2300 1309 2328 ut
1339 2304 1419 2335 eos,
1451 2291 1520 2342 qui
1544 2291 1642 2328 bene

240 2354 530 2406 rempublicam
562 2354 769 2406 gesserint,
802 2357 913 2394 novis
947 2356 1167 2396 honoribus
1200 2358 1369 2402 afficiat,
1401 2366 1440 2394 et
1476 2371 1642 2394 numero

241 2420 410 2466 dierum,
443 2430 641 2473 etgenere
662 2423 901 2469 verborum,
934 2423 1054 2477 hujus
1076 2426 1193 2464 unius
1215 2425 1340 2464 literis
1362 2424 1640 2462 nuntiantibus

242 2500 322 2525 non
344 2486 531 2532 crederet,
564 2488 852 2540 postulantibus
874 2489 1081 2542 denegaret
1100 2491 1113 2527 ?
