2076 2860
336 196 379 235 18
804 191 1248 230 ORATIO

330 294 506 332 consules
529 294 673 331 ultores
695 301 732 330 et
753 291 970 329 defensores
992 291 1082 329 effet
1102 290 1308 328 habiturus
1330 292 1341 327 ?
1375 303 1467 328 curn
1490 289 1652 342 quidem
1673 289 1715 327 in

329 360 519 397 concione
540 358 705 402 dixisset,
733 366 798 394 aut
819 356 920 394 mihi
942 356 1058 394 semel
1082 356 1341 408 pereundum,
1364 365 1429 393 aut
1451 357 1510 393 bis
1532 355 1603 393 effe
1624 355 1715 392 vin-

330 424 514 462 cendum.
554 423 661 475 Qid
683 432 761 460 erat
783 422 842 459 bis
864 422 1018 459 vincere
1037 423 1050 459 ?
1084 421 1127 459 Id
1150 420 1340 473 profesto,
1374 431 1432 465 ut,
1463 435 1556 458 cum
1579 434 1715 458 amen-

330 491 474 528 tiffimo
496 490 655 527 tribuno
676 488 801 540 plebis
823 501 916 525 cum
938 487 1201 532 decertassem,
1234 502 1325 525 cum
1348 487 1576 525 consulibus
1598 495 1715 525 caete-

330 557 456 608 risque
477 557 558 607 ejus
581 554 775 592 ultoribus
797 553 1042 592 dimicarem.

386 623 472 672 Ego
493 634 596 665 vero,
630 620 654 658 fi
678 618 778 657 mihi
800 619 869 657 uni
890 619 1135 671 pereundum
1157 618 1301 664 fuisset,
1326 633 1368 657 ac
1391 632 1469 656 non
1491 617 1718 671 accipienda

329 685 441 738 plaga
462 684 563 722 mihi
585 684 822 729 insanabilis,
856 683 1081 735 reipublicae
1102 682 1318 728 mortifera,
1351 697 1470 735 quam
1493 683 1552 721 illi
1583 684 1717 735 impo-

331 750 482 788 suifl‘em
500 769 510 795 3
549 750 665 787 semel
698 749 821 802 perire
853 758 999 793 tamen,
1031 748 1206 799 JudiceS,
1238 748 1471 793 maluissem,
1504 762 1625 801 quam
1656 749 1719 786 bis

332 815 499 853 vincere.
532 816 627 853 Erat
657 815 766 852 enim
798 813 866 851 illa
897 813 1015 851 altera
1045 813 1237 865 ejusmodi
1267 814 1484 858 contentio,
1517 822 1561 851 ut
1590 826 1719 865 neque

331 881 438 926 vieti,
457 894 584 933 neque
599 880 777 925 victores,
795 879 1084 931 rempublicam
1102 889 1230 917 tenere
1251 879 1459 931 poffemus.
1479 878 1605 931 Qid,
1628 879 1654 917 fi
1675 879 1719 916 in

331 947 458 999 prima
487 946 754 990 contentione,
786 946 824 982 vi
857 945 1064 982 tribunitia
1094 945 1234 990 victus,
1266 945 1307 982 in
1339 943 1427 983 foro
1456 958 1550 982 cum
1577 944 1716 982 multis

333 1013 445 1050 bonis
476 1012 568 1049 viris
599 1011 882 1049 concidiffem?
915 1012 1100 1049 Senatum
1121 1010 1314 1056 consules,
1346 1010 1476 1055 credo,
1507 1009 1716 1055 vocassent,

331 1091 450 1129 quem
484 1086 614 1114 totum
645 1076 692 1114 de
723 1076 881 1114 civitate
913 1076 1113 1114 delerant:
1145 1075 1192 1113 ad
1223 1089 1330 1114 arma
1349 1085 1545 1120 vocarent,
1578 1075 1718 1127 quine

332 1143 469 1181 vestitu
491 1143 653 1195 quidem
675 1141 832 1180 defendi
855 1143 1142 1195 rempublicam
1164 1142 1289 1180 sissent
1308 1158 1317 1180 ε
1349 1156 1370 1179 a
1400 1142 1561 1179 tribuno
1591 1141 1720 1194 plebis

330 1209 414 1262 post
436 1210 641 1247 interitum
662 1222 796 1247 meum
816 1208 1055 1254 diflidiffent,
1078 1209 1148 1261 qui
1169 1208 1331 1247 eandem
1352 1207 1491 1246 horam
1512 1222 1607 1246 meae
1628 1207 1714 1260 pes-

333 1276 382 1313 tis
404 1285 441 1313 et
463 1275 620 1313 suorum
643 1275 895 1327 praemiorum
916 1275 988 1313 effe
1009 1274 1230 1313 voluissent.

388 1342 480 1380 XX.
515 1343 653 1379 Unum
686 1342 792 1379 enim
825 1340 927 1379 mihi
959 1341 1120 1378 restabat
1153 1341 1269 1386 illud,
1306 1341 1413 1393 quod
1446 1340 1603 1379 forsitan
1638 1355 1718 1379 non

332 1421 448 1445 nemo
478 1407 536 1445 vir
565 1406 678 1445 fortis
706 1417 744 1445 et
770 1407 867 1445 acris
895 1407 1017 1444 animi
1044 1407 1257 1459 magnique
1285 1407 1455 1446 dixerit:
1487 1406 1716 1452 Restitiffes‚

332 1473 588 1526 repugnaffes,
604 1482 773 1511 mortem
790 1486 968 1525 pugnans
984 1473 1204 1525 oppetisses.
1224 1473 1286 1511 De
1299 1487 1379 1525 quo
1396 1483 1447 1518 te,
1466 1482 1517 1518 te,
1536 1473 1715 1525 inquam,

332 1539 472 1584 Patria,
492 1539 619 1584 testor,
638 1550 675 1576 et
693 1552 759 1577 vos
776 1549 932 1591 penates
949 1539 1144 1591 patriique
1161 1539 1249 1584 Dii,
1265 1553 1329 1577 me
1349 1539 1560 1577 vestrarum
1581 1538 1717 1576 sedum

331 1605 650 1656 templorumque
671 1604 795 1648 causa,
813 1617 876 1642 me
891 1613 1051 1656 propter
1067 1604 1231 1641 salutem
1247 1618 1427 1642 meorum
1443 1604 1608 1648 civium,
1631 1617 1719 1656 quae

330 1668 431 1707 mihi
452 1669 601 1721 semper
622 1669 699 1707 fuit
721 1683 805 1707 mea
826 1670 950 1707 carior
970 1670 1063 1714 vita,
1082 1669 1381 1707 dimicationem
1402 1669 1628 1722 caedemque
1648 1668 1718 1707 fu-

329 1734 435 1786 giffe.
469 1735 646 1779 Etenim,
678 1735 703 1772 fi
733 1734 848 1778 mihi,
880 1735 920 1771 in
945 1734 1077 1786 aliqua
1096 1747 1191 1771 nave
1212 1748 1307 1772 cum
1327 1735 1425 1772 meis
1446 1736 1583 1773 amicis
1606 1735 1716 1773 navi-

330 1801 453 1852 ganti,
486 1799 575 1843 hoc,
608 1799 782 1850 judices,
814 1799 1023 1843 accidisset,
1057 1807 1100 1836 ut
1128 1798 1247 1836 multi
1267 1813 1314 1836 ex
1336 1799 1473 1837 multis
1496 1800 1593 1837 locis
1615 1813 1717 1852 prae—

331 1866 449 1903 dones
471 1865 649 1903 claffibus
671 1879 755 1902 eam
777 1879 915 1903 navem
936 1864 971 1902 se
992 1864 1234 1917 oppressuros
1252 1865 1542 1910 minitarentur,
1561 1865 1632 1902 nifi
1652 1879 1717 1904 me

331 1945 456 1968 unum
478 1931 547 1968 fibi
568 1929 819 1975 dedidiffent;
840 1931 865 1968 fi
888 1929 927 1967 id
948 1932 1116 1968 vectores
1139 1940 1339 1982 negarent,
1355 1944 1398 1968 ac
1419 1944 1579 1968 mecum
1599 1931 1716 1970 fimul

332 1996 502 2041 interire,
535 2009 653 2048 quam
675 2010 737 2034 me
759 1996 905 2034 tradere
927 1995 1116 2040 hostibus,
1141 1996 1328 2034 mallent:
1355 1996 1530 2048 jecissem
1551 2010 1615 2035 me
1636 1997 1717 2049 ipse

333 2064 462 2114 potius
485 2063 523 2099 in
547 2061 805 2114 profundum,
829 2072 871 2100 ut
893 2072 1048 2100 caeteros
1070 2062 1351 2108 conservarem,
1382 2077 1502 2115 quam
1526 2063 1616 2101 illos
1637 2064 1717 2101 mei

332 2138 411 2165 tam
432 2128 596 2179 cupidos
626 2142 703 2166 non
735 2128 854 2166 modo
885 2128 932 2165 ad
963 2138 1109 2166 certam
1141 2138 1326 2173 mortem,
1357 2128 1421 2167 sed
1452 2129 1493 2166 in
1526 2142 1716 2181 magnum

331 2194 418 2231 vita:
439 2193 662 2238 discrimen,
694 2193 940 2232 adducerem.
975 2195 1080 2232 Cum
1101 2208 1191 2232 vero
1212 2195 1251 2231 in
1274 2193 1375 2232 hanc
1397 2194 1623 2247 reipublicae
1644 2209 1715 2233 na-

332 2273 432 2304 vem,
455 2260 596 2311 ereptis
619 2259 765 2297 senatui
786 2260 1078 2312 gubernaculis,
1102 2260 1324 2298 fluitantem
1344 2261 1386 2298 in
1406 2260 1486 2298 alto
1507 2261 1714 2313 tempesta-

331 2325 436 2363 tibus
459 2324 695 2362 seditionum
717 2338 758 2363 ac
781 2325 1076 2370 discordiarum,
1108 2335 1262 2363 armata)
1284 2335 1344 2364 tot
1365 2326 1510 2372 classes,
1542 2327 1612 2364 nis1
1643 2341 1716 2381 ego

332 2404 430 2428 unus
449 2390 602 2428 deditus
619 2391 747 2435 effem,
768 2391 975 2429 incursurae
992 2391 1238 2437 viderentur;
1258 2405 1350 2429 cum
1367 2392 1615 2445 proscriptio,
1638 2406 1714 2431 cae-

329 2457 410 2502 des,
442 2456 625 2509 direptio,
648 2457 992 2504 denuntiarentur,
1025 2471 1118 2496 cum
1140 2457 1204 2496 alii
1227 2471 1290 2497 me
1311 2457 1528 2511 suspicione
1549 2459 1715 2513 periculi
