2076 2860
450 186 529 223 424
804 171 879 208 IN
941 170 1003 207 M.
1067 169 1492 208 ANTONIUM

451 289 523 327 ego
557 274 672 312 unius
695 272 849 326 judicio
880 272 1054 310 delatum
1087 273 1378 325 comprobem?
1412 272 1611 325 Expedito
1633 273 1746 311 nobis
1769 272 1842 312 ho-

450 342 558 379 mine
579 350 617 378 et
638 349 783 393 parato,
808 340 852 377 P.
874 340 922 376 C.
942 352 1040 391 opus
1062 339 1129 383 est,
1152 348 1189 376 et
1211 353 1271 384 eo,
1289 340 1359 391 qui
1380 339 1593 392 imperium
1616 340 1844 392 legitimum

449 406 617 452 habeat3
651 407 720 459 qui
756 414 937 457 praeterea
971 406 1258 450 auctoritatem,
1295 419 1455 451 nomen,
1488 407 1721 451 exercitum,
1753 421 1843 460 per-

448 474 624 525 spectum
644 473 824 510 animum
845 472 885 509 in
908 472 1111 524 republica
1132 472 1345 510 liberanda.

505 540 579 576 XI.
614 538 715 590 Qis
738 538 861 590 igitur
883 537 913 575 is
935 537 988 575 est
1008 539 1020 575 ?
1053 546 1119 575 aut
1141 538 1204 575 M.
1231 539 1390 582 Brutus,
1420 547 1486 575 aut
1509 539 1558 576 C.
1583 538 1745 583 camus,
1777 547 1844 576 aut

447 613 627 657 uterque.
672 605 937 641 Decernerem
965 604 1095 656 plane,
1129 604 1226 641 sicut
1254 603 1394 648 multa,
1427 603 1629 641 consulem
1658 604 1842 650 alterum,

447 670 643 715 ambosve,
667 671 707 709 ni
730 671 899 708 Brutum
920 669 1208 722 colligaffemus
1231 671 1270 708 in
1295 670 1463 715 Graecia,
1487 679 1525 708 et
1545 671 1627 722 ejus
1649 670 1846 708 auxilium

446 736 493 775 ad
517 736 673 774 Italiam
695 750 865 789 vergere,
898 750 1018 789 quam
1050 736 1096 773 ad
1124 736 1271 781 Afiam,
1303 736 1596 774 maluissemus:
1630 749 1710 774 non
1732 744 1776 774 ut
1796 749 1844 774 ex

446 817 490 841 ea
509 804 589 841 acie
611 803 828 855 respectum
849 801 1098 847 haberemus,
1118 802 1181 840 sed
1198 813 1241 840 ut
1263 802 1343 855 ipsa
1363 803 1462 840 acies
1484 802 1700 840 subsidium
1720 801 1843 840 habe-

447 879 505 908 ret
525 870 644 908 etiam
666 869 984 907 transmarinum.
1020 870 1221 914 Praeterea,
1246 870 1377 907 Patres
1399 869 1629 922 conscripti,
1653 869 1720 913 M.¹
1740 869 1842 907 Bru-

447 945 535 974 tum
565 937 707 975 retinet
736 937 855 974 etiam
885 949 992 974 nunc
1023 937 1072 974 C.
1098 937 1314 981 Antonius,
1346 936 1417 989 qui
1442 945 1549 974 tenet
1569 935 1842 988 Apolloniam,

446 1016 631 1055 magnam
666 1003 805 1040 urbem
838 1010 878 1040 et
912 1016 1098 1054 gravem:
1136 1011 1257 1046 tenet,
1288 1003 1444 1054 opinor,
1478 1002 1703 1053 Byllidem:
1737 1010 1843 1039 tenet

447 1069 678 1107 Amantiam
697 1084 706 1108 ε
740 1068 855 1106 instat
876 1069 1024 1122 Epiro:
1058 1078 1172 1121 urget
1193 1069 1426 1119 Illyricum:
1460 1067 1579 1106 habet
1599 1068 1752 1120 aliquot
1772 1081 1842 1106 co·

444 1135 594 1181 hortes,
616 1135 735 1174 habet
754 1135 992 1188 equitatum.
1017 1135 1129 1172 Hinc
1152 1135 1177 1171 fi
1199 1136 1344 1172 Brutus
1365 1134 1439 1171 erit
1460 1133 1656 1172 traductus
1674 1134 1721 1171 ad
1736 1133 1844 1172 aliud

446 1203 613 1247 bellum,
633 1202 829 1240 Graeciam
850 1210 954 1240 certe
975 1201 1234 1239 amiserimus.
1268 1200 1336 1238 Est
1357 1209 1487 1238 autem
1509 1201 1628 1238 etiam
1645 1200 1692 1238 de
1709 1201 1840 1238 Brun-

446 1268 570 1313 dus10,
602 1277 719 1321 atque
748 1267 817 1305 illa
845 1280 911 1305 ora
941 1267 1078 1311 Italiae,
1111 1265 1415 1318 providendum.
1459 1266 1699 1317 Qanquam
1720 1265 1844 1304 miror

446 1335 597 1373 tamdiu
620 1334 761 1372 morari
788 1332 1042 1371 Antonium:
1077 1332 1173 1370 solet
1203 1332 1310 1369 enim
1338 1331 1513 1384 accipere
1543 1331 1623 1384 ipse
1652 1332 1841 1377 manicas,

446 1415 518 1439 nec
553 1400 702 1438 diutius
737 1399 950 1437 obsidionis
987 1406 1141 1437 metum
1174 1397 1372 1436 sustinere.
1415 1396 1536 1449 Qod
1568 1397 1593 1435 fi
1626 1396 1844 1436 confecerit

446 1468 607 1512 Brutus,
630 1475 668 1504 et
690 1465 930 1504 intellexerit
950 1465 1039 1517 plus
1062 1464 1098 1502 se
1120 1463 1348 1516 reipublicae
1369 1462 1641 1516 profuturum,
1665 1463 1691 1501 fi
1714 1463 1841 1501 Dola-

446 1533 592 1570 bellam
612 1531 878 1584 persequatur,
911 1544 1032 1584 quam
1054 1531 1079 1568 fi
1102 1530 1142 1568 in
1166 1530 1321 1568 Graecia
1340 1538 1523 1574 maneat3
1560 1538 1648 1581 aget
1673 1528 1753 1581 ipse
1774 1542 1844 1582 per

446 1598 533 1643 sese,
567 1607 611 1636 ut
641 1597 769 1636 adhuc
800 1611 959 1650 quoque
985 1596 1111 1642 fecit;
1144 1609 1272 1649 neque
1298 1596 1339 1634 in
1368 1605 1427 1634 tot
1454 1595 1663 1640 incendiis,
1696 1594 1842 1648 quibus

443 1664 653 1703 confestim
673 1664 983 1702 succurrendum
1004 1664 1071 1709 est,
1089 1663 1313 1716 expeciabit
1333 1662 1525 1700 senatum.
1559 1662 1667 1700 Nam
1683 1670 1721 1700 et
1739 1662 1841 1700 Bru-

444 1741 508 1769 tus
530 1740 568 1769 et
590 1731 738 1769 Caflius
760 1730 899 1768 multis
915 1731 1000 1783 jam
1021 1731 1063 1768 in
1091 1730 1207 1768 rebus
1236 1729 1316 1782 ipse
1343 1728 1414 1766 fibi
1441 1728 1595 1766 senatus
1616 1726 1709 1766 fuit.
1753 1728 1841 1766 Ne-

443 1797 540 1835 ceffe
556 1796 609 1834 est
624 1797 747 1841 enim,
767 1797 807 1834 in
825 1805 932 1834 tanta
947 1796 1196 1834 converfione
1213 1805 1251 1833 et
1267 1795 1562 1847 perturbatione
1579 1794 1762 1832 omnium
1779 1808 1840 1832 re-

444 1871 547 1907 rum,
567 1862 814 1914 temporibus
835 1862 968 1914 potius
985 1875 1131 1914 parere,
1149 1874 1269 1913 quam
1287 1860 1480 1898 moribus.
1505 1860 1593 1898 Nec
1609 1860 1716 1897 enim
1734 1873 1840 1897 nunc

444 1929 622 1981 primum
642 1936 709 1965 aut
739 1928 884 1965 Brutus
912 1936 979 1965 aut
1007 1926 1155 1965 Caffius
1187 1926 1350 1964 salutem
1379 1926 1681 1977 libertatemque
1708 1925 1841 1978 patriae

445 1996 574 2048 legem
596 1994 867 2033 sanctissimam
888 2003 927 2032 et
947 2008 1100 2032 morem
1121 1994 1321 2046 optimum
1338 1993 1547 2046 judicavit.
1581 1993 1732 2044 Itaque,
1751 1992 1777 2030 fi
1794 1992 1841 2030 ad

444 2075 514 2100 nos
536 2060 639 2099 nihil
661 2060 869 2099 referretur
898 2061 945 2098 de
973 2060 1182 2098 Dolabella
1209 2059 1490 2112 persequendo,
1523 2068 1653 2096 tamen
1675 2071 1748 2110 ego
1769 2072 1842 2111 pro

444 2128 600 2166 decreto
622 2136 816 2180 putarem,
848 2141 941 2165 cum
963 2127 1082 2165 effent
1107 2127 1201 2164 tales
1222 2126 1382 2171 virtute,
1414 2125 1656 2170 auctoritate,
1689 2124 1842 2163 nobili-

445 2203 522 2233 tate
543 2194 688 2232 summi
709 2193 811 2238 viri;
844 2207 1016 2246 quorum
1043 2193 1203 2232 alterius
1225 2193 1309 2245 jam
1337 2201 1455 2231 notus
1476 2192 1590 2231 nobis
1612 2190 1665 2228 est
1685 2191 1838 2230 exerci-

445 2270 522 2307 tus,
554 2260 713 2299 alterius
735 2259 907 2298 auditus.

499 2327 597 2365 XII.
620 2326 717 2365 Non
734 2325 857 2378 igitur
879 2327 1023 2364 Brutus
1044 2325 1262 2378 expectavit
1279 2324 1432 2363 decreta
1448 2325 1587 2369 nostra,
1606 2337 1699 2362 cum
1716 2321 1840 2361 ssudia

446 2392 581 2431 nosset.
626 2392 769 2444 Neque
800 2392 908 2430 enim
935 2391 989 2430 est
1021 2392 1061 2429 in
1093 2392 1339 2445 provinciam
1370 2391 1476 2429 suam
1498 2392 1658 2430 Cretam
1679 2388 1837 2442 profec-

446 2470 507 2502 tus
525 2479 537 2506 ς
569 2460 611 2499 in
645 2459 924 2499 Macedoniam
956 2459 1121 2498 alienam
1155 2458 1377 2498 advolavit:
1410 2458 1545 2498 omnia
1571 2457 1636 2496 sua
1667 2455 1833 2509 putavit,
