2076 2860
340 228 414 268 ¹30
815 206 1260 245 ORATIO

335 310 535 350 noluerint
568 308 757 360 religione
788 305 911 344 videri
943 305 1076 358 potius
1092 334 1103 350 ‚
1135 318 1256 358 quam
1288 302 1450 343 veritate
1464 332 1476 349 ‚
1508 302 1629 341 fidem
1659 301 1732 340 effe

334 377 610 421 constrictam,
638 388 723 419 nos,
746 373 866 410 etiam
886 372 927 410 in
948 372 1028 424 ipsa
1049 372 1240 425 religione
1259 380 1299 409 et
1319 371 1455 423 legum
1475 379 1514 409 et
1534 369 1731 409 foederum

335 441 595 481 conservanda
615 440 741 493 qualis
763 438 883 475 fuerit
905 439 982 476 Cn.
1008 438 1236 491 Pompeius,
1268 437 1541 475 dubitabimus
1561 438 1574 473 ?

391 510 541 546 Utrum
556 506 663 544 enim
679 504 913 542 inscientem
928 503 1048 541 vultis
1066 513 1202 542 contra
1217 502 1364 541 foedera
1378 501 1524 547 fecisse,
1542 515 1590 540 an
1606 500 1733 539 scien-

336 575 446 612 tem?
470 573 509 610 Si
530 572 743 615 scientem;
769 571 805 607 O
829 583 973 607 nomen
996 569 1114 607 nostri
1135 570 1314 622 imperii!
1341 571 1378 607 O
1400 568 1541 621 p'opuli
1561 567 1734 605 Romani

336 638 531 677 excellens
548 636 738 689 dignitas!
761 637 796 673 O
817 636 894 674 Cn.
910 635 1090 687 Pompeii
1107 635 1157 673 fic
1174 634 1250 673 late
1266 635 1464 687 longeque
1480 632 1620 672 diffusa
1634 631 1734 677 laus,

337 713 380 742 ut
401 705 483 756 ejus
504 703 640 756 gloriae
661 701 913 740 domicilium
933 701 1160 739 communis
1181 700 1339 753 imperii
1367 700 1514 738 finibus
1545 699 1734 737 termine-

337 771 425 809 tur!
461 771 497 808 O
520 770 711 814 nationes,
734 769 865 813 urbes,
897 767 1051 821 populi,
1075 781 1198 820 regeS,
1221 758 1635 817 tetrarchae,⁷tyranni,
1658 764 1734 802 tes-

338 846 394 875 tes
417 837 495 875 Cn.
511 835 691 887 Pompeii
714 848 790 872 non
814 833 940 871 solum
961 834 1119 871 virtutis
1141 834 1183 871 in
1204 832 1325 877 bello,
1348 831 1411 870 sed
1431 832 1551 870 etiam
1572 830 1736 882 religio-

338 901 399 939 nis
421 902 463 939 in
484 914 577 953 pace
595 900 602 937 ἔ
626 913 693 938 vos
716 899 887 952 denique
907 907 1027 936 mutae
1048 898 1225 954 regiones
1247 898 1434 950 imploro,
1456 906 1496 935 et
1516 896 1596 935 sola
1615 904 1738 934 terra-

338 981 428 1006 rum
449 967 682 1005 ultimarum
698 985 710 1011 3
740 979 807 1003 vos
829 965 963 1010 maria,
985 973 1138 1017 portus,
1161 963 1310 1009 insulae,
1332 964 1541 1016 litoraque.
1565 964 1665 1015 Qae
1684 961 1739 1000 est

338 1033 447 1072 enim
467 1046 546 1078 ora,
578 1046 665 1086 quae
686 1031 805 1076 sedes,
835 1032 905 1084 qui
926 1030 1051 1076 locus,
1084 1031 1125 1068 in
1147 1044 1228 1083 quo
1248 1043 1328 1068 non
1349 1038 1485 1068 extent
1504 1027 1624 1080 hujus
1645 1041 1740 1066 cum

338 1099 603 1144 fortitudinis,
635 1107 722 1136 tum
751 1111 842 1136 vero
871 1096 1146 1143 humanitatis,
1178 1105 1265 1135 tum
1291 1096 1429 1141 animi,
1461 1104 1550 1133 tum
1570 1094 1738 1139 confilii,

339 1165 521 1218 impressa
539 1164 700 1216 vestigia
719 1165 731 1201 ?
764 1164 889 1202 Hunc
919 1163 1128 1216 quisquam
1144 1192 1154 1207 ,
1186 1162 1413 1200 incredibili
1434 1160 1603 1214 quadam
1623 1169 1740 1213 atque

341 1231 516 1269 inaudita
535 1231 738 1283 gravitate,
769 1230 929 1274 virtute,
961 1228 1177 1267 constantia
1196 1228 1421 1281 praeditum,
1444 1226 1592 1266 foedera
1611 1226 1738 1265 scien-

342 1307 423 1336 tem
445 1296 668 1349 neglexiffe,
700 1295 867 1340 violaffe,
901 1294 1055 1347 rupiffe,
1088 1293 1217 1332 dicere
1237 1294 1428 1332 audebit?

398 1364 471 1402 VI.
497 1363 754 1401 Gratificatur
774 1360 875 1399 mihi
896 1360 1005 1413 gestu
1026 1360 1248 1399 accusator:
1268 1361 1501 1399 inscientem
1524 1360 1601 1398 Cn.
1617 1359 1740 1397 Pom-

342 1430 478 1483 peium
498 1428 628 1467 feciffe
648 1427 855 1480 fignificat.
889 1427 1008 1479 Qasr
1029 1440 1119 1464 vero
1140 1426 1264 1464 levius
1287 1426 1346 1471 fit,
1373 1439 1466 1464 cum
1487 1425 1528 1462 in
1551 1434 1659 1463 tanta
1678 1438 1740 1463 re-

343 1495 504 1548 publica
522 1494 683 1539 versere,
701 1503 739 1531 et
761 1493 945 1531 maximis
962 1493 1131 1545 negotiis
1148 1492 1289 1545 praefis‚
1308 1491 1434 1530 facere
1449 1490 1616 1543 aliquid,
1634 1490 1742 1542 quod

343 1561 437 1600 scias
454 1574 533 1598 non
550 1560 688 1605 licere3
705 1573 751 1597 an
773 1559 938 1597 omnino
959 1558 1105 1596 nescire
1125 1557 1223 1610 quid
1244 1558 1374 1596 liceat.
1393 1557 1572 1601 Etenim,
1590 1570 1683 1593 cum
1700 1556 1741 1592 in

343 1627 537 1680 Hispania
556 1626 708 1664 bellum
724 1625 959 1663 acerrimum
976 1633 1014 1662 et
1030 1624 1253 1662 maximum
1269 1623 1442 1676 gesserat,
1461 1636 1541 1675 quo
1551 1623 1641 1675 jure
1658 1622 1742 1660 Ga-

342 1695 475 1732 ditana
493 1693 631 1731 civitas
652 1692 757 1738 effet,
790 1691 984 1730 nesciebat
1003 1692 1016 1728 ?
1049 1692 1130 1735 An,
1161 1691 1276 1742 cujus
1302 1690 1482 1743 linguam
1502 1688 1642 1742 populi
1663 1701 1743 1726 non

344 1760 467 1799 noffet
482 1789 492 1803 ‚
526 1758 891 1810 interpretationem
911 1756 1069 1794 foederis
1091 1769 1170 1794 non
1193 1756 1349 1794 tenebat
1368 1757 1381 1793 ?
1414 1755 1460 1793 Id
1489 1755 1613 1807 igitur
1633 1753 1742 1806 quis-

344 1839 464 1877 quam
487 1825 564 1871 Cn.
585 1823 821 1875 Pompeium
843 1820 1031 1872 ignoraffe
1052 1820 1180 1858 dicere
1199 1820 1375 1864 audebit,
1397 1820 1504 1872 quod
1526 1819 1742 1857 mediocres

347 1889 544 1932 homines,
576 1887 683 1939 quod
714 1886 826 1924 nullo
853 1885 937 1930 usu,
970 1885 1082 1922 nullo
1103 1884 1231 1922 studio
1252 1883 1415 1922 militari
1435 1883 1605 1936 praediti,
1636 1882 1744 1935 quod

348 1954 539 1994 librarioli
561 1953 745 2004 denique,
777 1952 872 1990 scire
892 1941 1179 2004 profiteantur?

405 2020 605 2072 Equidem
626 2027 762 2056 contra
781 2017 977 2062 existimo,
1009 2016 1186 2068 Judices‚
1218 2029 1312 2054 cum
1342 2015 1382 2053 in
1409 2014 1520 2053 omni
1540 2027 1680 2066 genere
1701 2027 1744 2052 ac

349 2087 531 2125 varietate
551 2086 710 2129 artium,
727 2084 845 2122 etiam
866 2083 1040 2127 illarum,
1059 2096 1144 2135 quae
1161 2082 1238 2120 fine
1254 2082 1410 2120 summo
1425 2080 1507 2119 otio
1528 2093 1607 2118 non
1629 2078 1745 2118 facile

349 2153 568 2196 discuntur,
587 2152 664 2190 Cn.
682 2150 892 2204 Pompeius
914 2149 1095 2194 excellat,
1113 2149 1348 2201 singularem
1370 2147 1568 2200 quandam
1587 2146 1745 2184 laudem

349 2221 449 2270 ejus,
481 2226 518 2254 et
540 2216 794 2269 praestabilem
815 2215 887 2253 effe
907 2214 1124 2259 scientiam,
1156 2215 1196 2252 in
1218 2213 1448 2258 foederibus,
1479 2212 1744 2266 pactionibus,

352 2282 647 2321 conditionibus
665 2282 920 2335 populorum,
938 2293 1091 2333 regum,
1109 2289 1329 2318 exterarum
1348 2279 1576 2323 nationum;
1595 2278 1635 2315 in
1653 2276 1746 2315 uni-

353 2349 459 2388 verso
480 2349 650 2401 denique
671 2349 766 2387 belli
782 2349 885 2400 jure,
903 2360 945 2385 ac
967 2346 1096 2400 pacis:
1130 2345 1200 2384 nisi
1222 2345 1337 2391 forte,
1361 2358 1446 2398 quae
1467 2359 1537 2383 nos
1559 2343 1651 2382 libri
1672 2342 1745 2381 do-

353 2426 444 2455 cent
459 2416 499 2453 in
517 2416 656 2453 umbra
670 2425 708 2453 et
724 2415 820 2460 otio,
838 2429 880 2453 ea
897 2415 975 2452 Cn.
993 2413 1229 2466 Pompeium
1249 2426 1390 2465 neque,
1412 2426 1507 2451 cum
1527 2409 1745 2463 requiesce-

354 2492 426 2530 ret,
447 2481 582 2527 litem,
604 2495 744 2534 neque,
767 2494 861 2520 cum
881 2493 962 2519 rem
978 2487 1144 2533 gereret,
1163 2491 1219 2517 res
1237 2477 1340 2531 ipsae,
1359 2478 1498 2517 docere
1514 2482 1744 2530 potuerunt.
