2076 2860
701 177 1274 219 PHILIPPICA
1353 178 1404 217 X.
1671 192 1749 232 405

416 283 470 321 ΙΙ.
496 281 616 326 Nam,
635 289 679 320 ut
701 280 896 333 superiora
915 281 1115 325 omittam,
1138 280 1214 319 hoc
1235 290 1353 327 certe,
1373 282 1480 334 quod
1499 281 1602 320 mihi
1624 284 1751 321 maxi—

359 362 466 386 mam
496 347 798 385 admirationem
829 356 976 391 movet,
1010 360 1089 385 non
1123 347 1273 386 tacebo.
1319 348 1440 400 Qod
1469 348 1522 386 est
1554 348 1629 387 tibi
1661 362 1754 388 cum

360 414 493 451 Brutis
516 413 700 451 bellum?
733 426 803 451 cur
824 427 903 458 eos,
935 427 1034 466 quos
1056 426 1194 451 omnes
1224 428 1321 466 pene
1348 415 1521 452 venerari
1549 414 1754 460 debemus,

360 479 463 518 solus
486 493 690 532 oppugnas
710 481 722 517 ?
756 480 924 518 alterum
945 479 1221 518 circumsederi
1250 494 1328 518 non
1350 480 1511 519 moleste
1532 480 1624 526 fers,
1657 482 1755 520 alte-

359 559 449 583 rum
471 555 537 583 tua
557 545 749 584 sententia
769 546 907 598 spolias
930 545 976 584 iis
999 546 1139 598 copiis,
1167 559 1261 599 quas
1284 546 1364 598 ipse
1385 546 1452 585 suo
1474 546 1606 585 labore
1626 556 1664 586 et
1685 562 1754 600 pe-

361 611 488 649 riculo
508 611 555 648 ad
583 612 825 664 reipublicae,
859 625 938 650 non
966 612 1013 649 ad
1041 612 1169 657 suum,
1202 612 1439 665 praefidium‚
1472 627 1541 666 per
1560 614 1612 658 se,
1645 614 1756 652 nullo

360 677 582 729 adjuvante,
615 676 821 715 confecit?
855 678 956 729 Qis
984 678 1038 716 est
1066 677 1133 715 iste
1154 686 1244 716 tuus
1267 678 1411 724 sensus,
1444 693 1530 731 quae
1551 680 1754 733 cogitatio,

363 744 506 782 Brutos
529 753 572 782 ut
594 758 673 783 non
694 745 851 797 probes,
884 745 1081 783 Antonios
1104 744 1244 796 probes
1265 746 1278 782 ?
1310 758 1408 798 quos
1441 759 1578 784 omnes
1610 747 1754 784 cariffi-

358 824 447 849 mos
473 810 635 857 habent,
668 821 711 850 tu
744 812 903 850 oderis?
935 825 1034 864 quos
1067 811 1307 850 acerbiffime
1338 813 1467 850 caeteri
1499 813 1682 859 oderunt,
1715 823 1759 852 tu

359 877 665 916 constantiffime
686 878 826 930 diligas
844 880 856 916 ?
888 878 1147 931 Ampliffimae
1168 878 1243 916 tibi
1265 878 1433 918 fortunae
1456 879 1558 925 sunt,
1581 880 1757 919 summus

356 941 523 982 ,honoris
545 943 702 995 gradus,
735 943 856 988 filius,
889 953 933 981 ut
953 953 991 981 et
1012 943 1143 988 audio,
1166 953 1204 981 et
1226 943 1349 996 spero,
1374 953 1486 982 natus
1508 945 1554 983 ad
1575 945 1755 985 laudem:

361 1009 428 1046 cui
448 1022 542 1046 cum
564 1009 793 1062 reipublicae
814 1009 926 1048 causa
945 1009 1069 1054 faveo,
1103 1019 1190 1049 tum
1210 1011 1330 1049 etiam
1351 1020 1431 1050 tua.
1748 1046 1751 1047 ν

419 1075 565 1126 Qaero
585 1076 722 1127 igitur,
755 1089 846 1113 eum
869 1076 1032 1113 Brutine
1054 1076 1222 1114 fimilem
1244 1077 1372 1122 malis,
1395 1091 1441 1115 an
1466 1078 1633 1117 Antonii
1653 1081 1666 1117 ?
1698 1081 1760 1118 Ac

363 1141 567 1194 permitto,
600 1151 645 1179 ut
672 1141 719 1179 de
748 1142 873 1180 tribus
900 1142 1088 1180 Antoniis
1110 1142 1246 1194 eligas,
1278 1156 1399 1196 quem
1420 1143 1531 1183 velis.
1576 1145 1647 1183 Dii
1675 1160 1759 1184 me-

359 1207 476 1251 liora,
509 1207 679 1259 inquies.
714 1208 798 1245 Cur
819 1207 942 1259 igitur
963 1221 1040 1246 non
1063 1209 1117 1245 eis
1139 1207 1258 1253 faves,
1289 1222 1388 1261 quos
1410 1209 1557 1256 laudas,
1589 1223 1761 1264 quorum

364 1272 534 1310 similem
555 1272 686 1312 filium
708 1281 823 1311 tuum
843 1273 915 1310 effe
936 1274 1021 1311 vis?
1052 1274 1166 1312 simul
1187 1275 1296 1313 enim
1317 1276 1544 1329 reipubl'icae
1565 1278 1758 1322 consules,

364 1347 404 1376 et
433 1351 627 1391 propones
658 1338 718 1375 illi
748 1339 929 1391 exempla
949 1339 995 1376 ad
1025 1339 1281 1378 imitandum.
1325 1341 1417 1379 Hoc
1438 1356 1543 1387 vero,
1576 1345 1759 1395 QFufi,

365 1405 486 1456 cupio
507 1404 584 1442 fine
605 1404 817 1442 offenfione
840 1405 975 1443 nostra:
996 1406 1194 1450 amicitiae,
1229 1406 1278 1444 sic
1310 1416 1458 1453 tecum,
1491 1418 1534 1447 ut
1563 1423 1584 1446 a
1615 1419 1651 1448 te
1681 1411 1761 1448 dis-

368 1470 536 1508 sentiens
559 1471 723 1516 senator‚
742 1472 867 1523 queri.
903 1473 961 1509 Ita
981 1472 1089 1510 enim
1110 1472 1257 1517 dixisti,
1280 1482 1318 1511 et
1339 1474 1501 1526 quidem
1523 1475 1570 1513 de
1591 1476 1760 1528 scripto;

366 1550 457 1574 nam
489 1545 526 1574 te
557 1537 690 1589 inopia
719 1537 825 1575 verbi
858 1537 1010 1589 lapsum
1046 1547 1249 1590 putarem,
1282 1539 1352 1577 nifi
1383 1549 1492 1578 tuam
1523 1541 1563 1578 in
1594 1541 1764 1580 dicendo

364 1601 597 1640 facultatem
619 1602 792 1642 noffem:
828 1603 977 1642 Literas
1009 1604 1122 1642 Bruti
1154 1605 1254 1642 redte
1282 1613 1321 1643 et
1348 1605 1484 1643 ordine
1511 1606 1671 1659 scriptas
1700 1609 1760 1645 vi-

367 1667 466 1707 deri.
512 1668 622 1720 Qid
649 1667 702 1707 est
729 1668 835 1707 aliud
868 1669 1074 1708 librarium
1107 1670 1220 1708 Bruti
1251 1670 1419 1717 laudare,
1452 1686 1529 1710 non
1560 1674 1761 1711 Brutum?

369 1734 497 1772 Usum
519 1735 557 1772 in
582 1735 797 1787 republica,
831 1736 991 1780 Calene,
1024 1749 1214 1788 magnum
1238 1738 1321 1788 jam
1342 1736 1484 1775 habere
1505 1747 1543 1776 et
1563 1739 1694 1783 debes,
1726 1750 1765 1777 et

366 1809 507 1853 potes:
541 1801 698 1852 quando
729 1802 784 1839 ita
816 1801 973 1840 decerni
1005 1802 1166 1840 vidisti?
1199 1812 1266 1840 aut
1297 1816 1377 1855 quo
1404 1803 1765 1843 senatus-consulto

366 1865 486 1919 hujus
514 1867 666 1919 generis
697 1867 806 1920 (sunt
833 1868 941 1906 enim
968 1868 1291 1919 innumerabilia)
1323 1869 1420 1908 bene
1448 1870 1608 1923 scriptas
1633 1872 1763 1909 literas

367 1932 571 1972 decretum
591 1947 612 1971 a
632 1933 790 1972 senatu?
815 1934 937 1986 Qod
956 1935 1122 1973 verbum
1145 1935 1220 1973 tibi
1241 1949 1319 1973 non
1341 1935 1503 1981 excidit,
1523 1945 1566 1975 ut
1587 1937 1683 1990 saepe
1704 1937 1763 1983 fit,

365 1997 565 2038 fortuito:
599 1999 806 2053 scriptum,
839 2001 1090 2047 meditatum,
1123 2003 1342 2054 cogitatum
1364 2002 1543 2042 attulisti.

425 2066 502 2103 ΙΙΙ.
535 2066 653 2103 Hanc
686 2066 760 2103 tibi
790 2065 1118 2104 consuetudinem
1140 2068 1333 2119 plerisque
1355 2068 1394 2106 in
1417 2068 1531 2107 rebus
1555 2069 1669 2107 bonis
1689 2070 1764 2108 ob-

375 2131 565 2168 trectandi
587 2132 613 2169 fi
635 2131 722 2183 quis
744 2131 979 2177 detraxerim
1013 2133 1109 2184 quid
1132 2134 1220 2179 tibi,
1252 2134 1359 2186 quod
1380 2135 1450 2172 fibi
1471 2135 1635 2188 quisque
1655 2137 1765 2181 velit,

374 2208 454 2232 non
487 2196 765 2247 relinquetur?
803 2197 1074 2248 Qamobrem
1107 2199 1252 2251 collige
1284 2208 1336 2244 te,
1370 2200 1556 2252 placaque
1587 2201 1767 2239 animum

372 2260 493 2298 istum
515 2261 740 2312 aliquando,
772 2271 811 2300 et
841 2263 1007 2315 mitiga:
1040 2264 1130 2302 audi
1162 2266 1264 2303 viros
1298 2265 1437 2310 bonos,
1469 2266 1614 2318 quibus
1647 2268 1767 2305 uteris

372 2326 532 2364 multis:
557 2326 717 2378 loquere
738 2341 830 2366 cum
853 2328 1130 2381 sapientiffimo
1151 2330 1328 2376 homine,
1346 2345 1490 2384 genero
1507 2342 1590 2377 tuo,
1614 2331 1764 2385 saepiuS,

373 2405 492 2444 quam
515 2392 593 2444 ipse
616 2403 773 2432 tecum:
798 2403 884 2432 tum
907 2395 1075 2447 denique
1095 2397 1319 2448 amplissimi
1342 2397 1503 2436 honoris
1526 2412 1668 2436 nomen
1691 2398 1765 2435 ob-

374 2459 547 2497 tinebis.v
577 2460 641 2497 An
672 2472 760 2498 vero
788 2459 864 2498 hoc
893 2475 963 2512 pro
992 2461 1119 2500 nihilo
1148 2472 1274 2515 putas,
1311 2463 1368 2514 (in
1390 2476 1469 2514 quo
1491 2463 1673 2514 equidem
1693 2477 1766 2516 pro
