2076 2860
574 158 865 200 VARIAE
953 149 1514 196 LECTIONE'S.

301 273 359 342 Ιἕςς
406 310 417 332 ι
442 300 606 340 syngraphae
620 300 683 337 usin
696 298 898 337 cirographafie
1062 264 1121 333 ι358
1167 303 1181 332 5
1205 291 1257 321 effe
1279 305 1293 321 υ
1314 292 1357 330 effi
1379 293 1447 330 quod
1467 290 1589 330 elegifflnt
1610 299 1658 321 aue
1680 290 1707 328 ψ
1730 291 1772 330 sse

404 352 419 371 2
442 350 586 378 nunquam
601 340 671 368 faeta
684 354 708 372 v,
724 340 748 373 ψ
762 339 788 367 d.
1252 334 1320 370 quod
1328 333 1410 369 egiffet
1424 339 1472 360 aut

402 391 422 418 4
442 382 567 410 liberatae
580 394 603 411 v,
619 381 642 413 ψ
657 379 775 407 libertate
1148 380 1184 400 ιο
1207 371 1343 400 facturum
1359 374 1503 409 vsuturum

404 423 420 449 8
442 421 549 459 populo
563 421 692 448 Romano
706 432 730 450 v,
747 417 773 452 ψ
787 415 943 454 Reipublicae
1148 421 1158 439 ι
1168 421 1178 439 1
1204 412 1368 450 magistratu
1383 425 1396 439 ν
1410 413 1576 449 magistratus

386 470 422 489 ιο
443 460 646 497 Antefignanos
661 459 686 492 ψ
700 458 890 496 Amefignarioa
1149 461 1183 480 12
1204 451 1331 479 futurum
1345 464 1369 484 v,
1383 451 1409 486 ψ
1422 459 1562 480 venturum

387 510 420 537 13
443 499 593 528 consessum
608 500 727 537 vsetficm
741 499 765 532 ψ
779 495 915 533 consttgsum
1149 499 1186 527 14
1206 490 1260 519 iter
1274 503 1287 518 v
1300 492 1369 519 inter

388 548 424 575 ¹4
445 546 507 568 avet
520 552 544 571 v,
562 539 587 573 ψ
598 547 682 576 pavet
1149 539 1159 559 1
1169 539 1183 567 5
1207 530 1252 558 vel
1267 529 1296 557 in
1311 530 1410 559 urbem
1425 543 1450 564 v,
1465 529 1494 566 ψ
1506 530 1532 559 d.

383 594 423 601 —
442 578 515 607 illud
528 592 541 607 u
555 579 612 607 illos
1148 579 1179 599 21
1206 569 1285 597 fuiss‘e
1298 570 1323 604 ψ
1337 572 1365 598 d.

386 627 423 648 20
445 618 617 656 Gortynium
633 617 658 651 ψ
672 617 812 644 Cominium
1148 619 1183 646 23
1207 617 1236 638 et
1319 609 1493 647 concupisset
1508 622 1521 638 υ
1534 610 1564 638 d.

385 667 421 686 22
444 658 548 687 nobilis
562 671 575 686 u
591 656 715 686 notabilis
1150 651 1186 679 28
1208 649 1243 678 C.
1262 663 1286 682 v,
1301 650 1326 684 ψ
1339 649 1365 677 d.

386 707 421 735 23
445 698 529 726 homo
543 711 556 726 v
573 709 618 735 quo
632 707 697 725 nemo
1148 698 1185 726 29
1207 698 1368 729 quanquam
1384 702 1397 717 υ
1412 700 1488 728 quam
1501 688 1527 724 ψ
1541 698 1596 718 cum

387 747 421 775 25
447 739 550 773 Qaero
561 737 588 772 ψ
603 738 701 774 Qaere
1149 738 1181 767 3¹
1207 728 1278 757 adiit
1291 743 1304 757 v
1317 732 1394 758 aviit

387 786 427 814 30
447 777 582 805 consessus
597 791 610 805 v
625 777 748 813 confhnfiaes
1070 779 1126 808 359
1169 779 1187 806 4
1209 777 1265 797 non
1279 769 1304 803 ψ
1318 769 1344 798 d.

386 831 427 839 —
447 816 523 854 isque
539 817 716 855 nequiffimus
731 829 744 843 v
757 815 844 853 hisque
857 812 1004 851 nequiffi‘mis
1147 824 1188 830 —
1209 807 1254 836 sed
1269 809 1294 843 ψ
1308 809 1333 838 d.

389 866 425 894 3²
447 857 483 885 est
498 870 511 884 v
526 858 553 885 d.
1170 849 1187 876 6
1212 858 1247 876 ne
1261 851 1311 884 use

385 911 426 918 —
446 906 481 924 ne
496 897 614 925 Curium
629 909 643 924 v
659 907 700 924 nec
713 898 787 924 curia
1152 897 1162 916 1
1172 898 1186 926 3
1209 888 1374 926 reipublicae
1388 902 1402 917 υ
1414 895 1445 926 p.
1459 899 1483 915 r.

389 945 424 974 33
447 936 533 964 faciat
546 949 570 970 v,
585 936 610 970 ψ
612 939 689 974 facit
1153 929 1188 957 16
1210 937 1258 957 aut
1274 928 1371 962 faciat,
1392 928 1528 956 moliatur
1540 927 1654 964 ufaciat
1667 931 1714 953 aut
1727 934 1779 952 mo-

309 976 366 1016 356
411 985 423 1006 1
447 976 525 1004 exilii
541 989 554 1004 υ
567 987 598 1005 ex
611 975 660 1004 illa
965 981 969 984 ’
1255 968 1339 997 liatur
1352 967 1380 1005 ψ
1393 977 1439 997 aut
1453 970 1599 1004 nonfaciat
1610 973 1656 995 aut
1668 975 1714 994 non
1728 975 1781 992 mo-

408 1025 427 1052 4
448 1016 567 1054 speciem
582 1016 674 1053 vlf->em
1256 1008 1339 1036 lialur

407 1065 423 1093 5
446 1065 500 1094 ego
515 1070 528 1083 υ
542 1068 567 1084 eo
1155 1057 1188 1084 17
1212 1048 1313 1077 habuit
1327 1062 1340 1076 v
1352 1047 1474 1077 babuerit

407 1095 426 1123 6
448 1095 526 1123 nolui
541 1095 567 1130 ψ
583 1095 661 1127 nolui,
682 1095 751 1123 nolui
1154 1090 1188 1116 18
1210 1089 1301 1116 Caedes
1315 1089 1340 1122 ψ
1352 1089 1379 1116 d.

386 1150 426 1157 ·—
447 1135 644 1164 comiffationis
659 1136 683 1170 ψ
697 1136 898 1172 commffzticnis
1155 1137 1189 1165 19
1212 1129 1253 1156 At
1267 1141 1290 1160 υ,
1303 1127 1330 1162 ’ψ
1344 1128 1369 1156 d.

409 1183 425 1212 7
443 1176 573 1212 judicum
589 1177 738 1213 vjudicium
1151 1182 1192 1189 —
1212 1167 1260 1204 qui
1277 1167 1304 1201 ψ
1318 1168 1347 1195 hi

411 1218 427 1244 8
450 1216 605 1252 conjectum
619 1229 633 1242 u
646 1215 769 1243 collobium
1151 1222 1191 1228 —
1213 1207 1338 1235 viverent
1352 1207 1378 1241 ψ
1392 1209 1496 1235 vivunt

393 1265 429 1284 10
449 1254 570 1283 fulmina
584 1268 597 1282 v
612 1257 723 1282 minaria
1153 1256 1191 1274 zo
1212 1247 1246 1274 de
1260 1260 1273 1274 υ
1286 1247 1314 1274 d.

393 1296 428 1324 16
450 1295 523 1322 coeni
539 1294 631 1322 secisse
644 1308 657 1322 v
672 1297 725 1321 ceni
730 1291 856 1331 fugzffint
870 1289 1018 1328 altfrcfflnt
1153 1295 1191 1322 24
1214 1285 1341 1314 decernis
1356 1299 1381 1318 v,
1396 1286 1422 1320 ψ
1436 1286 1571 1314 decernitir

393 1345 402 1363 1
412 1344 427 1371 7
450 1334 659 1371 imprimeretur
672 1347 695 1366 v,
710 1334 735 1367 ψ
749 1335 900 1369 imprimeret
1151 1340 1191 1346 —
1212 1325 1369 1363 depreceris
1383 1339 1397 1354 v
1411 1327 1552 1362 deprecetur
1565 1324 1591 1358 ψ
1603 1324 1764 1360 deprecentur

392 1384 428 1414 19
449 1374 653 1412 cognitumque
667 1375 680 1400 ί,
692 1373 715 1400 d.
1155 1375 1188 1403 25
1214 1365 1334 1403 imperes
1349 1379 1363 1393 υ
1376 1367 1514 1402 temperetis
1531 1363 1558 1400 ψ
1573 1366 1697 1401 imperitis

388 1430 429 1437 —
449 1423 533 1452 quam
548 1414 573 1447 ψ
587 1415 654 1450 quod
1151 1419 1193 1427 --
1213 1406 1309 1433 audiet
1324 1419 1337 1433 v
1357 1407 1433 1433 audit

392 1463 428 1483 20
450 1453 585 1492 ejusmodi
597 1467 621 1486 u,
635 1453 660 1486 ψ
671 1452 810 1489 hujusmodi
1155 1455 1190 1480 27
1215 1445 1341 1473 videmus
1357 1458 1381 1478 v,
1392 1445 1419 1480 ψ
1434 1446 1553 1473 vidimus

390 1504 427 1523 22
449 1504 500 1522 cur
513 1507 537 1527 υ,
553 1493 580 1526 ψ
594 1495 621 1520 d.
1151 1500 1192 1506 —
1214 1485 1313 1522 populi
1328 1485 1451 1513 Romani
1466 1485 1491 1519 ψ
1505 1484 1531 1511 d.

391 1534 428 1563 26
449 1533 507 1572 post
522 1533 664 1560 conditam
681 1531 778 1559 urbem
794 1544 806 1558 v
821 1531 848 1557 d.
1156 1534 1191 1561 ²9
1213 1533 1288 1552 certe
1302 1525 1326 1558 ψ
1340 1525 1366 1553 d.

392 1583 425 1611 ³¹
452 1572 537 1601 nullis
551 1587 564 1600 υ
578 1572 637 1600 ullis
1152 1579 1193 1585 —
1213 1565 1310 1592 afferet
1325 1578 1338 1592 u
1352 1566 1429 1602 cffirt

388 1628 430 1636 —-
449 1614 502 1641 hoc
518 1612 543 1646 ψ
559 1613 615 1641 haec
1156 1614 1193 1641 30
1213 1604 1289 1642 quod
1305 1605 1330 1638 ψ
1343 1613 1367 1632 et

394 1663 429 1691 32
452 1657 491 1681 At
505 1666 518 1680 υ
530 1653 553 1679 d.
1152 1660 1196 1666 —-
1215 1644 1300 1671 audio
1313 1645 1338 1678 ψ
1352 1645 1460 1672 audiam

393 1703 429 1731 33
454 1692 591 1721 Claffitius
606 1693 630 1727 ψ
646 1692 744 1728 Cafflus
1157 1695 1192 1722 3²
1215 1684 1388 1712 celeritatem
1403 1683 1592 1720 vsceleritatem

314 1744 368 1773 357
414 1743 428 1770 3
451 1733 499 1761 ille
512 1746 524 1760 υ
539 1732 588 1760 illa
1078 1727 1134 1762 360
1179 1736 1192 1763 3
1216 1724 1383 1762 quibuscum
1409 1722 1548 1751 mandatis
1571 1735 1584 1750 υ
1603 1719 1698 1760 'quibus
1719 1732 1786 1750 com-

411 1783 428 1810 7
450 1773 484 1800 de
499 1786 522 1805 v,
538 1772 563 1806 ψ
578 1783 590 1800 e
1261 1765 1383 1791 mendatis

389 1828 430 1836 -—
450 1812 555 1850 opertis
569 1827 582 1840 υ
597 1813 695 1848 apertis
1178 1814 1192 1842 5
1216 1813 1232 1831 a
1247 1817 1259 1831 υ
1275 1806 1302 1831 d.

413 1856 429 1882 8
451 1851 621 1888 conscriptos
636 1851 661 1884 ψ
676 1849 810 1886 confiripti
1157 1859 1197 1866 ·—
1218 1844 1323 1871 definat
1337 1856 1350 1870 υ
1363 1843 1447 1880 defina

396 1903 405 1921 1
416 1903 431 1921 2
451 1891 591 1919 referebat
605 1905 629 1923 v,
646 1890 673 1925 ψ
687 1889 846 1926 referebatur
1161 1893 1196 1912 ιο
1215 1883 1379 1919 jubebimus
1393 1883 1418 1915 «ᾧ
1432 1880 1577 1910 videbimus

397 1942 433 1968 ¹4
456 1931 574 1967 periculi
589 1944 613 1961 v,
626 1931 651 1964 ψ
662 1929 777 1966 pericula
1162 1932 1192 1951 11
1220 1923 1264 1951 Ad
1351 1922 1490 1950 mittimus
1505 1934 1517 1948 v
1531 1923 1558 1948 d.

397 1982 407 2000 1
417 1975 431 1999 8
454 1981 480 1998 a.
495 1969 523 1999 d.
539 1968 564 2004 ψ
583 1971 621 1997 ad
963 1993 966 1996 Δ
1162 1972 1171 1990 1
1181 1972 1196 1990 2
1219 1972 1252 1989 ne
1267 1961 1407 1989 coloniam
1424 1974 1436 1988 υ
1449 1960 1616 1998 coloniamque

397 2021 432 2050 ¹9
454 2010 512 2038 dies
529 2010 563 2037 de
578 2024 601 2042 υ,
617 2010 641 2043 ψ
663 2010 725 2036 dies.
759 2008 795 2034 Ut
816 2007 919 2044 digaessio
938 2008 1025 2042 potius
1162 2011 1195 2038 ¹3
1219 2002 1255 2029 est
1268 2015 1280 2028 u
1295 2002 1319 2028 a'.

502 2062 577 2088 quam
592 2049 740 2077 declamatio
753 2049 899 2075 videretur.
932 2046 974 2074 De
1161 2051 1170 2069 1
1180 2044 1195 2069 8
1219 2040 1362 2069 Annibale
1376 2054 1389 2068 v
1404 2039 1553 2068 Hannibale

397 2100 435 2127 ²4
456 2091 501 2118 die
515 2104 528 2117 v
543 2090 568 2117 d.
1160 2090 1190 2109 21
1218 2090 1253 2108 ne
1267 2087 1414 2119 oppugnet
1427 2093 1440 2108 υ
1456 2090 1530 2117 neque
1538 2086 1636 2117 pugnet

399 2133 434 2160 26
457 2129 596 2158 amevd.
1160 2131 1196 2150 22
1218 2128 1335 2148 autvut

399 2181 436 2208 29
458 2169 574 2207 Mylafis
589 2167 615 2203 ψ
629 2167 743 2204 Miliafis
1161 2170 1199 2197 24
1222 2169 1286 2188 xnr
1303 2173 1316 2188 v
1333 2169 1413 2188 xrrn

399 2219 437 2248 30
457 2211 486 2238 in
502 2223 514 2236 v
529 2210 555 2236 d.
1161 2211 1197 2238 ²9
1220 2200 1320 2228 avertit
1335 2213 1359 2233 v,
1373 2200 1398 2234 ψ
1412 2201 1497 2227 vertit

398 2260 434 2287 32
457 2249 592 2278 aviditate
606 2247 631 2282 ψ
645 2247 779 2274 aviditati
1162 2250 1194 2278 31
1222 2248 1249 2268 et
1265 2253 1278 2268 v
1292 2240 1318 2267 d.

400 2299 434 2327 33
458 2288 625 2317 imminebat
639 2288 778 2314 vimminat
1159 2290 1194 2317 33
1219 2280 1257 2308 D.
1274 2293 1287 2308 v
1301 2279 1328 2307 d.

400 2340 437 2367 34
458 2328 600 2367 :equitatis
613 2327 637 2361 ψ
652 2328 764 2363 aequitas
1083 2321 1134 2360 361
1184 2330 1197 2357 3
1223 2328 1253 2348 ut
1267 2333 1288 2351 v,
1307 2318 1334 2354 ψ
1348 2327 1375 2347 ut
1389 2330 1417 2347 re

321 2372 376 2410 358
422 2380 431 2398 1
458 2375 595 2406 quantum
611 2366 761 2404 reliquerat
775 2376 788 2391 v
804 2363 904 2402 quisque
916 2370 971 2392 crae
1182 2369 1197 2396 7
1221 2359 1302 2397 ipfius
1317 2372 1341 2392 v,
1357 2358 1384 2394 ψ
1397 2358 1470 2387 illim·

418 2420 436 2447 4
459 2407 640 2447 septemviros
655 2406 679 2441 ψ
695 2415 727 2433 vi
744 2407 818 2433 ‘viros
1167 2408 1202 2429 10
1222 2409 1284 2438 quae
1299 2412 1324 2435 u,
1339 2398 1365 2438 ψ
1379 2399 1409 2428 ab
1423 2409 1480 2438 quae
