2076 2860
373 212 421 240 ιο
840 193 1284 232 ORATIO

369 306 542 349 pungere
556 292 756 332 neminem
772 303 946 343 unquam
964 289 1189 343 potuissent,
1207 288 1250 327 hi
1271 287 1416 327 summi
1437 285 1596 340 imperii
1614 284 1749 325 nomi-

369 375 418 399 ne
437 360 574 398 armati
595 357 880 411 rempublicam
896 357 1281 395 contrucidaverunt.
1298 355 1330 393 F
1334 354 1444 392 oedus
1461 353 1640 392 fecerunt
1655 364 1751 391 cum

368 427 529 464 tribuno
550 424 675 478 plebis
696 423 838 476 palam,
865 431 909 460 ut
929 423 978 460 ab
997 435 1043 460 eo
1064 422 1284 474 provincias
1304 421 1541 473 acciperent,
1563 431 1658 472 quas
1679 417 1750 471 ipfi

368 493 514 530 vellent
527 510 538 536 ;
570 491 802 534 exercitum,
824 498 862 527 et
882 489 1110 541 pecuniam,
1137 497 1325 541 quantam
1345 487 1507 533 vellent,
1529 499 1573 525 ea
1591 486 1693 538 lege,
1723 484 1752 523 fi

368 558 437 610 ipsi
459 558 565 610 prius
588 556 747 593 tribuno
769 555 894 607 plebis
915 553 1100 593 afflietam
1120 564 1159 593 et
1185 553 1433 592 constri&am
1462 552 1752 606 rempublicam

369 621 606 661 tradidissent
623 637 631 659 ε
665 621 704 658 id
725 630 855 673 autem
876 619 1006 658 foedus
1027 633 1116 657 meo
1137 620 1324 672 sanguine
1344 620 1469 658 iCtum
1488 618 1628 658 sanciri
1648 616 1753 670 poffe

367 689 564 726 dicebant.
627 700 675 724 ua
689 700 728 724 re
744 685 932 739 patefaem
953 687 1098 738 (neque
1113 686 1220 723 enim
1242 685 1473 724 diffimulari
1492 694 1649 724 tantum
1669 684 1752 722 sce-

368 754 429 792 lus
450 762 615 806 poterat,
648 766 717 790 nec
739 753 873 802 latere)
905 752 1207 804 promulgantur
1234 765 1314 789 uno
1337 752 1555 803 eodemque
1575 759 1753 803 tempore

369 820 588 872 rogationes
609 819 657 856 ab
677 819 814 856 eodem
835 818 997 856 tribuno
1016 817 1063 855 de
1084 830 1169 855 mea
1193 817 1382 869 pernicie,
1411 826 1450 855 et
1470 817 1517 854 de
1538 815 1754 869 provinciis

368 885 576 923 consulum
597 884 849 922 nominatim.

426 952 500 988 ΧΙ.
534 950 615 989 Hic
637 960 723 987 tum
746 950 895 987 senatus
918 949 1134 993 sollicitus,
1165 961 1232 986 vos
1253 948 1404 1000 equites
1425 947 1610 992 excitati,
1642 946 1756 984 Italia

369 1017 510 1054 cuneta
528 1025 719 1068 permota,
750 1028 886 1052 omnes
907 1015 1076 1066 denique
1096 1015 1279 1052 omnium
1300 1027 1489 1065 generum
1509 1022 1625 1064 atque
1645 1012 1754 1050 ordi-

371 1095 468 1120 num
488 1081 607 1125 cives‚
630 1081 790 1119 summae
811 1080 1036 1133 reipublicae
1052 1093 1072 1117 a
1087 1080 1314 1117 consulibus
1335 1089 1452 1131 atque
1465 1093 1488 1117 a
1503 1079 1659 1116 summo
1674 1078 1754 1115 im-

371 1147 478 1199 perio
492 1145 706 1198 petendum
722 1145 793 1184 effe
808 1146 1002 1183 auxilium
1017 1145 1327 1189 arbitrabantur;
1345 1158 1441 1182 cum
1455 1144 1517 1182 illi
1533 1143 1605 1182 soli
1620 1142 1756 1187 efferat,

372 1221 508 1265 praeter
527 1211 719 1250 furiosum
741 1212 858 1250 illum
880 1212 1101 1256 tribunum,
1123 1212 1202 1248 duo
1223 1210 1450 1263 reipublicae
1471 1210 1663 1254 turbines,
1685 1209 1758 1261 qui

374 1291 450 1315 non
483 1277 602 1315 modo
633 1277 893 1330 praecipitanti
925 1278 1058 1330 patriae
1087 1290 1166 1315 non
1198 1276 1462 1321 subvenirent,
1494 1275 1557 1314 sed
1583 1289 1670 1313 eam
1689 1275 1756 1312 ni-

373 1343 500 1381 mium
523 1343 627 1380 tarde
648 1343 853 1381 concidere
873 1352 1098 1381 moererent.
1136 1342 1406 1394 Flagitabatnr
1425 1343 1474 1379 ab
1495 1341 1556 1380 his
1578 1340 1758 1393 quotidie

371 1423 466 1446 cum
485 1409 653 1461 querelis
675 1409 869 1447 bonorum
891 1409 1096 1454 omnium,
1127 1418 1216 1446 tum
1235 1409 1355 1446 etiarn
1374 1408 1557 1461 precibus
1579 1407 1730 1445 senatus
1743 1433 1756 1451 ‚

373 1485 416 1512 ut
437 1488 564 1513 meam
585 1474 737 1513 causam
758 1475 994 1527 susciperent
1009 1504 1019 1520 ,
1053 1483 1210 1527 agerent
1224 1503 1236 1519 ,
1269 1474 1420 1526 aliquid
1441 1474 1610 1525 denique
1629 1473 1677 1510 ad
1698 1472 1756 1511 se—

374 1551 510 1578 natum
530 1540 741 1579 referrent:
774 1540 815 1578 hi
837 1555 916 1579 non
936 1541 1056 1579 modo
1078 1541 1278 1593 negando,
1310 1541 1373 1578 sed
1394 1541 1513 1578 etiam
1535 1539 1758 1584 irridendo,

371 1606 651 1658 ampliffimum
673 1619 870 1658 quemque
891 1607 1001 1644 illius
1020 1606 1168 1644 ordinis
1189 1606 1509 1658 insequebantur.

431 1673 511 1709 Hic
529 1672 671 1716 subito,
687 1686 780 1710 cum
795 1672 1039 1710 incredibilis
1056 1672 1097 1709 in
1115 1672 1363 1724 Capitolium
1378 1671 1598 1710 multitudo
1614 1684 1660 1709 ex
1679 1679 1761 1709 tota

377 1736 471 1774 urbe
502 1738 717 1787 cunetaque
749 1736 861 1774 Italia
891 1736 1143 1781 convenisset,
1175 1737 1319 1774 vestem
1348 1737 1579 1775 mutandam
1603 1749 1758 1781 omnes,

376 1815 516 1853 meque
535 1802 652 1838 etiam
675 1801 783 1838 omni
806 1801 966 1845 ratione,
986 1801 1136 1853 privato
1156 1802 1334 1846 consilio,
1359 1802 1566 1853 (quoniam
1587 1801 1761 1853 publicis

375 1867 542 1904 ducibus
561 1867 777 1919 respublica
792 1867 953 1917 careret)
971 1866 1277 1912 defendendum,
1293 1876 1495 1919 putarunt.
1515 1868 1609 1905 Erat
1622 1867 1761 1904 eodem

379 1943 552 1984 tempore
573 1932 722 1971 senatus
744 1933 784 1970 in
806 1933 883 1971 aede
905 1933 1152 1978 Coneordiae,
1184 1934 1291 1985 quod
1320 1933 1450 1986 ipsum
1479 1932 1676 1985 templum
1697 1947 1760 1971 re-

379 1999 627 2051 praesentabat
659 2000 890 2037 memoriam
923 1999 1146 2038 consulatus
1179 2000 1274 2044 mei,
1305 2014 1398 2038 curn
1431 2000 1526 2038 flens
1560 1999 1762 2038 universus

378 2065 473 2103 ordo
494 2066 764 2103 cincinnatum
786 2066 987 2104 consulem
1009 2067 1140 2104 orabat
1160 2081 1168 2104 :
1203 2080 1295 2104 nam
1313 2067 1410 2104 alter
1433 2066 1500 2104 ille
1521 2065 1703 2104 horridus
1724 2075 1766 2104 et

380 2132 527 2169 severus
549 2131 728 2169 consulto
749 2132 784 2169 se
805 2132 912 2170 dorni
934 2132 1176 2170 continebat.
1194 2133 1285 2184 Qa
1300 2142 1387 2170 tum
1409 2132 1586 2184 superbia
1601 2145 1762 2170 coenum

382 2196 480 2234 illud
502 2210 543 2234 ac
565 2196 670 2234 labes
692 2197 917 2249 ampliffimi
939 2197 1086 2235 ordinis
1114 2211 1245 2249 preces
1263 2227 1273 2243 ,
1304 2208 1342 2236 et
1371 2197 1671 2236 clariffimorum
1701 2198 1762 2236 ci-

381 2262 489 2299 vium
507 2261 709 2312 lacrymas,
729 2262 970 2314 repudiavit?
990 2276 1052 2300 me
1070 2263 1198 2315 ipsum
1215 2272 1258 2301 ut
1279 2263 1514 2315 contempfit
1534 2262 1670 2300 helluo
1691 2276 1762 2315 pa-

380 2329 461 2365 triae
481 2328 494 2365 ?
527 2341 615 2365 nam
637 2328 732 2379 quid
753 2342 825 2380 ego
848 2329 1072 2381 patrimonii
1095 2329 1223 2366 dicam
1239 2358 1252 2374 ,
1281 2329 1389 2381 quod
1417 2329 1511 2374 ille,
1543 2343 1636 2367 cum
1657 2329 1762 2380 quafi

381 2392 570 2445 qua-stum
592 2393 748 2439 faceret,
780 2395 936 2432 amisit?
970 2396 1075 2433 Cum
1103 2395 1261 2433 venisset
1288 2395 1334 2432 ad
1362 2395 1551 2441 senatum,
1584 2408 1666 2439 vos,
1698 2395 1761 2432 in-

382 2472 523 2510 quam,
554 2459 702 2511 equites
733 2461 927 2506 Romani,
959 2470 997 2499 et
1024 2474 1160 2500 omnes
1189 2461 1308 2507 boni,
1339 2461 1438 2500 veste
1465 2470 1638 2505 mutata,
1669 2474 1762 2506 vos,
