2076 2860
479 209 552 245 202
862 200 899 237 O
949 197 986 235 R
1035 196 1073 234 A
1111 197 1150 235 T
1200 197 1218 234 I
1268 195 1321 241 O,
1405 195 1483 233 δίε.

476 315 517 345 et
549 303 821 357 integerrimos
838 329 848 345 ,
881 313 960 337 non
982 298 1109 336 solum
1130 296 1202 335 fibi
1231 296 1333 350 ipsos
1349 326 1361 342 ‚
1393 309 1522 348 neque
1548 293 1610 334 his
1637 303 1696 334 tot
1715 308 1759 334 ac
1780 296 1869 334 tali-

479 373 551 410 bus
573 372 665 410 viris
682 399 692 414 ‚
724 357 851 420 nequo
879 365 993 404 nobis
1021 363 1236 403 neceffariis
1258 363 1335 402 suis
1350 392 1361 408 ‚
1394 362 1458 401 sed
1479 363 1598 401 etiam
1619 362 1847 416 reipublicae
1860 391 1872 409 ,

477 436 771 477 condonaveris.

536 506 613 542 Fac
644 502 791 554 igitur,
824 498 932 552 quod
962 498 1010 536 de
1038 497 1202 536 homine
1231 495 1472 534 nobiliffimo
1502 504 1541 533 et
1570 495 1779 534 clariffimo
1808 495 1873 534 M.

482 569 675 609 Marcello
701 566 828 605 fecisti
856 579 980 618 nuper
1012 565 1054 602 in
1083 565 1204 608 curia,
1237 576 1343 601 nunc
1371 563 1477 600 idem
1505 562 1546 600 in
1574 561 1661 600 foro
1688 561 1736 600 de
1766 563 1875 615 opti-

479 638 553 675 mis
571 645 610 673 et
626 634 720 673 huic
737 634 847 672 omni
864 631 1096 685 frequentiae
1115 629 1393 684 probatiffimis
1415 628 1617 668 fratribus.
1637 629 1696 666 Ut
1715 628 1876 667 conces-

482 703 556 741 fisti
577 702 693 740 illum
715 701 888 744 senatui,
922 700 972 737 fic
997 698 1045 736 da
1070 697 1179 735 hunc
1200 696 1378 749 populo;
1410 697 1524 748 cujus
1544 696 1791 733 voluntatem
1812 708 1877 732 ca-

482 769 667 807 riffimam
690 767 839 819 semper
860 764 1044 803 habuisti.
1064 765 1132 808 Et,
1151 763 1177 801 fi
1195 763 1262 800 ille
1279 762 1359 800 dies
1381 761 1457 799 tibi
1477 761 1786 814 gloriofiffimus,
1803 774 1877 813 po-

484 835 579 889 pulo
601 836 783 873 Romano
804 832 1039 885 gratiffimus
1061 830 1139 869 fuit
1152 848 1163 875 ;
1187 830 1285 874 noli,
1307 828 1483 874 obsecro,
1506 828 1701 873 dubitare,
1725 828 1775 865 C.
1790 828 1879 865 Cae-

484 901 555 947 sar,
581 902 750 940 fimilem
770 900 831 938 illi
852 899 986 952 gloriae
1006 898 1163 937 laudem
1184 910 1303 950 quam
1324 896 1524 949 saepiffime
1544 908 1728 948 quaerere.
1760 892 1881 933 Nihil

485 967 539 1006 est
559 969 666 1006 enim
688 977 768 1005 tam
790 966 990 1019 populare,
1013 978 1133 1018 quam
1154 953 1336 1008 bonita83
1370 962 1480 1001 nulla
1499 962 1546 1000 de
1566 961 1780 1000 virtutibus
1803 959 1881 998 tuis

487 1034 686 1086 plurimiS,
709 1047 780 1071 nec
801 1031 1071 1070 admirabilior
1091 1045 1162 1068 nec
1183 1031 1329 1082 gratior
1349 1027 1616 1067 misericordia
1634 1027 1702 1065 est.
1731 1026 1881 1064 Homi-

488 1114 555 1138 nes
577 1100 684 1140 enim
700 1099 747 1137 ad
764 1100 870 1137 Deos
892 1098 1002 1137 nulla
1021 1112 1060 1135 re
1080 1097 1242 1150 propius
1263 1095 1470 1141 accedunt,
1488 1108 1608 1148 quam
1625 1093 1789 1132 salutern
1805 1090 1881 1130 ho-

487 1167 665 1205 minibus
687 1166 828 1204 dando.
870 1164 989 1204 Nihil
1011 1164 1130 1202 habet
1150 1177 1221 1201 nec
1246 1162 1406 1201 fortuna
1437 1172 1504 1200 tua
1523 1162 1664 1213 majus,
1698 1173 1818 1212 quam
1840 1166 1885 1196 ut
1938 1198 1942 1201 ,

489 1233 630 1286 poffis;
664 1246 735 1270 nec
758 1241 893 1270 natura
914 1240 980 1269 tua
1000 1231 1158 1275 melius,
1181 1244 1300 1282 quam
1321 1238 1365 1268 ut
1384 1228 1497 1274 velis,
1520 1227 1744 1266 conservare
1764 1237 1886 1277 quam

490 1298 699 1352 plurimos.
744 1298 986 1350 Longiorem
1018 1297 1235 1334 orationem
1268 1295 1379 1332 causa
1410 1294 1569 1332 forsitan
1602 1291 1786 1345 postulat,
1819 1299 1888 1329 tua

492 1369 596 1398 certe
624 1368 759 1397 natura
792 1359 1023 1397 breviorem.
1057 1359 1204 1409 Qare‚
1235 1370 1330 1395 cum
1364 1356 1501 1394 utilius
1534 1354 1606 1393 effe
1637 1352 1816 1397 arbitrer,
1848 1360 1888 1390 te

491 1426 637 1479 ipsum,
659 1439 777 1479 quam
797 1435 864 1463 aut
883 1439 962 1470 me,
988 1434 1054 1462 aut
1075 1437 1332 1477 quemquam,
1363 1422 1475 1474 loqui
1497 1430 1644 1466 tecum,
1666 1418 1789 1457 finem
1803 1417 1889 1470 jam

493 1491 635 1530 faciam
654 1507 662 1530 ε
696 1501 850 1530 tantum
872 1501 910 1529 te
929 1490 1151 1529 admonebo
1165 1519 1177 1535 ,
1209 1489 1235 1527 s1
1266 1489 1327 1527 illi
1353 1488 1503 1528 absenti
1524 1487 1689 1526 salutem
1707 1483 1859 1523 dederis
1875 1512 1887 1530 ‚

493 1558 747 1613 praesentibus
767 1558 830 1598 his
851 1558 1038 1597 omnibus
1060 1566 1098 1597 te
1117 1557 1317 1595 daturum.
