2076 2860
451 232 529 258 200
928 207 1373 248 ORATIO

450 326 569 361 certe,
602 312 776 368 speraffet
801 310 836 348 se
857 308 960 362 poffe
981 307 1269 360 rempublicam
1289 304 1445 344 eludere
1466 305 1507 343 in
1528 304 1607 342 illis
1629 302 1706 342 suis
1727 304 1838 355 cogi-

452 384 541 421 tatis
578 380 791 419 furoribus.
839 376 965 427 Cujus
1001 375 1061 412 illi
1096 382 1284 418 conatu8‚
1317 381 1361 410 ut
1396 371 1475 424 ipse
1509 370 1838 415 ratiocinabatur,

452 463 537 493 nec,
570 448 596 485 fi
627 444 790 499 poffent,
823 441 1031 494 reprimere
1061 448 1263 492 cuperent,
1295 452 1388 476 cum
1419 446 1574 476 tantum
1603 436 1842 475 beneficium

452 515 487 552 ei
519 514 554 550 se
585 512 723 549 debere
752 507 1059 550 arbitrarentur;
1093 514 1145 550 et,
1177 505 1203 542 fi
1224 504 1384 548 vellent,
1416 502 1569 541 fortaffe
1588 503 1656 540 vix
1676 501 1840 554 poss'ent,

451 579 628 630 frangere
673 574 847 614 hominis
895 571 1172 610 sceleratiffimi
1211 570 1502 608 corroboratam
1533 570 1619 621 jam
1656 567 1843 607 vetustate

448 645 663 683 audaciam.

507 712 573 748 An
606 722 710 753 vero,
743 706 919 758 Judices‚
950 717 1017 742 vos
1050 702 1122 741 soli
1154 701 1363 754 ignoratiS,
1395 713 1462 739 vos
1494 699 1667 753 hospites
1699 699 1740 736 in
1772 696 1846 736 hac

454 777 551 815 urbe
571 774 791 817 versamini,
822 771 951 810 vestrae
972 769 1269 823 peregrinantur
1288 780 1412 812 aureS,
1445 779 1572 819 neque
1594 767 1637 803 in
1656 764 1733 803 hoc
1755 777 1844 816 per-

455 851 592 894 vagato
613 840 782 878 civitatis
805 838 979 876 sermone
1000 834 1212 878 versantur,
1243 845 1338 886 quas
1364 832 1432 870 ille
1452 832 1557 883 leges
1581 831 1628 883 (fi
1647 830 1750 882 leges
1772 841 1846 867 no-

456 906 650 946 minandae
671 906 774 949 sunt,
807 917 849 941 ac
872 916 951 940 non
971 901 1072 940 faces
1095 900 1219 944 urbis,
1251 907 1289 936 et
1309 897 1431 950 pestes
1453 895 1697 949 reipublicae)
1727 894 1847 933 fuerit

456 972 708 1025 impositurus
731 969 844 1008 nobis
866 968 1068 1010 omnibus,
1099 975 1216 1018 atque
1235 963 1433 1002 inusturus
1453 964 1466 1000 ?
1498 960 1672 1007 Exhibe,
1704 960 1847 1013 quaeso,

458 1041 570 1077 Sexte
593 1037 726 1081 Clodi,
758 1034 902 1074 exhibe
923 1034 1128 1072 librarium
1149 1030 1250 1068 illud
1271 1030 1406 1081 legum
1426 1028 1651 1073 vestrarum,
1684 1027 1792 1079 quod
1813 1035 1850 1063 te

456 1104 566 1142 aiunt
587 1101 765 1155 eripuisse
785 1115 805 1139 e
826 1100 959 1144 domo,
989 1107 1027 1136 et
1047 1111 1094 1135 ex
1116 1096 1255 1138 mediis
1276 1095 1408 1139 armis,
1432 1094 1624 1145 turbaque
1644 1093 1848 1136 nocturna,

458 1179 643 1221 tanquam
666 1167 885 1205 Palladium
907 1163 1107 1207 sustuliffe,
1125 1171 1169 1200 ut
1185 1161 1415 1214 praeclarum
1435 1159 1526 1197 inde
1542 1171 1703 1203 munus,
1721 1170 1764 1195 ac
1784 1158 1848 1195 in-

458 1234 720 1272 strumentum
742 1232 979 1274 tribunatus,
1002 1229 1049 1266 ad
1070 1228 1256 1280 aliquem,
1280 1226 1305 1263 fi
1327 1227 1461 1263 naetus
1482 1224 1587 1268 esses,
1606 1224 1676 1274 qui
1697 1232 1766 1260 tuo
1787 1235 1848 1260 ar-

460 1299 580 1337 bitrio
602 1298 849 1335 tribunatum
869 1303 1017 1346 gereret
1032 1322 1043 1336 ,
1075 1291 1224 1329 deferre
1245 1289 1382 1342 poffes.
1416 1290 1469 1326 Et
1489 1287 1665 1340 adspexit
1685 1299 1748 1324 me
1769 1287 1850 1324 illis

458 1365 621 1416 quidem
643 1363 783 1406 oculis,
816 1360 960 1412 quibus
982 1368 1070 1396 tum
1091 1357 1250 1400 solebat,
1283 1369 1376 1393 cum
1406 1355 1540 1393 omnia
1563 1353 1750 1391 omnibus
1771 1353 1850 1391 mi—

461 1430 638 1467 nabatur.
672 1429 812 1465 Movet
834 1439 896 1463 me
917 1424 1065 1477 quippe
1085 1423 1221 1460 lumen
1242 1421 1372 1459 curiae.

515 1495 634 1532 XIII.
669 1493 804 1545 Qid?
837 1500 880 1529 tu
902 1503 965 1528 me
986 1490 1144 1533 iratum,
1177 1488 1304 1532 Sexte,
1327 1494 1439 1538 putas
1461 1484 1551 1529 tibi,
1573 1484 1686 1535 cujus
1708 1491 1752 1521 tu
1771 1483 1851 1521 ini-

462 1560 717 1599 micifiimum
738 1558 867 1596 multo
888 1555 1085 1595 crudelius
1107 1554 1226 1592 etiam
1246 1553 1409 1605 punitus
1431 1564 1469 1589 es
1485 1579 1496 1595 ,
1528 1563 1648 1602 quam
1671 1557 1750 1587 erat
1770 1547 1849 1586 hu-

464 1625 661 1664 manitatis
697 1637 791 1661 meae
826 1621 1017 1675 postulare
1036 1622 1049 1658 ?
1093 1621 1161 1657 Tu
1202 1619 1246 1656 P.
1282 1617 1417 1656 Clodii
1450 1624 1662 1654 cruentum
1695 1613 1854 1652 cadaver

462 1690 608 1743 ejecisti
635 1689 780 1733 domo,
814 1696 855 1725 tu
886 1687 927 1724 in
958 1685 1167 1739 publicum
1182 1683 1336 1736 jecisti:
1370 1692 1413 1720 tu
1434 1681 1646 1734 spoliatum
1664 1679 1853 1731 imagini-

463 1758 551 1800 bus,
580 1756 771 1807 exequiis,
804 1766 961 1804 pompa,
984 1751 1221 1794 laudatione,
1251 1748 1528 1787 infeliciffimis
1550 1746 1669 1798 lignis
1692 1744 1853 1784 semius-

464 1822 650 1864 tulatum,
683 1818 883 1855 nocturnis
904 1815 1066 1853 canibus
1088 1813 1359 1851 dilaniandum
1379 1811 1586 1864 reliquisti.
1619 1812 1751 1862 Qam
1773 1823 1856 1848 rem

465 1880 535 1922 etsi
553 1883 758 1922 neceffario
778 1880 929 1925 fecisti,
963 1889 1092 1917 tamen
1106 1907 1116 1923 ‚
1148 1878 1335 1929 quoniam
1357 1877 1397 1914 in
1418 1889 1507 1914 meo
1528 1875 1693 1913 inimico
1713 1874 1854 1913 crude-

468 1951 619 1988 litatem
650 1945 920 2002 exprompfisti
954 1950 1075 1989 tuam,
1106 1942 1260 1981 laudare
1293 1955 1371 1981 non
1402 1941 1578 1995 poffum,
1610 1939 1720 1978 irasci
1752 1949 1856 1978 certe

468 2030 545 2054 non
568 2016 703 2053 debeo.

525 2083 569 2119 P.
595 2080 727 2118 Clodii
750 2088 956 2131 praeturam
979 2090 1057 2114 non
1079 2076 1155 2114 sine
1176 2076 1351 2113 maximo
1372 2087 1501 2112 rerum
1528 2086 1717 2111 novarum
1747 2080 1856 2110 metu

469 2147 650 2199 proponi,
682 2154 720 2183 et
753 2144 919 2182 solutam
950 2142 1034 2180 fore
1065 2141 1277 2186 videbatis,
1310 2140 1379 2178 nifi
1412 2139 1501 2178 effet
1532 2139 1564 2177 is
1597 2137 1754 2182 consul,
1787 2137 1857 2189 qui

468 2227 553 2249 eam
573 2212 744 2255 auderet,
769 2209 980 2262 possetque,
1013 2207 1289 2258 constringere.
1323 2207 1428 2244 Eum
1450 2204 1650 2243 Milonem
1671 2203 1743 2241 effe
1764 2216 1857 2241 cum

471 2277 627 2315 sentiret
648 2275 848 2313 universus
869 2273 1039 2327 populus
1069 2273 1272 2310 Romanus
1289 2301 1299 2317 ,
1330 2272 1418 2323 quis
1449 2270 1646 2308 dubitaret
1674 2268 1858 2320 suffragio

470 2344 536 2380 suo
568 2343 604 2380 se
636 2351 760 2385 metu,
793 2341 969 2393 periculo
1002 2338 1310 2391 rempublicam,
1343 2338 1536 2375 liberare?
1569 2338 1624 2374 At
1657 2348 1777 2379 nune,
1809 2334 1855 2372 P.

471 2409 615 2447 Clodio
636 2416 801 2451 remoto,
835 2406 980 2443 usitatis
1008 2406 1092 2457 jam
1125 2404 1238 2442 rebus
1271 2403 1503 2442 enitendum
1534 2402 1587 2440 est
1618 2401 1781 2445 Miloni,
1814 2409 1858 2436 ut

471 2483 624 2513 tueatur
658 2473 892 2526 dignitatem
926 2471 1047 2510 suam.
1100 2470 1314 2523 Singularis
1349 2470 1417 2509 illa
1453 2469 1549 2508 huic
1584 2468 1654 2507 uni
1687 2465 1860 2506 concess‘a
