2076 2860
680 201 758 241 IN
818 200 868 239 L.
930 197 1290 238 PISONEM.
1618 199 1692 253 183

283 292 448 331 hiberna
479 305 573 330 cum
604 291 735 344 legato
767 290 1032 345 praefectoque
1063 289 1294 337 tradidiffes,
1326 292 1500 331 evertisti
1535 293 1692 334 miseras

284 359 466 398 funditus
480 359 680 404 civitates,
697 373 783 412 quae
798 372 878 396 non
893 357 1022 396 solum
1035 357 1150 395 bonis
1166 357 1256 396 sunt
1269 357 1478 406 exhaustae,
1495 361 1557 399 sed
1571 362 1692 400 etiam

283 425 448 465 nefarias
470 425 690 464 libidinum
706 425 969 464 contumelias
988 424 1332 478 turpitudinesque
1349 426 1554 466 subierunt
1571 430 1583 466 ?
1651 429 1691 466 ui

282 493 424 532 modus
446 491 523 531 tibi
542 492 622 531 fuit
643 492 836 531 frumenti
859 491 1075 530 aestimandi
1095 493 1107 529 ?
1132 492 1202 545 qui
1223 491 1424 532 honorarii
1443 495 1455 532 ?
1480 495 1506 533 fi
1527 495 1692 548 quidem

281 559 422 613 potest,
444 560 484 598 vi
505 569 544 598 et
565 569 675 598 metu
695 568 914 604 extortum,
937 557 1196 597 honorarium
1218 560 1429 599 nominari.
1454 561 1576 613 Qod
1597 576 1692 601 curn

281 639 462 679 peraeque
481 639 619 664 omnes
633 656 644 671 ,
677 635 765 664 tum
786 625 1026 664 acerbiffime
1049 625 1194 663 Boeotii
1215 634 1254 663 et
1275 627 1480 678 Byzantii,
1515 626 1692 667 Cherro-

282 692 433 738 nenses,
457 692 735 732 Thessalonica
755 693 883 732 senfit.
912 693 1028 730 Unus
1050 701 1094 730 tu
1116 691 1318 737 dominus,
1342 706 1443 731 unus
1467 693 1689 740 aestimator,

281 773 384 798 unus
404 759 600 806 venditor,
631 768 713 797 tota
732 760 772 797 in
795 759 1013 812 provincia,
1036 771 1105 811 per
1126 758 1360 803 triennium,
1382 758 1578 798 frumenti
1598 775 1690 799 om-

285 827 345 865 nis
367 825 491 865 fuisti.

338 894 536 932 XXXVI.
571 893 682 946 Qid
713 906 786 945 ego
819 905 950 930 rerum
983 891 1216 943 capitalium
1245 892 1476 945 quaestiones
1491 923 1501 939 ,
1534 908 1689 933 reorum

281 961 495 1012 pactiones,
514 959 820 1012 redemptiones,
838 957 1098 996 acerbiffimas
1116 957 1402 1004 damnationes,
1421 960 1689 999 libidinofiffi—

283 1039 364 1063 mas
386 1026 653 1070 liberationes,
676 1024 872 1078 proferam
891 1026 903 1062 ?
927 1026 1108 1063 Tantum
1128 1024 1264 1062 locum
1281 1025 1456 1078 aliquem
1477 1040 1570 1065 cum
1587 1027 1690 1067 mihi

281 1100 425 1129 notum
446 1090 619 1136 senseris,
643 1100 778 1129 tecum
799 1090 880 1144 ipse
900 1090 1054 1135 licebit,
1077 1099 1177 1143 quot
1198 1091 1238 1128 in
1260 1105 1305 1128 eo
1326 1105 1466 1143 genere
1487 1102 1524 1131 et
1546 1104 1692 1145 quanta

282 1157 356 1196 sint
378 1158 558 1203 crimina,
578 1158 792 1196 recordere.
813 1157 924 1210 Qid
941 1159 954 1195 ?
978 1157 1090 1195 illam
1106 1171 1307 1196 armorum
1324 1159 1526 1198 officinam
1547 1162 1691 1213 ecquid

283 1223 510 1269 recordaris,
534 1237 642 1268 cum,
672 1224 783 1262 omni
807 1223 928 1261 totius
950 1223 1164 1276 provinciae
1185 1237 1326 1276 pecore
1347 1225 1569 1278 compulso,
1603 1227 1689 1279 pel-

281 1291 384 1328 lium
417 1292 580 1328 nomine
607 1304 768 1328 omnem
796 1289 989 1343 quaestum
1018 1289 1137 1328 illum
1164 1290 1428 1329 domesticum
1456 1302 1690 1345 paternum-

284 1370 362 1409 que
383 1356 572 1395 renovasti
591 1358 604 1394 ?
637 1357 800 1395 Videras
831 1357 939 1394 enim
960 1356 1118 1409 grandis
1135 1357 1218 1409 jam
1241 1370 1363 1409 puer,
1397 1358 1505 1396 bello
1534 1359 1689 1405 Italico,

282 1423 424 1475 repleri
446 1423 594 1476 quaestu
615 1423 779 1462 vestram
800 1423 981 1468 domum,
1001 1437 1095 1461 cum
1118 1433 1225 1476 pater
1245 1425 1362 1462 armis
1385 1424 1574 1464 faciendis
1597 1436 1689 1464 tuus

281 1489 507 1542 praefuisset.
539 1489 677 1542 Qid?
700 1490 933 1542 vectigalem
954 1490 1215 1542 provinciam,
1239 1490 1402 1542 singulis
1424 1492 1556 1537 rebus,
1579 1506 1688 1545 quae—

281 1569 440 1608 cunque
461 1556 653 1600 venirent,
673 1566 779 1593 certo
802 1557 978 1607 portorio
999 1555 1198 1607 impofito,
1223 1554 1338 1593 servis
1362 1557 1440 1594 tuis
1463 1557 1689 1609 publicanis

283 1635 304 1659 a
324 1630 361 1660 te
381 1621 524 1660 factam
545 1621 617 1659 effe
639 1621 886 1660 meministi?

338 1688 450 1740 Qid
469 1690 482 1726 ?
514 1689 756 1726 centuriatus
778 1688 909 1742 palam
928 1687 1108 1726 venditos
1128 1689 1142 1725 ?
1173 1688 1272 1741 quid
1291 1689 1303 1727 ?
1326 1703 1396 1741 per
1416 1698 1534 1727 tuum
1554 1689 1695 1728 servu-⁷

282 1754 369 1794 lum
389 1754 546 1793 ordines
567 1755 772 1808 affignatos
790 1756 803 1793 ?
826 1754 953 1808 quid?
977 1753 1218 1807 stipendium
1240 1755 1439 1793 militibus
1460 1770 1530 1808 per
1549 1770 1687 1796 ornnes

282 1835 403 1860 annos
425 1835 446 1859 a
465 1821 710 1867 civitatibus,
737 1822 878 1860 mensis
900 1821 1030 1874 palam
1050 1821 1274 1873 propositis,
1307 1821 1380 1859 effe
1401 1832 1654 1862 numeratum
1673 1825 1686 1862 ?

283 1887 393 1939 Qid
410 1887 479 1925 illa
493 1889 534 1926 in
553 1888 728 1926 Pontum
750 1886 957 1941 profectio,
980 1895 1019 1925 et
1039 1896 1202 1925 conatus
1226 1888 1345 1926 tuus?
1369 1887 1481 1940 Qid
1501 1888 1687 1927 debilita-

283 1955 353 2001 tio,
371 1964 489 2008 atque
505 1955 672 2008 abjectio
687 1955 811 1993 animi
828 1955 902 2000 tui,
921 1954 1159 1992 Macedonia
1174 1954 1354 2008 praetoria
1369 1956 1550 1994 nuntiata
1558 1975 1569 2001 ;
1594 1970 1689 1995 cum

282 2031 325 2059 tu
341 2051 352 2067 ‚
384 2035 465 2059 non
487 2021 615 2060 solum
635 2021 743 2074 quod
766 2021 840 2059 tibi
862 2020 1134 2059 succederetur
1148 2050 1160 2066 ,
1191 2021 1256 2059 sed
1281 2021 1389 2074 quod
1410 2023 1587 2061 Gabinio
1608 2037 1688 2061 non

283 2087 555 2126 succederetur
570 2118 580 2133 ,
613 2088 818 2140 exsanguis
849 2096 888 2125 et
914 2096 1096 2125 mortuus
1118 2088 1358 2126 concidisti?
1392 2089 1502 2141 Qid
1523 2090 1690 2142 quaestor

283 2153 468 2192 aedilitius
490 2155 687 2206 rejectus?
721 2153 945 2206 praepofitus
977 2153 1198 2206 legatorum
1229 2163 1390 2192 tuorum
1421 2155 1598 2207 optimus
1619 2156 1687 2194 abs

284 2228 321 2257 te
341 2220 507 2272 quisque
526 2220 695 2258 violatus
712 2221 725 2256 ?
749 2219 900 2258 tribuni
922 2219 1103 2259 militum
1122 2234 1202 2258 non
1223 2222 1371 2274 recepti
1389 2222 1401 2258 ?
1425 2222 1489 2260 M.
1514 2221 1684 2268 Baebius,

284 2285 343 2322 vir
364 2284 493 2331 fortis,
525 2284 753 2323 interfectus
769 2286 876 2338 juffu
897 2287 993 2324 tuo?

343 2351 468 2403 Qid,
501 2352 608 2404 quod
630 2361 672 2390 tu
695 2353 826 2398 toties,
858 2352 1039 2391 diffidens
1069 2367 1114 2391 ac
1146 2352 1349 2406 desperans
1381 2354 1495 2391 rebus
1519 2354 1612 2398 tuis,
1644 2353 1686 2391 in

287 2418 479 2462 sordibus,
502 2417 700 2462 lamentis,
722 2418 912 2472 luctuque
927 2418 1115 2471 jacuisti?
1147 2419 1255 2472 quod
1276 2420 1457 2472 populari
1478 2419 1539 2456 illi
1561 2419 1685 2456 sacer-

287 2484 369 2522 doti
393 2483 591 2522 sexcentos
615 2483 659 2522 ad
682 2484 818 2523 bestias
840 2484 986 2523 amicos
1009 2484 1210 2538 sociosque
1230 2484 1394 2524 mifisti?
1418 2484 1542 2536 Qid‚
1562 2483 1685 2536 quod,
