2076 2860
631 190 1205 230 PHILIPPICA
1281 192 1378 232 XII.
1623 211 1703 251 437

308 294 351 333 Si
370 302 502 332 autem
522 301 588 331 aut
608 292 718 331 domi
738 292 806 338 est,
828 301 894 331 aut
915 306 994 331 non
1016 293 1134 346 longe
1154 307 1175 332 a
1195 294 1329 340 domo,
1357 304 1461 334 certe
1482 297 1522 336 in
1545 298 1705 339 Etruria

309 360 378 405 est,
410 360 450 398 id
470 358 538 404 est,
568 359 611 396 in
640 358 714 397 via.
757 359 859 410 Qis
889 359 1013 411 igitur
1041 359 1144 397 mihi
1173 360 1338 413 praestat,
1371 362 1594 403 Lentonem
1624 380 1704 405 uno

309 426 438 478 capite
466 424 538 463 effe
567 426 834 464 contentum?
867 425 947 463 Dic
974 425 1076 464 mihi
1097 436 1293 478 praeterea,
1326 428 1460 474 Pansa,
1493 431 1704 470 Ventidius

309 491 380 529 ubi
399 491 460 536 fit,
478 491 544 529 cui
564 490 624 529 fui
646 491 796 543 semper
815 491 981 536 amicus,
1000 501 1210 545 antequam
1231 493 1299 531 ille
1320 494 1547 547 reipublicae
1568 497 1703 536 bonis-

307 571 387 610 que
407 557 595 596 omnibus
617 566 697 595 tam
718 566 848 609 aperte
876 557 930 595 est
958 556 1082 596 faetus
1110 559 1314 598 inimicus.
1359 561 1517 600 Poffum
1539 564 1705 603 Caffiam

309 624 445 668 vitare,
467 633 598 661 tenere
619 623 874 662 Flaminiam.
905 624 1030 675 Qid‚
1053 624 1079 662 fi
1102 625 1325 671 Anconam,
1350 636 1393 664 ut
1414 627 1574 673 dicitur,
1593 630 1703 668 Ven-

309 689 432 727 tidius
453 689 604 727 venerit
622 690 635 727 ?
658 697 847 742 poterone
867 690 1099 727 Ariminum
1121 700 1207 728 tuto
1228 692 1438 730 accedere?
1462 694 1595 732 Restat
1616 698 1703 733 Au-

310 756 417 794 relia.
465 756 548 793 Hic
578 755 742 808 quidem
771 757 891 793 etiam
920 756 1093 808 praefidia
1112 755 1294 796 habebo:
1328 759 1572 810 poffeffiones
1593 763 1701 801 enim

309 821 400 859 sunt
417 822 462 859 P.
480 821 630 860 Clodii.
654 822 760 859 Tota
774 821 926 859 familia
942 831 1141 861 occurret:
1164 821 1337 876 hospitio
1352 824 1558 872 invitabit;
1582 841 1703 881 prop-

310 896 370 926 ter
389 886 699 926 familiaritatem
719 887 972 927 notiffimam.

367 953 420 991 X.
452 953 575 991 Hisce
595 966 668 1005 ego
689 966 753 990 me
775 953 846 991 viis
868 954 1136 999 committam,
1168 954 1238 1007 qui
1260 955 1560 996 Terminalibus
1582 971 1707 1012 nuper

309 1018 354 1056 in
373 1017 624 1064 suburbium,
656 1028 701 1057 ut
729 1018 867 1057 eodem
897 1019 961 1057 die
990 1030 1213 1066 reverterer,
1245 1022 1301 1060 ire
1332 1036 1411 1061 non
1441 1023 1528 1062 sum
1559 1024 1705 1064 ausus?

310 1083 550 1122 Domesticis
580 1098 644 1122 me
673 1084 889 1137 parietibus
918 1086 987 1123 vix
1016 1094 1129 1124 tueor
1158 1087 1236 1125 fine
1262 1088 1482 1128 amicorum
1502 1090 1705 1131 custodiis.

311 1150 450 1202 Itaque
470 1149 511 1187 in
534 1150 630 1188 urbe
649 1162 803 1188 maneo.
832 1151 871 1188 Si
892 1150 1046 1197 licebit,
1069 1151 1252 1191 manebo.
1286 1153 1386 1191 Haec
1407 1168 1494 1193 mea
1513 1155 1617 1194 sedes
1637 1157 1706 1203 est,

309 1213 395 1253 haec
415 1215 565 1266 vigilia,
596 1215 681 1253 haec
707 1215 895 1261 custodia,
926 1215 1004 1254 hoc
1033 1217 1256 1269 praefidium
1284 1218 1484 1260 stativum.
1526 1222 1709 1262 Teneant

310 1280 379 1318 alii
399 1280 531 1325 castra,
563 1294 694 1333 regna,
726 1294 784 1319 res
813 1281 1002 1327 bellicas;
1035 1282 1190 1321 oderint
1210 1283 1386 1324 hostem:
1420 1300 1506 1332 nos,
1539 1297 1583 1326 ut
1604 1288 1706 1327 dici-

310 1360 417 1392 mus,
450 1346 679 1399 semperque
699 1345 883 1392 fecimus,
915 1347 1056 1386 urbem
1076 1357 1115 1386 et
1141 1362 1200 1387 res
1222 1350 1387 1390 urbanas
1409 1352 1615 1392 vobiscum
1634 1368 1706 1407 pa-

311 1412 408 1450 riter
442 1411 658 1450 tuebimur.
702 1412 846 1464 Neque
878 1426 968 1450 vero
999 1413 1134 1451 recuso
1166 1428 1312 1454 munus
1344 1415 1447 1456 hoc:
1480 1432 1708 1472 quanquam

312 1478 509 1531 populum
532 1479 760 1516 Romanum
782 1479 895 1516 video
916 1493 987 1531 pro
1007 1493 1071 1518 me
1092 1481 1279 1520 recusare.
1324 1483 1459 1522 Nemo
1487 1498 1553 1523 me
1572 1486 1706 1525 minus

312 1543 495 1589 timidus,
517 1557 634 1582 nemo
655 1544 820 1583 cautior.
844 1546 923 1583 Res
944 1545 1127 1585 declarat.
1147 1547 1369 1599 Vigefimus
1386 1562 1510 1587 annus
1527 1551 1594 1596 est,
1612 1565 1707 1590 cum

312 1622 450 1648 omnes
472 1609 646 1647 scelerati
666 1624 730 1648 me
751 1624 876 1648 unum
897 1621 1052 1663 petunt.
1096 1613 1231 1665 Itaque
1251 1613 1336 1666 ipfi,
1369 1628 1417 1652 ne
1438 1615 1566 1654 dicam
1588 1615 1706 1664 mihi,

313 1675 541 1728 reipublicae
562 1689 696 1729 poenas
718 1676 930 1715 dederunt:
964 1692 1027 1716 me
1048 1678 1196 1716 salvum
1218 1679 1346 1718 adhuc
1368 1681 1587 1734 respublica
1607 1697 1704 1721 con-

312 1741 476 1780 servavit
496 1741 581 1780 fibi.
619 1742 783 1780 Timide
814 1742 891 1781 hoc
923 1743 1079 1782 dicam:
1113 1745 1192 1783 scio
1223 1746 1331 1784 enim
1361 1747 1518 1799 quidvis
1550 1747 1707 1788 homini

311 1808 487 1846 accidere
507 1807 635 1860 poffe:
668 1818 938 1847 verumtamen
961 1809 1078 1847 semel
1099 1811 1368 1850 circumsessus
1390 1812 1499 1851 lec‘tis
1521 1814 1706 1853 valentis-

309 1873 502 1912 simorum
522 1872 736 1912 hominum
757 1874 905 1912 viribus
927 1875 1053 1912 cecidi
1081 1875 1218 1921 sciens,
1251 1885 1294 1915 ut
1324 1876 1586 1917 honestiffime
1615 1881 1705 1933 pos-

314 1938 394 1978 sem
414 1952 616 1992 exurgere.

370 2004 580 2042 Poffumne
600 2004 724 2056 igitur
745 2003 832 2042 satis
849 2004 972 2042 videri
993 2015 1145 2051 cautus,
1164 2006 1252 2044 satis
1269 2007 1471 2059 providus,
1489 2009 1515 2047 fi
1532 2024 1597 2048 me
1611 2009 1708 2049 huic

314 2068 449 2107 itineri
468 2080 550 2108 tam
571 2069 725 2114 infesto,
745 2078 903 2121 tamque
924 2071 1157 2121 periculoso,
1176 2073 1438 2111 commisero?
1463 2075 1646 2114 Gloriam
1666 2078 1707 2114 in

315 2144 443 2172 morte
463 2134 607 2172 debent
627 2135 671 2179 ii,
703 2135 773 2186 qui
798 2135 839 2172 in
861 2135 1062 2187 republica
1081 2137 1294 2184 versantur,
1327 2152 1406 2177 non
1427 2140 1553 2193 culpae
1575 2156 1706 2194 repre-

315 2200 558 2245 henfionem,
580 2210 619 2238 et
639 2200 812 2238 stultitiae
833 2201 1178 2254 vituperationem,
1195 2205 1430 2258 relinquere.
1455 2208 1556 2258 Qis
1581 2208 1706 2246 bonus

317 2280 396 2304 non
418 2267 528 2318 luget
549 2275 720 2304 mortem
741 2267 962 2306 Trebonii?
994 2270 1082 2322 quis
1105 2283 1183 2308 non
1205 2271 1312 2310 dolet
1333 2273 1538 2311 interitum
1562 2274 1647 2311 talis
1669 2283 1707 2312 et

316 2333 429 2377 c1vis,
451 2342 491 2370 et
511 2333 612 2370 viri?
646 2333 701 2370 At
722 2332 810 2371 sunt
830 2334 900 2386 qui
921 2334 1053 2373 dicant
1077 2335 1189 2388 (dure
1209 2337 1270 2374 illi
1291 2338 1468 2389 quidem,
1492 2339 1554 2376 sed
1577 2349 1705 2377 tamen

316 2397 475 2447 dicunt)
499 2398 631 2436 minus
653 2398 883 2444 dolendum,
915 2400 1022 2452 quod
1049 2401 1096 2438 ab
1116 2400 1280 2439 homine
1301 2403 1459 2454 impuro
1481 2403 1706 2454 nefarioque

318 2477 398 2502 non
428 2463 585 2502 caverit.
629 2463 807 2511 Etenim,
839 2464 910 2518 qui
940 2465 1163 2506 multorum
1183 2466 1384 2506 custodem
1405 2467 1441 2506 se
1462 2468 1703 2521 profiteatur,
