2076 2860
428 208 506 248 314
778 192 855 230 IN
914 191 978 229 M.
1040 187 1468 228 ANTONIUM

425 306 563 335 contra
584 305 634 339 te,
659 292 950 347 propemodum
971 304 1080 344 aequa
1100 299 1138 328 et
1154 290 1257 342 justa
1277 289 1448 328 dicebas.
1481 290 1518 326 A
1540 302 1603 326 me
1626 289 1675 327 C.
1700 288 1826 327 Caesar

425 362 635 416 pecuniam
656 362 668 397 ?
701 373 771 397 cur
791 359 940 411 potius,
962 371 1082 410 quam
1103 370 1176 409 ego
1197 356 1244 394 ab
1266 356 1337 394 illo
1357 357 1369 393 ?
1402 358 1467 393 An
1490 355 1558 393 1116
1579 355 1657 393 fine
1678 369 1742 393 me
1762 355 1823 393 vi-

427 429 514 466 cit?
547 437 585 465 at
614 440 662 464 ne
692 427 824 478 potuit
854 425 1032 476 quidem.
1077 425 1165 475 Ego
1196 423 1242 461 ad
1264 423 1381 461 illum
1403 422 1499 460 belli
1519 422 1648 460 civilis
1671 421 1825 460 causam

427 495 570 533 attuli:
604 506 676 545 ego
704 493 808 544 leges
837 490 1074 544 perniciosas
1103 490 1263 542 rogavi:
1297 503 1370 541 ego
1398 502 1504 527 arma
1524 497 1661 526 contra
1681 487 1824 526 consu-

428 560 482 598 les
504 557 836 611 imperatoresque
857 556 997 609 populi
1025 556 1214 600 Romani,
1247 564 1385 593 contra
1411 555 1586 592 senatum
1607 554 1826 607 populum-

429 639 505 678 que
527 626 771 669 Romanum,
804 633 941 661 contra
961 623 1069 660 Deos
1090 622 1252 674 patrios,
1285 621 1441 672 arasque
1466 630 1505 659 et
1533 619 1660 665 focos,
1692 629 1830 657 contra

426 692 608 745 patriam,
629 691 718 728 tuli.
743 691 857 729 Num
874 689 946 727 fibi
962 689 1034 726 soli
1050 689 1174 726 vicit?
1198 689 1384 739 Qorum
1400 687 1552 725 facinus
1571 687 1624 725 est
1640 700 1826 724 commu-

429 773 493 804 ne,
526 772 597 795 cur
618 771 697 794 non
720 757 765 794 fit
785 770 923 794 eorum
946 754 1072 808 praeda
1093 754 1321 792 cummunis
1342 754 1355 791 ?
1387 754 1459 805 Jus
1484 753 1705 806 postulabas
1725 767 1733 790 :
1768 751 1831 790 sed

430 825 528 876 quid
549 824 596 861 ad
617 837 699 861 rei-n
719 824 732 860 ?
764 822 854 875 plus
876 822 943 859 ille
964 830 1131 874 poterat.

488 891 640 941 Itaque,
672 888 836 926 excuffis
859 888 936 925 tuis
958 886 1138 931 vocibus,
1162 895 1200 923 et
1221 885 1268 923 ad
1290 894 1326 923 te
1347 894 1385 923 et
1406 884 1452 923 ad
1474 884 1618 937 praedes
1641 893 1728 923 tuos
1751 884 1830 922 mi-

432 956 522 993 lites
543 956 649 993 mifit
667 970 676 993 :
710 968 818 999 cum,
842 963 1001 1006 repente
1021 966 1042 990 a
1063 963 1100 990 te
1121 952 1302 1005 praeclara
1322 951 1392 989 illa
1412 951 1545 989 tabula
1565 950 1729 1003 prolata,
1761 950 1831 1002 qui

433 1021 530 1060 risus
552 1020 766 1059 hominurn
787 1020 833 1058 de
864 1030 901 1058 te
931 1020 1043 1057 erat?
1076 1028 1226 1057 tantam
1257 1017 1330 1056 effe
1360 1017 1550 1062 tabulam,
1583 1026 1663 1054 tam
1693 1016 1832 1060 varias,

433 1097 515 1126 tam
536 1088 681 1126 multas
705 1086 962 1139 poffefiiones,
981 1099 1027 1123 ex
1045 1085 1207 1137 quibus,
1225 1094 1364 1137 praeter
1378 1093 1529 1136 partem
1547 1082 1710 1128 Miseni,
1729 1080 1833 1120 nihil

434 1164 530 1200 erat,
563 1154 670 1207 quod
692 1154 740 1198 is,
772 1154 842 1206 qui
863 1153 1164 1196 auctionaretur,
1197 1151 1319 1204 poffet
1345 1151 1459 1188 suum
1479 1150 1621 1188 dicere.
1664 1149 1835 1187 Auelio-

436 1221 497 1259 nis
518 1234 609 1258 vero
631 1219 863 1258 miserabilis
885 1218 1086 1271 adspectus
1106 1233 1114 1256 :
1147 1217 1260 1256 vestis
1292 1217 1475 1269 Pompeii
1496 1230 1577 1254 non
1598 1216 1740 1260 multa,
1770 1228 1836 1253 ea-

436 1301 514 1340 que
535 1285 757 1324 maculosa:
791 1285 965 1338 ejusdem
995 1284 1174 1336 quaedam
1203 1292 1385 1335 argentea
1411 1282 1495 1321 vasa
1515 1281 1676 1320 collisa:
1709 1281 1836 1319 sordi-

436 1353 525 1392 data
544 1353 742 1404 mancipia
760 1367 768 1390 :
802 1361 847 1389 ut
874 1351 1095 1388 doleremus
1117 1349 1338 1403 quidquam
1358 1348 1430 1387 effe
1451 1362 1499 1386 ex
1527 1347 1609 1386 illis
1639 1348 1836 1400 reliquiis,

437 1419 546 1472 quod
566 1419 696 1456 videre
713 1417 923 1470 poffemus.

494 1487 613 1524 Hanc
644 1494 774 1522 tamen
805 1484 1028 1521 auetionem
1057 1481 1217 1520 heredes
1249 1482 1298 1520 L.
1323 1480 1470 1519 Rubrii
1498 1480 1656 1518 decreto
1677 1479 1837 1518 Caesaris

439 1550 746 1604 prohibuerunt.
790 1549 978 1588 Haerebat
998 1548 1146 1587 nebulo
1165 1563 1173 1586 :
1207 1562 1287 1600 quo
1309 1547 1345 1585 se
1366 1555 1532 1585 verteret
1552 1560 1631 1585 non
1653 1544 1838 1585 habebat.

440 1618 553 1669 Qin
574 1616 637 1655 his
659 1616 748 1669 ipfis
771 1616 1017 1669 temporibus
1040 1615 1149 1653 domi
1172 1614 1331 1653 Caesaris
1353 1612 1564 1667 percuffor,
1581 1612 1628 1650 ab
1650 1612 1722 1650 isto
1741 1612 1840 1651 mis-

442 1684 518 1728 sus,
551 1681 812 1736 deprehensus
834 1681 1038 1719 dicebatur
1058 1681 1130 1719 effe
1150 1694 1244 1718 cum
1265 1680 1338 1718 fica
1357 1695 1366 1717 ι
1399 1678 1447 1717 de
1467 1692 1548 1732 quo
1570 1678 1698 1717 Caesar
1717 1678 1760 1716 in
1781 1677 1841 1716 se-

442 1759 552 1794 natu,
584 1758 714 1801 aperte
735 1750 775 1786 in
799 1758 836 1786 te
857 1747 1062 1792 invehens,
1093 1746 1250 1799 questus
1272 1746 1339 1784 est.
1386 1744 1654 1783 Proficiscitur
1679 1745 1722 1783 in
1742 1744 1841 1783 His-

443 1816 601 1867 paniam
635 1814 759 1851 Caesar
775 1843 785 1857 ‚
817 1814 951 1866 paucis
988 1814 1063 1851 tibi
1097 1813 1144 1849 ad
1180 1811 1411 1850 solvendum
1427 1841 1438 1856 ‚
1471 1820 1632 1864 propter
1666 1811 1843 1863 inopiam

443 1870 568 1925 tuam,
602 1880 818 1932 prorogatis
841 1879 994 1917 diebus.
1038 1879 1103 1918 Ne
1124 1888 1212 1916 tum
1233 1877 1397 1930 quidem
1418 1877 1604 1930 sequeris.
1641 1878 1747 1916 Tam
1768 1876 1841 1915 bo-

446 1960 518 1985 nus
540 1945 746 1998 gladiator,
778 1944 918 1983 rudem
939 1955 1019 1982 tam
1035 1939 1121 1982 'cito
1141 1943 1323 1996 accepisti
1342 1944 1355 1981 ?

502 2013 637 2050 XXX.
662 2012 785 2049 Hunc
807 2011 931 2063 igitur
951 2010 1174 2063 quisquam,
1192 2010 1261 2062 qui
1282 2009 1323 2046 in
1345 2009 1422 2046 suis
1446 2008 1637 2061 partibuS,
1655 2007 1696 2045 id
1717 2007 1784 2053 est,
1803 2008 1845 2046 in

448 2079 524 2117 suis
550 2077 737 2122 fortunis,
770 2087 850 2115 tam
879 2077 1042 2117 timidus
1075 2076 1211 2122 fuerit,
1242 2075 1523 2129 pertimescat?
1557 2073 1761 2113 Profectus
1793 2074 1847 2112 est

449 2144 608 2182 tandem
638 2143 851 2195 aliquando
879 2143 920 2181 in
953 2142 1216 2195 Hispaniam3
1250 2141 1312 2179 sed
1343 2150 1445 2186 tuto,
1477 2150 1522 2179 ut
1543 2141 1611 2186 ait,
1643 2141 1848 2193 pervenire

449 2224 529 2248 non
550 2210 696 2264 potuit.
722 2210 908 2260 Qonam
925 2208 1044 2247 modo
1065 2208 1188 2260 igitur
1209 2208 1418 2246 Dolabella
1438 2208 1642 2261 pervenit?
1665 2208 1750 2245 Aut
1766 2219 1847 2245 non

450 2275 694 2329 suscipienda
712 2275 791 2314 fuit
811 2275 881 2313 ista
900 2276 1025 2321 causa,
1043 2275 1218 2321 Antoni,
1242 2284 1322 2320 aut,
1341 2289 1434 2313 cum
1451 2273 1687 2327 suscepiffeS,
1706 2272 1845 2311 defen-

450 2343 576 2381 denda
597 2342 718 2394 usque
737 2341 786 2379 ad
806 2351 1042 2380 extremum.
1063 2342 1144 2379 Ter
1164 2341 1403 2394 depugnavit
1421 2341 1547 2379 Caesar
1562 2354 1655 2379 cum
1677 2340 1845 2384 civibus,

452 2411 492 2447 in
525 2409 721 2448 Thessalia
737 2438 746 2454 ,
779 2407 939 2454 Africa,
972 2408 1179 2461 Hispania.
1225 2409 1427 2446 Omnibus
1459 2407 1574 2446 affuit
1604 2406 1667 2445 his
1699 2406 1844 2459 pugnis

453 2475 689 2516 Dolabella:
722 2475 764 2514 in
796 2474 1046 2529 Hispaniensi
1077 2475 1198 2515 etiam
1229 2475 1372 2515 vulnus
1404 2474 1571 2528 accepit.
1609 2473 1649 2512 Si
1681 2472 1728 2510 de
1759 2483 1848 2510 meo
