2076 2860
717 182 798 220 IN
862 178 1301 217 VATINIUM.
1664 182 1716 218 67

1693 214 1703 232 l

306 280 539 324 sentiebant,
565 279 708 331 partim
732 277 911 315 medium
933 274 1130 328 quendam
1153 275 1312 313 cursum
1336 274 1535 313 tenebant.
1562 275 1713 312 Omne<

305 346 531 385 habuerunt
552 345 658 397 leges
680 343 950 397 promulgatas
971 357 978 381 :
1014 343 1052 380 in
1080 341 1142 380 his
1167 342 1310 380 multas
1333 355 1444 379 meus
1468 340 1713 385 necessarius,

304 413 425 451 etiam
457 411 504 450 de
537 425 624 450 mea
654 410 859 455 sententia,
893 410 941 448 C.
969 408 1204 453 Cosconius,
1231 408 1355 461 judex
1388 407 1542 446 noster:
1576 421 1712 460 quem,

305 488 348 518 tu
370 478 641 531 disrumperis,
674 491 769 515 cum
791 476 1001 515 aedilitium
1025 475 1146 513 vides.

362 546 466 584 Volo
489 546 548 584 uti
570 544 673 583 mihi
694 543 924 597 respondeas
939 573 948 588 ‚
983 557 1081 580 num
1103 543 1192 595 quis
1214 556 1261 580 ex
1285 552 1370 580 toto
1391 542 1562 594 collegio
1584 541 1713 593 legem

306 612 351 651 fit
372 613 484 651 ausus
507 612 622 658 ferre,
655 621 795 664 praeter
817 624 942 648 unum
967 619 1003 647 te
1023 610 1035 647 ?
1070 611 1170 661 Qae
1194 618 1300 647 tanta
1321 610 1362 646 in
1385 618 1422 646 te
1442 608 1522 646 fuit
1538 607 1712 652 audacia,

304 694 391 733 quae
414 689 521 718 tanta
542 680 615 724 vis,
649 689 707 724 ut,
740 692 834 717 cum
856 691 999 715 novem
1022 676 1080 714 tui
1108 676 1270 728 colleg-ae
1301 675 1373 713 fibi
1394 675 1621 714 timendum
1642 674 1714 712 effe

304 747 506 792 duxerint,
540 746 580 784 id
612 760 712 783 unus
745 755 803 790 tu,
836 743 1007 782 emersus
1029 756 1049 780 e
1070 756 1200 787 coeno,
1233 741 1418 780 omnium
1439 740 1556 779 facile
1577 742 1712 779 omni-

306 815 379 851 bus
401 813 517 851 rebus
539 812 717 857 infimus,
748 808 1104 853 contemnendum,
1128 807 1443 861 despiciendum,
1467 807 1713 846 irridendum

304 881 488 933 putares?
514 880 628 918 Num
650 892 770 931 quem
788 876 873 930 post
894 876 1034 914 urbem
1057 875 1261 913 conditam
1278 874 1372 913 scias
1395 874 1605 913 tribunum
1626 875 1713 927 ple-

307 947 366 985 bis
388 945 504 998 egiffe
525 959 618 983 cum
642 945 772 997 plebe,
805 957 899 981 cum
921 942 1113 980 constaret
1136 942 1331 980 servatum
1351 941 1423 980 effe
1445 941 1492 980 de
1513 942 1609 980 caelo
1629 943 1642 979 ?

362 1011 490 1050 Simul
512 1012 632 1049 etiam
654 1010 756 1049 illud
777 1010 868 1048 volo
890 1010 949 1047 uti
972 1008 1216 1061 respondeas,
1249 1023 1358 1054 cum,
1383 1018 1420 1046 te
1443 1008 1605 1046 tribuno
1627 1009 1713 1061 ple-

306 1079 382 1125 bis,
406 1079 496 1117 effet
512 1079 637 1116 'etiam
659 1088 747 1116 tum
770 1078 809 1115 in
833 1076 1036 1129 republica
1057 1076 1121 1114 lex
1144 1076 1264 1121 AElia,
1283 1086 1322 1114 et
1344 1076 1479 1114 Fufia:
1500 1090 1587 1128 quae
1609 1076 1713 1128 leges

306 1146 573 1199 saepenumero
606 1145 836 1184 tribunitios
868 1143 1019 1181 furores
1056 1142 1317 1181 debilitarunt
1353 1152 1391 1181 et
1426 1142 1712 1196 represserunt;

306 1227 402 1266 quas
424 1222 575 1257 contra,
608 1221 746 1265 praeter
768 1221 820 1257 te,
853 1225 971 1249 nemo
993 1224 1172 1262 unquam
1193 1209 1246 1247 est
1267 1209 1393 1247 facere
1415 1219 1603 1255 conati153
1628 1224 1715 1262 quae

307 1279 472 1333 quidem
494 1279 598 1332 leges
621 1292 724 1316 anno
745 1278 844 1331 post,
864 1277 1088 1315 sedentibus
1107 1277 1147 1314 in
1167 1276 1318 1329 templo
1335 1276 1490 1315 duobus
1514 1291 1593 1314 non
1615 1291 1713 1314 con-

307 1347 480 1392 sulibus,
512 1346 577 1384 sed
597 1346 869 1399 proditoribus
891 1345 1011 1398 hujus
1034 1345 1206 1382 civitatis
1228 1358 1271 1382 ac
1292 1344 1465 1397 pestibus
1480 1374 1490 1389 ,
1524 1358 1601 1382 una
1621 1358 1715 1382 cum

306 1413 506 1466 auspiciis,
537 1426 633 1451 cum
659 1411 1016 1456 intercessionibus,
1048 1424 1143 1449 cum
1164 1410 1382 1463 omnijure
1402 1410 1583 1463 publico,
1616 1424 1715 1449 con-

307 1479 596 1532 flagraverunt:
629 1478 836 1531 ecquando
865 1477 1058 1516 dubitaris
1090 1486 1227 1515 contra
1256 1490 1317 1514 eas
1348 1477 1452 1529 leges
1484 1490 1579 1515 cum
1600 1477 1717 1529 plebe

306 1560 433 1599 agere,
456 1555 495 1584 et
516 1545 737 1584 concilium
759 1545 1004 1582 convocare?
1028 1544 1144 1582 Num
1165 1556 1286 1595 quem
1307 1556 1355 1580 ex
1377 1542 1549 1581 tribunis
1569 1543 1715 1595 plebis,

310 1612 542 1665 quicunque
583 1611 751 1648 seditiosi
790 1609 941 1647 fuerint
959 1639 969 1655 ‚
1012 1618 1093 1647 tam
1133 1608 1320 1646 audacem
1360 1607 1527 1647 audieris
1571 1607 1685 1647 fuiffe
1702 1639 1714 1655 ,

308 1688 354 1718 ut
386 1691 564 1731 unquam
597 1686 735 1716 contra
765 1677 896 1729 legem
926 1675 1076 1716 AEliam
1106 1684 1173 1714 aut
1203 1674 1361 1713 Fufiam
1391 1675 1611 1714 concilium
1644 1675 1714 1714 ad-

309 1754 465 1783 vocaret
484 1745 496 1781 ?

365 1811 484 1850 VIII.
519 1812 664 1862 Qaero
696 1808 798 1847 illud
828 1808 948 1847 etiam
981 1822 1028 1847 ex
1060 1818 1112 1854 te,
1145 1807 1357 1846 conatusne
1384 1807 1446 1853 fis,
1479 1807 1714 1854 voluerisne,

308 1877 480 1931 denique
501 1876 702 1930 cogitaris,
737 1875 818 1928 (est
842 1875 952 1914 enim
973 1888 1031 1914 res
1053 1874 1262 1928 ejusmodi,
1296 1883 1354 1919 ut,
1386 1874 1413 1912 fi
1435 1874 1511 1913 tibi
1531 1874 1652 1913 modo
1674 1875 1715 1913 in

308 1954 486 1984 mentem
517 1944 641 1989 venit,
675 1957 792 1981 nemo
825 1943 885 1988 fit,
918 1943 989 1995 qui
1019 1953 1057 1980 te
1087 1941 1172 1980 ullo
1202 1941 1380 1979 cruciatu
1408 1941 1480 1979 effe
1502 1941 1713 1995 indignum

308 2011 440 2065 putet)
464 2010 700 2063 cogitarisne
716 2010 757 2048 in
775 2009 846 2048 illo
863 2020 932 2048 tuo
950 2009 1207 2053 intolerabili,
1233 2022 1311 2046 non
1330 2022 1450 2060 regno
1470 2011 1580 2060 (nam
1602 2009 1714 2062 cupis

308 2078 349 2116 id
369 2076 521 2128 audire)
547 2078 610 2116 sed
630 2077 855 2122 latrocinio,
884 2090 1008 2129 augur
1032 2076 1111 2114 fieri
1136 2076 1176 2113 in
1199 2075 1433 2127 QMetelli
1456 2075 1620 2113 locum?
1656 2086 1714 2121 ut,

308 2145 540 2197 quicunque
563 2155 600 2183 te
620 2143 838 2197 aspexiffet,
866 2144 1068 2196 duplicem
1091 2135 1269 2181 dolorem
1291 2143 1570 2195 gemitumque
1592 2143 1713 2181 susci-

310 2221 433 2263 peret,
465 2221 503 2250 et
533 2226 580 2250 ex
611 2211 798 2249 defiderio
829 2211 1028 2248 clariffimi
1059 2220 1097 2248 et
1127 2210 1326 2248 fortiffimi
1358 2210 1470 2254 cix-is,
1503 2221 1540 2247 et
1568 2224 1614 2247 ex
1636 2209 1712 2248 ho-

311 2291 404 2315 nore
435 2278 646 2331 turpiffimi
676 2287 794 2330 atque
827 2277 1137 2331 improbiffimi?
1172 2277 1336 2315 Adeone
1370 2291 1446 2314 non
1482 2276 1712 2317 labefactam

311 2344 602 2397 rempublicam
636 2354 672 2382 te
705 2345 882 2390 tribuno,
915 2359 1043 2397 neque
1076 2343 1366 2396 conquaffatam
1399 2344 1616 2386 civitatem,
1651 2344 1710 2381 sed

310 2420 466 2463 captam
488 2409 588 2448 hanc
611 2411 751 2448 urbem
765 2440 776 2456 ,
808 2420 925 2464 atque
946 2411 1115 2449 eversam
1139 2420 1293 2463 putares
1312 2440 1320 2453 ,
1355 2420 1397 2446 ut
1419 2424 1607 2462 augurem
1630 2411 1711 2446 Va-

311 2477 459 2515 tinium
480 2475 580 2515 ferre
601 2475 795 2530 poffemus
816 2478 829 2513 ἒ

1338 2542 1350 2578 1
1387 2555 1405 2579 2
