2076 2860
398 221 474 271 320
750 216 823 255 IN
887 214 952 252 M.
1013 213 1440 253 ANTONIUM

397 322 443 358 In
466 319 653 372 publicis,
687 317 790 356 nihil
824 317 877 354 est
908 317 995 369 lege
1026 317 1211 369 gravius3
1245 316 1285 354 in
1319 316 1496 369 privatis,
1529 315 1795 356 firmiffimum
1827 326 1834 333 “

395 387 448 425 est
470 387 761 425 testamentum.
786 385 911 436 Leges
933 383 1026 421 alias
1048 383 1125 421 fine
1147 383 1466 436 promulgatione
1483 383 1660 428 sustulit;
1684 384 1794 430 alias,

396 463 439 490 ut
475 452 654 495 tolleret,
687 450 970 503 promulgavit.
1008 449 1310 487 Testamentum
1342 450 1502 488 irritum
1528 449 1654 495 fecit3
1686 450 1795 503 quod

396 519 515 556 etiam
549 517 697 555 infimis
731 516 886 555 civibus
920 516 1072 568 semper
1103 516 1315 553 obtentum
1347 516 1414 554 est.
1462 516 1594 568 Signa,
1627 516 1794 562 tabulas,

394 598 488 637 quas
518 583 667 636 populo
695 583 821 621 Caesar
848 596 926 620 una
954 596 1048 620 cum
1078 580 1204 619 hortis
1226 582 1385 633 legavit,
1417 595 1477 619 eas
1499 581 1566 620 hic
1588 584 1733 635 partim
1752 583 1796 621 in

394 652 530 689 hortos
554 651 735 703 Pompeii
756 650 991 703 deportavit,
1024 650 1167 702 partim
1190 650 1230 686 in
1252 649 1388 687 villam
1410 649 1621 701 Scipionis.

452 719 609 756 XLIII.
644 719 697 755 Et
719 727 762 755 tu
790 717 831 754 in
855 716 1014 754 Caesaris
1038 716 1230 754 memoria
1250 715 1420 767 diligens
1442 717 1454 752 ?
1489 725 1530 752 tu
1553 716 1670 754 illum
1691 730 1796 754 amas

395 793 601 822 mortuum
622 784 634 819 ?
667 784 802 835 Qem
825 783 855 820 is
877 783 1067 834 majorem
1089 781 1283 821 honorem
1304 781 1537 819 consecutus
1559 791 1654 827 erat,
1677 796 1798 835 quam

397 860 440 888 ut
474 849 635 888 haberet
670 850 867 902 pulvinar,
900 849 1169 894 fimulacrum,
1202 848 1419 901 fastigium,
1453 848 1688 887 flaminem?
1731 848 1801 887 Est

392 931 488 970 ergo
510 917 668 962 flamen,
700 925 745 955 ut
766 916 856 967 Jovi
875 926 936 961 ,ut
958 916 1097 960 Marti,
1121 925 1164 954 ut
1187 916 1375 967 QirinO,
1398 916 1448 953 fic
1472 916 1578 954 Divo
1595 915 1707 966 Julio
1730 916 1795 955 M.

397 985 623 1022 Antonius?
648 983 759 1034 Qid
776 983 899 1035 igitur
914 982 1054 1020 ceffas?
1077 996 1148 1020 cur
1165 995 1243 1020 non
1262 983 1517 1034 inaugurare?
1542 982 1651 1020 sume
1667 982 1794 1020 diem:

395 1051 498 1096 vide,
522 1052 591 1103 qui
614 1060 651 1088 te
673 1050 905 1103 inauguret:
940 1050 1102 1102 collegae
1123 1049 1282 1088 sumus:
1317 1063 1434 1087 nemo
1455 1049 1631 1101 negabit.
1666 1050 1702 1087 O
1725 1048 1797 1086 de-

396 1117 615 1156 testabilem
636 1115 859 1160 hominem,
892 1116 966 1153 five
988 1116 1095 1168 quod
1117 1115 1272 1167 tyranni
1296 1115 1469 1152 sacerdos
1497 1128 1551 1160 eS‚
1585 1116 1660 1153 five
1690 1114 1799 1168 quod

396 1183 573 1222 mortui!
608 1184 754 1234 Qaero
778 1182 979 1235 deinceps,
1011 1195 1124 1226 num,
1156 1180 1371 1219 hodiernus
1393 1182 1474 1219 dies
1496 1181 1565 1234 qui
1587 1182 1647 1226 fit,
1679 1181 1798 1234 igno-

397 1263 470 1288 res.
504 1248 644 1288 Nescis
677 1248 763 1287 heri
793 1257 979 1301 quartum
1012 1248 1052 1285 in
1087 1248 1206 1285 Circo
1234 1248 1341 1285 diem
1368 1247 1555 1285 ludorum
1586 1248 1795 1285 Romano-

397 1329 487 1354 rum
502 1314 641 1354 fuiffe?
666 1324 703 1353 te
720 1315 849 1368 ipsum
865 1323 998 1352 autem
1014 1314 1061 1351 ad
1077 1313 1272 1366 populum
1291 1312 1434 1358 tuliffe,
1452 1322 1497 1351 ut
1513 1313 1678 1365 quintus
1694 1326 1798 1366 prae-

396 1392 501 1422 terea
520 1382 601 1421 dies
625 1381 765 1421 Caesari
786 1381 1057 1419 tribueretur?
1091 1381 1175 1419 Cur
1196 1394 1275 1418 non
1297 1380 1431 1418 sumus
1453 1380 1704 1433 praetextati?
1727 1393 1802 1419 cur

395 1448 591 1488 honorem
613 1447 753 1487 Caesari
775 1457 841 1486 tua
861 1447 947 1499 lege
969 1446 1106 1485 datum
1139 1446 1260 1484 deseri
1290 1447 1466 1499 patimur
1484 1447 1496 1484 ?
1529 1460 1577 1484 an
1598 1446 1800 1499 supplica-

396 1517 523 1555 tiones
541 1514 719 1554 addendo
736 1514 842 1553 diem
858 1513 1121 1552 contaminari
1140 1513 1266 1566 paffus
1283 1527 1346 1558 es;
1370 1513 1591 1566 pulvinaria
1611 1512 1799 1551 noluisti?

397 1584 482 1621 Aut
502 1581 680 1635 undique
702 1581 936 1633 religionem
959 1579 1070 1625 tolle,
1102 1588 1170 1618 aut
1190 1579 1470 1633 usquequaque
1491 1578 1688 1618 conserva.

453 1649 631 1700 Qaeres,
664 1647 868 1702 placeatne
889 1645 991 1685 mihi
1013 1646 1197 1699 pulvinar
1217 1645 1304 1691 effe,
1332 1645 1548 1699 fastigium,
1581 1645 1802 1686 flaminem.

397 1715 508 1754 Mihi
537 1729 629 1754 vero
661 1713 763 1753 nihil
794 1714 959 1752 istorum
989 1713 1131 1767 placet.
1167 1712 1239 1750 Sed
1262 1722 1319 1758 tu,
1352 1713 1423 1766 qui
1443 1714 1525 1751 aeta
1546 1712 1706 1751 Caesaris
1729 1713 1801 1751 de-

395 1782 542 1826 fendis,
575 1781 673 1834 quid
704 1791 816 1833 potes
847 1780 991 1825 dicere,
1023 1794 1094 1817 cur
1125 1779 1199 1817 alia
1226 1778 1427 1824 defendas,
1459 1780 1533 1817 alia
1554 1793 1633 1818 non
1656 1780 1802 1818 cures?

335 1898 338 1901 1
398 1848 469 1886 nisi
490 1847 593 1885 forte
614 1848 671 1884 vis
694 1846 824 1891 fateri,
858 1855 895 1883 te
916 1846 1051 1883 onmia
1071 1845 1219 1897 quaestu
1241 1854 1325 1889 tuo,
1359 1859 1437 1882 non
1460 1845 1568 1883 illius
1591 1845 1801 1898 dignitate,
1823 1862 1836 1866 ³

397 1914 545 1952 metiri.
565 1912 677 1964 Qid
693 1912 740 1949 ad
756 1911 839 1950 haec
861 1911 1050 1949 tandem?
1073 1913 1236 1963 expecto
1253 1912 1360 1948 enim
1382 1911 1653 1963 eloquentiam
1675 1921 1800 1950 tuam.

399 1979 709 2018 Disertiffimum
730 1978 900 2030 cognovi
922 1991 1039 2015 avum
1062 1986 1178 2015 tuum
1197 1996 1208 2022 3
1241 1986 1278 2014 at
1305 1985 1341 2014 te
1363 1978 1482 2015 etiam
1504 1977 1739 2029 apertiorem
1761 1978 1803 2016 in

399 2045 582 2084 dicendo.
615 2044 689 2083 Ille
711 2057 916 2096 nunquam
939 2043 1070 2081 nudus
1092 2042 1144 2080 est
1166 2043 1423 2080 concionatus
1443 2058 1451 2081 :
1487 2052 1601 2081 tuum
1623 2042 1802 2081 hominis

398 2112 588 2164 simplicis
610 2112 745 2163 pectus
767 2110 956 2148 vidimus.
991 2109 1311 2163 Respondebisne
1332 2109 1378 2146 ad
1399 2108 1482 2146 haec
1503 2110 1515 2146 ?
1547 2118 1613 2147 aut
1635 2109 1803 2147 omnino

396 2178 546 2217 hiscere
568 2177 728 2215 audebis
749 2177 761 2214 ?
795 2176 954 2228 Ecquid
985 2176 1150 2229 reperies
1181 2190 1226 2214 ex
1259 2185 1338 2213 tam
1361 2176 1478 2228 longa
1499 2176 1674 2214 oratione
1695 2189 1797 2222 mea,

398 2246 463 2284 cui
485 2254 522 2284 te
543 2242 772 2297 respondere
793 2243 896 2295 poss‘e
917 2242 1091 2280 confidas
1111 2244 1124 2280 ?
1158 2242 1230 2280 Sed
1251 2242 1446 2295 praeterita
1465 2242 1715 2281 omittamus.

454 2312 609 2350 XLIV.
632 2311 757 2348 Hunc
779 2323 906 2347 unum
927 2309 1048 2354 diem,
1071 2308 1180 2347 hunc
1203 2323 1344 2353 unum,
1363 2309 1542 2362 inquam,
1561 2308 1802 2347 hodiernum

398 2378 519 2423 diem,
551 2376 629 2415 hoc
650 2377 846 2429 purletum
868 2376 1074 2429 temporis,
1108 2389 1187 2428 quo
1218 2375 1374 2427 loquor,
1410 2374 1591 2419 defende,
1622 2375 1648 2413 fi
1670 2383 1799 2427 potes.

399 2445 484 2483 Cur
504 2452 745 2482 armatorum
766 2455 910 2480 corona
931 2442 1082 2480 senatus
1105 2441 1234 2494 septus
1257 2440 1336 2478 est?
1360 2455 1430 2479 cur
1451 2455 1514 2479 me
1537 2441 1593 2478 tui
1616 2439 1801 2479 satenites

397 2524 492 2550 cum
521 2509 663 2564 gladiis
694 2508 892 2550 audiunt?
925 2522 995 2548 cur
1025 2507 1144 2547 valvae
1176 2507 1410 2547 Concordiae
1432 2520 1510 2546 non
1533 2507 1700 2560 patent?
1732 2518 1804 2544 cur
