2076 2860
674 187 1372 230 FRAGMENTA.
1640 203 1721 246 493

387 288 549 342 Imma]
582 289 675 328 Hoc
696 290 858 328 nomine
877 288 1027 335 audito,
1056 289 1164 342 quod
1183 303 1253 343 per
1272 303 1408 330 omnes
1430 298 1565 343 gentes
1587 305 1724 346 perva-

330 364 469 409 gatum
489 356 556 395 est.

388 421 549 474 IDEM]
582 422 629 461 In
650 421 719 460 illa
739 421 842 460 bona
862 421 1042 461 invadere
1062 422 1174 462 nullo
1196 423 1316 462 modo
1336 424 1537 477 potuisset.

722 564 955 608 RzmQJA
999 576 1055 601 Ex
1097 566 1335 601 Ascomo.

589 686 788 724 C1RCA
834 684 1007 724 VERs.
1054 699 1086 724 A
1134 697 1331 724 PRIMO
1378 698 1461 724 XL.

441 808 533 846 Cum
552 815 775 846 enumeraret
782 805 937 858 judicia,
967 821 1048 860 quae
1055 816 1169 861 pater
1189 807 1349 863 Sqaurus
1367 814 1535 860 expertus
1554 807 1613 860 est.

387 892 502 930 Subit
522 894 642 931 etiam
661 891 802 946 populi
821 892 1038 945 judicium,
1069 892 1297 946 inquirente
1330 893 1408 932 Cn.
1432 892 1617 932 Domitio
1649 893 1723 932 tri-

331 957 440 996 buno
460 958 605 1012 plebis.

898 1087 1156 1126 IBIDEM.

386 1194 494 1231 Reus
525 1193 578 1231 est
609 1192 734 1232 factus
767 1206 788 1230 a
820 1181 1063 1244 QServilio
1094 1193 1281 1246 Caepione
1310 1195 1398 1247 lege
1425 1194 1599 1241 Servilia,
1631 1209 1726 1233 cum

324 1259 477 1312 judicia
496 1272 614 1311 penes
636 1258 853 1310 equestrem
874 1258 1054 1297 ordinem
1075 1259 1209 1304 effcnt,
1231 1268 1270 1298 et
1292 1261 1337 1299 Ρ.
1361 1260 1520 1299 Rutilio
1541 1261 1727 1300 damnato

332 1339 448 1364 nemo
471 1334 551 1363 tam
572 1325 760 1363 innocens
782 1323 994 1370 videretur,
1027 1334 1072 1363 ut
1092 1337 1172 1363 non
1194 1325 1350 1364 timeret
1370 1326 1452 1364 illa.

897 1455 1161 1492 IB1DEM.

388 1564 455 1602 Ab
487 1563 627 1602 eodem
658 1562 777 1601 etiam
808 1563 895 1616 lege
923 1564 1039 1601 Varia
1071 1563 1198 1602 custos
1232 1563 1299 1601 ille
1329 1562 1557 1617 reipublicae
1587 1563 1723 1616 prodi-

331 1629 453 1668 tionis
473 1629 527 1667 est
555 1630 596 1667 in
618 1630 769 1667 crimen
789 1638 948 1668 vocatus
965 1648 977 1676 3
1010 1639 1169 1668 vexatus
1191 1643 1211 1668 a
1232 1629 1424 1682 QVario
1445 1629 1608 1669 tribuno
1636 1630 1727 1683 ple-

332 1696 394 1735 bis
413 1695 467 1734 est
487 1709 567 1734 non
590 1695 719 1734 multo
740 1704 842 1735 ante.

898 1825 1157 1864 IBIDEM.

388 1934 484 1972 Non
517 1934 624 1972 enim
657 1942 814 1972 tantum
845 1934 1058 1973 admiratus
1093 1933 1178 1972 sum
1205 1946 1278 1985 ego
1306 1932 1424 1971 illum
1451 1933 1596 1979 virum,
1628 1933 1727 1972 ficut

333 2013 485 2046 omnes,
517 2000 580 2038 sed
601 2000 719 2038 etiam
739 2001 936 2053 praecipue
957 2000 1093 2038 dilexi.
1139 2000 1296 2038 Primus
1318 1999 1425 2038 enim
1446 2013 1524 2046 me,
1556 2000 1725 2052 flagran-

333 2076 415 2104 tem
436 2066 562 2105 studio
584 2066 724 2111 laudis,
756 2067 797 2103 in
820 2066 927 2118 spem
952 2066 1131 2119 impulit,
1162 2066 1265 2119 poffe
1286 2067 1475 2104 virtutem
1496 2060 1575 2104 fine
1594 2067 1723 2119 praefi-

333 2131 399 2169 dio
420 2130 603 2176 fortunae,
635 2145 715 2184 quo
736 2130 1007 2177 contendisset,
1040 2132 1171 2170 labore
1191 2141 1230 2170 et
1250 2132 1465 2170 constantia
1484 2134 1699 2184 pervenire.

391 2197 456 2241 Si,
489 2196 740 2242 mehercule,
772 2197 958 2248 JudiceS,
991 2211 1062 2250 pro
1097 2199 1146 2236 L.
1175 2198 1342 2236 Tubulo
1375 2198 1573 2243 dicerem,
1605 2211 1725 2249 quem

336 2277 460 2300 unum
481 2276 528 2300 ex
550 2263 660 2300 omni
681 2264 870 2301 memoria
890 2263 1222 2303 sceleratiffimum
1238 2273 1276 2303 et
1296 2264 1591 2302 audaciffimum
1613 2263 1725 2301 fuiffe

333 2329 570 2381 accepimus,
605 2338 734 2366 tamen
769 2343 848 2368 non
884 2330 1080 2376 timerem,
1112 2344 1309 2370 venenum
1342 2330 1490 2382 hospiti
1524 2339 1590 2367 aut
1625 2343 1722 2367 con-

332 2396 429 2433 vivae
450 2395 475 2432 fi
497 2395 690 2433 diceretur
710 2397 884 2436 ccenanti
903 2397 951 2436 ab
973 2397 1044 2436 illo
1063 2396 1216 2445 datum,
1248 2397 1314 2436 cui
1340 2410 1468 2450 neque
1492 2395 1619 2442 heres,
1650 2408 1722 2435 ne·

333 2475 410 2513 que
431 2462 548 2501 iratus
571 2460 715 2502 fuisset.
