2076 2860
570 201 646 242 288
924 201 1001 240 IN
1060 199 1123 239 M.
1185 199 1611 241 ANTONIUM

568 303 779 356 loquatur:
813 302 967 341 credere
989 316 1068 341 non
1089 301 1141 340 est
1162 301 1322 341 necesse.
1368 301 1486 341 Nihil
1515 303 1623 341 enim
1653 315 1829 356 unquam
1854 302 1897 342 in
1925 312 1963 342 te

569 369 784 414 sordidum,
807 367 909 407 nihil
931 368 1099 414 humile,
1132 369 1315 421 cognovi.
1353 370 1594 422 Qanquam
1615 368 1739 407 solent
1759 369 1963 408 domestici

566 436 773 488 depravare
794 449 1113 488 nonnumquam:
1138 436 1201 474 sed
1221 436 1314 473 novi
1335 435 1564 474 firmitatem
1583 446 1704 476 tuam.
1729 438 1864 490 Atque
1879 437 1961 476 uti-

566 515 672 546 nam,
706 511 749 539 ut
770 502 944 554 culpam,
976 501 1026 540 fic
1048 503 1167 540 etiam
1189 501 1450 555 suspicionem
1470 504 1591 540 vitare
1612 503 1795 556 potuisses
1815 503 1823 541 1

621 567 737 606 XIV.
771 567 878 605 Illud
898 568 1023 620 magis
1044 581 1178 606 vereor
1192 597 1203 613 ,
1235 581 1283 606 ne
1298 596 1308 612 ‚
1341 568 1524 619 ignorans
1549 582 1686 606 verum
1706 568 1780 606 iter
1799 568 1934 620 gloriae
1948 597 1960 614 ‚

563 632 782 685 gloriosum
802 643 931 686 putes,
954 634 1043 686 plus
1066 642 1104 672 te
1124 647 1250 672 unum
1270 633 1388 687 poffe,
1411 647 1530 685 quam
1551 647 1713 679 omnes;
1737 643 1776 672 et
1797 635 1922 672 metui
1941 647 1963 671 a

564 698 719 736 civibus
742 699 835 744 tuis,
853 713 973 752 quam
994 699 1123 752 diligi,
1142 699 1270 737 malis.
1296 698 1416 751 Qod
1436 698 1463 736 fi
1480 699 1532 736 ita
1553 708 1680 751 putas,
1699 709 1823 738 totam
1844 700 1961 752 igno-

565 777 623 802 ras
645 765 748 802 viam
769 764 917 817 gloriae.
959 766 1106 804 Carum
1127 764 1199 803 effe
1219 765 1363 810 civem,
1396 764 1494 802 bene
1515 764 1561 802 de
1583 765 1785 817 republica
1803 765 1960 810 mereri,

562 829 728 875 laudari,
751 830 844 875 coli,
867 830 996 883 diligi,
1018 830 1235 883 gloriosum
1255 830 1332 869 est:
1366 830 1491 868 metui
1511 844 1616 875 vero,
1639 839 1677 869 et
1698 831 1739 868 in
1761 830 1852 868 odio
1872 829 1960 875 effe,

564 895 830 942 invidiosum,
862 896 1112 941 detestabile,
1144 896 1420 941 imbecillum,
1453 896 1663 936 caducum.
1708 895 1829 948 Qod
1849 895 1960 935 vide-

565 975 654 999 mus
675 962 794 1000 etiam
814 962 855 999 in
877 961 1038 1007 fabulis,
1061 962 1131 1015 ipsi
1152 962 1228 1007 illi,
1252 963 1336 1015 qui,
1370 962 1525 1001 Oderint
1543 962 1625 1001 dum
1643 971 1820 1007 metuant,
1846 961 1959 1000 dixe-

565 1028 630 1071 rit,
662 1028 928 1081 perniciosum
947 1027 1074 1068 fuiffe.
1113 1029 1295 1074 Utinam,
1328 1030 1496 1074 Antoni,
1527 1042 1644 1066 avum
1672 1038 1787 1066 tuum
1814 1027 1960 1066 merni-

564 1093 678 1133 niffes
699 1095 706 1132 !
741 1095 787 1133 de
808 1109 888 1148 quo
909 1105 1040 1134 tamen
1062 1096 1189 1133 multa
1207 1095 1346 1134 audisti
1372 1109 1420 1134 ex
1447 1109 1511 1133 me
1538 1095 1751 1148 saepiffime.
1793 1095 1962 1133 Putasne

564 1160 684 1200 illum
703 1162 1046 1200 immortalitatem
1066 1162 1206 1200 mereri
1227 1161 1402 1207 volume,
1423 1170 1466 1200 ut
1486 1171 1647 1214 propter
1666 1175 1866 1200 armorum
1887 1160 1959 1200 ha·

565 1225 786 1266 bendorum
813 1227 1017 1266 licentiam
1047 1229 1319 1266 metueretur?
1352 1228 1426 1266 Illa
1456 1237 1536 1265 erat
1567 1229 1660 1272 vita,
1692 1228 1761 1265 illa
1793 1227 1961 1266 secunda

565 1291 738 1339 fortuna,
761 1293 941 1332 libertate
961 1293 1034 1332 effe
1053 1308 1186 1347 parem
1208 1295 1371 1338 caeteris,
1393 1294 1616 1346 principem
1638 1293 1844 1345 dignitate.
1877 1294 1959 1332 Ita-

565 1373 656 1412 que,
689 1369 734 1398 ut
753 1360 939 1398 omittam
959 1374 1017 1398 res
1039 1360 1099 1397 avi
1121 1361 1179 1398 tui
1199 1360 1413 1412 prosperas,
1439 1359 1729 1397 acerbiffimum
1749 1360 1832 1412 ejus
1853 1358 1960 1399 diem

565 1425 793 1478 supremum
813 1426 966 1472 malim,
989 1439 1108 1478 quam
1129 1427 1178 1465 L.
1197 1425 1335 1465 Cinnae
1355 1425 1619 1471 dominatum,
1638 1438 1659 1463 a
1677 1438 1757 1478 quo
1778 1424 1846 1464 ille
1866 1439 1959 1465 cru-

564 1491 753 1530 deliffime
773 1492 827 1531 est
846 1491 1090 1532 interfectus.

621 1558 694 1596 Sed
715 1559 811 1612 quid
833 1560 1007 1598 oratione
1028 1568 1065 1598 te
1086 1559 1238 1598 flectam
1257 1561 1270 1598 ?
1304 1560 1343 1598 Si
1363 1560 1471 1598 enim
1491 1559 1620 1598 exitus
1644 1560 1692 1598 C.
1718 1558 1876 1598 Caesaris
1897 1557 1960 1597 ef-

561 1624 678 1663 ficere
699 1639 779 1664 non
799 1626 944 1679 potest,
978 1636 1022 1665 ut
1042 1626 1155 1665 malis
1177 1640 1286 1665 carus
1308 1626 1380 1665 effe
1394 1656 1405 1672 ,
1439 1640 1558 1679 quam
1578 1626 1729 1671 metui,
1761 1624 1864 1664 nihil
1885 1639 1959 1664 cu·—

555 1691 744 1745 jusquam
764 1692 945 1746 proficiet
974 1707 1045 1732 nec
1072 1693 1219 1732 valebit
1245 1693 1386 1733 oratio.
1418 1695 1552 1746 Qem
1572 1693 1642 1747 qui
1664 1693 1824 1730 beatum
1844 1690 1958 1730 fuisse

561 1768 704 1810 putant
718 1788 730 1804 ‚
761 1759 971 1798 miserrimi
992 1760 1061 1812 ipsi
1082 1759 1186 1802 sunt.
1229 1761 1370 1798 Beatus
1391 1759 1445 1798 est
1465 1773 1581 1798 nemo
1595 1789 1606 1804 ‚
1639 1759 1708 1811 qui
1728 1772 1772 1796 ea
1789 1758 1876 1810 lege
1895 1757 1956 1796 vi-

560 1823 645 1873 vit,
677 1832 722 1861 ut
749 1837 828 1862 non
857 1824 976 1862 modo
995 1825 1160 1876 impune
1174 1853 1186 1868 ‚
1218 1824 1283 1862 sed
1302 1826 1420 1862 etiam
1441 1838 1534 1862 curn
1555 1825 1707 1862 summa
1726 1822 1956 1861 interfecto-

561 1889 614 1927 ris
635 1889 780 1941 gloria,
812 1889 981 1928 interfici
1002 1889 1130 1942 poffit.
1166 1891 1296 1941 Qare
1318 1889 1426 1928 flecte
1448 1899 1510 1934 te,
1544 1890 1672 1941 quaeso
1687 1919 1697 1934 ,
1730 1898 1768 1927 et
1788 1890 1954 1941 majores

560 1963 651 1993 tuos
673 1955 843 2009 respice,
875 1965 992 2008 atque
1021 1957 1074 1994 ita
1101 1952 1276 2008 guberna
1302 1955 1616 2008 rempublicam,
1649 1964 1693 1993 ut
1720 1964 1858 1993 natum
1883 1954 1957 1993 effe

560 2031 601 2059 te
621 2022 723 2061 cives
745 2023 804 2060 tui
823 2022 1017 2075 gaudeant
1036 2038 1043 2061 :
1078 2023 1155 2061 fine
1175 2036 1256 2075 quo
1277 2036 1347 2061 nec
1370 2023 1504 2061 beatus
1520 2052 1531 2067 ,
1564 2035 1634 2060 nec
1662 2022 1787 2060 clarus
1803 2051 1813 2067 ,
1846 2021 1956 2075 quis-

560 2101 681 2141 quam
701 2088 774 2127 effe
793 2089 959 2128 omnino
979 2089 1118 2142 potest.

618 2155 711 2194 XV.
739 2156 793 2194 Et
813 2156 952 2208 populi
973 2156 1135 2208 quidem
1153 2155 1489 2208 Romanijudicia
1503 2155 1629 2194 multa
1649 2155 1766 2193 ambo
1786 2153 1955 2199 habetis,

561 2222 708 2274 quibus
724 2235 792 2260 vos
809 2235 888 2260 non
910 2221 997 2260 satis
1020 2223 1169 2261 moveri
1190 2222 1419 2276 permoleste
1436 2221 1533 2260 fero.
1553 2222 1664 2273 Qid
1680 2221 1788 2259 enim
1804 2220 1955 2273 gladia·
2011 2271 2014 2275 ι

561 2288 715 2326 toribus
736 2287 925 2326 clamores
947 2288 1300 2327 innumerabilium
1319 2288 1498 2326 civium?
1521 2288 1616 2341 quid
1638 2287 1778 2340 populi
1798 2285 1954 2325 versus?

560 2354 659 2407 quid
680 2355 862 2407 Pompeii
882 2354 1012 2393 statuae
1032 2355 1187 2407 plausus
1209 2354 1358 2393 infiniti
1378 2355 1390 2391 ?
1423 2354 1520 2406 quid
1540 2354 1587 2392 iis
1610 2354 1781 2392 tribunis
1810 2351 1952 2405 plebis,

561 2421 632 2474 qui
652 2421 763 2459 vobis
785 2420 1063 2460 adversantur?
1095 2434 1284 2473 parumne
1311 2419 1393 2458 haec
1418 2419 1639 2473 significant
1668 2417 1955 2458 incredibiliter

558 2486 873 2528 consentientem
906 2487 1046 2542 populi
1081 2487 1254 2527 Romani
1293 2487 1459 2526 universi
1499 2486 1744 2525 voluntatem
1762 2486 1775 2522 ?
1808 2481 1917 2534 Qid
1938 2483 1950 2519 ?
