2076 2860
680 169 1262 211 PHILIPPICA
1340 170 1395 207 11.
1662 182 1740 223 327

336 275 524 314 homines
557 275 741 313 omnium
773 273 955 327 gentium
989 274 1161 312 maxime
1194 273 1404 318 barbaros,
1438 273 1614 325 Ityreos,
1646 286 1741 311 curn

336 341 491 394 sagittis
513 340 674 379 deducis
696 342 738 378 in
767 340 933 379 forum?
967 340 1137 378 Praefidii
1169 340 1228 377 sui
1260 339 1371 378 causa
1402 339 1438 377 se
1469 339 1595 378 facere
1625 339 1738 378 dicit.

339 407 490 446 Nonne
522 407 646 458 igitur
678 406 824 445 millies
858 406 982 459 perire
1015 406 1069 443 est
1096 406 1255 450 melius,
1287 419 1407 458 quam
1434 406 1476 443 in
1499 406 1562 444 sua
1582 406 1741 444 civitate

338 473 419 511 fine
451 483 691 511 armatorum
724 473 900 526 praefidio
931 486 1012 511 non
1046 472 1148 525 poffe
1183 474 1344 510 vivere?
1387 473 1460 510 Sed
1492 472 1652 511 nullum
1685 473 1740 512 est

335 539 455 585 istuc,
486 538 590 577 mihi
611 539 739 584 crede,
771 539 994 592 praefidium
1013 554 1022 577 :
1055 539 1214 577 caritate
1235 548 1273 577 et
1295 538 1570 577 benevolentia
1590 540 1741 578 civium

337 605 496 659 septum
517 616 673 659 oportet
693 606 780 651 effe,
813 620 892 644 non
914 606 1045 644 armis.

395 673 567 725 Eripiet,
585 673 853 726 extorquebit,
871 672 947 710 tibi
964 671 1033 709 ista
1049 671 1221 723 populus
1238 671 1444 709 Romanus
1461 687 1469 710 :
1494 672 1648 710 utinam
1666 673 1739 710 sal-

338 738 398 777 vis
421 739 560 777 nobis!
594 739 658 777 sed
688 752 850 791 quoquo
877 738 998 776 modo
1019 737 1225 775 nobiscum
1249 737 1388 789 egeris,
1422 737 1517 775 dum
1539 738 1619 776 istis
1641 752 1740 776 con-

337 805 434 843 filiis
469 805 604 851 uteris,
638 819 716 843 non
748 815 876 858 poteS,
908 804 1010 842 mihi
1042 803 1170 848 crede,
1203 803 1275 841 effe
1307 803 1534 842 diuturnus.
1578 805 1740 843 Etenim

338 871 411 909 ista
432 881 498 909 tua
518 872 686 909 minime
706 885 815 909 avara
834 872 997 924 conjux,
1030 883 1150 923 quam
1179 883 1252 922 ego
1283 869 1361 908 fine
1391 871 1634 908 contumelia
1655 871 1741 909 des-

336 937 467 983 cribo,
499 938 673 975 nimium
703 937 820 975 debet
849 936 916 975 diu
942 936 1093 989 populo
1115 936 1298 974 Romano
1320 937 1475 974 tertiam
1496 937 1739 988 penfionem.

339 1003 478 1042 Habet
497 1003 669 1056 populus
691 1003 913 1048 Romanus,
945 1003 992 1041 ad
1014 1015 1113 1055 quos
1134 1002 1402 1054 gubernacula
1420 1002 1649 1054 reipublicae
1671 1003 1739 1041 de-

337 1068 466 1108 ferat:
500 1069 571 1122 qui
592 1069 822 1122 ubi-cunque
844 1078 1035 1107 terrarum
1056 1069 1161 1113 sunt,
1193 1068 1250 1106 ibi
1282 1068 1335 1106 est
1364 1082 1483 1107 omne
1513 1069 1741 1121 reipublicae

335 1135 576 1189 praefidium,
608 1137 670 1174 vel
698 1137 833 1189 potius
864 1135 944 1189 ipsa
972 1134 1207 1189 respublica,
1239 1149 1326 1189 quae
1354 1135 1390 1173 se
1411 1134 1539 1173 adhuc
1561 1145 1741 1175 tantum—

336 1202 461 1241 modo
482 1202 566 1240 ulta
584 1202 652 1248 est,
685 1202 865 1241 nondum
886 1202 1146 1254 recuperavit.
1182 1200 1318 1240 Habet
1345 1201 1508 1254 quidem
1538 1212 1641 1240 certe
1663 1203 1741 1240 res-

338 1269 504 1322 publica
534 1268 797 1307 adolescentes
831 1268 1108 1313 nobihffimos,
1139 1277 1292 1321 paratos
1327 1268 1564 1308 defensores.
1609 1271 1743 1322 Qam

340 1335 491 1380 volent,
523 1335 585 1373 illi
606 1335 760 1381 cedant,
793 1336 876 1373 otio
896 1334 1144 1373 consulentes
1161 1353 1173 1380 ς
1207 1344 1339 1373 tamen
1364 1349 1386 1372 a
1404 1336 1608 1388 republica
1628 1350 1741 1375 revo-

338 1402 552 1440 cabuntur.
587 1403 641 1440 Et
662 1415 808 1440 nomen
830 1402 936 1455 pacis
959 1401 1074 1439 dulce
1093 1401 1171 1446 est,
1204 1410 1243 1439 et
1262 1401 1344 1454 ipsa
1364 1415 1422 1440 res
1444 1402 1634 1442 salutaris.
1669 1403 1742 1440 Sed

337 1468 444 1506 inter
475 1482 628 1521 pacem,
661 1478 699 1507 et
732 1469 975 1513 servitutem,
1006 1468 1229 1520 plurimum
1251 1468 1422 1507 interest.
1458 1469 1538 1508 Pax
1557 1469 1611 1507 est
1633 1479 1740 1507 tran-

336 1535 468 1587 quilla
498 1535 686 1580 libertas;
718 1534 883 1573 servitus
917 1534 1113 1572 malorum
1144 1534 1329 1572 omnium
1360 1535 1628 1587 postremum,
1661 1549 1740 1573 non

339 1600 460 1638 modo
482 1599 603 1645 bello,
636 1600 697 1638 sed
719 1610 846 1638 morte
871 1600 1004 1644 etiam,
1038 1599 1324 1653 repellendum.

398 1666 519 1718 Qod
553 1666 578 1704 s1
611 1666 647 1704 se
679 1667 782 1719 ipsos
814 1667 876 1706 illi
910 1666 1028 1704 nostri
1055 1666 1282 1704 liberatores
1316 1680 1336 1704 e
1369 1666 1579 1719 conspeetu
1611 1666 1741 1704 nostro

340 1732 612 1778 abstulerunt,
645 1743 683 1771 at
712 1733 944 1785 exemplum
971 1731 1064 1770 faeti
1086 1733 1346 1785 reliquerunt.
1380 1733 1461 1777 Illi,
1495 1733 1602 1785 quod
1623 1747 1742 1771 nemo

340 1797 500 1843 fecerat,
519 1797 714 1837 fecerunt.
734 1799 1004 1850 Tarquinium
1026 1799 1172 1836 Brutus
1195 1798 1301 1836 bello
1322 1798 1375 1836 est
1394 1798 1647 1851 persecutus3
1672 1799 1741 1852 qui

342 1874 431 1903 tum
452 1879 518 1903 rex
540 1864 632 1910 fuit,
665 1879 758 1903 cum
786 1865 858 1904 effe
879 1867 1018 1904 Romae
1038 1879 1171 1917 regem
1198 1865 1348 1903 liceret.
1383 1866 1448 1917 Sp.
1475 1865 1639 1911 Caffius,
1673 1867 1738 1918 Sp.

343 1932 510 1977 Melius,
535 1933 598 1971 M.
617 1933 810 1978 Manlius,
831 1942 989 1985 propter
1004 1931 1268 1984 suspicionem
1291 1933 1401 1985 regni
1422 1933 1631 1984 appetendi
1653 1933 1741 1971 sunt

342 1998 483 2037 necati.
529 1999 587 2036 Hi
619 1999 739 2052 primi
773 2013 866 2036 cum
898 1998 1054 2050 gladiis,
1087 2012 1166 2036 non
1199 1999 1239 2036 in
1274 2012 1441 2051 regnum
1473 2008 1739 2051 appetentem,

343 2063 406 2100 sed
428 2063 467 2101 in
490 2074 734 2116 regnantem,
758 2065 955 2117 impetum
976 2063 1169 2103 fecerunt.
1191 2064 1310 2115 Qod
1326 2078 1419 2102 cum
1440 2065 1571 2117 ipsum
1593 2064 1741 2104 saelum

346 2142 414 2181 per
437 2129 470 2166 se
492 2130 722 2181 praeclarum
743 2130 810 2174 est,
843 2139 960 2182 atque
981 2129 1177 2175 divinum,
1211 2141 1295 2168 turn
1318 2131 1539 2183 expositum
1566 2131 1612 2168 ad
1645 2132 1738 2168 imi-

345 2194 511 2232 tandum
531 2210 539 2232 ε
573 2196 786 2247 praesertim
813 2210 906 2234 cum
935 2196 994 2234 illi
1016 2210 1100 2234 eam
1121 2197 1289 2249 gloriam
1311 2197 1511 2235 consecuti
1534 2198 1621 2242 sint,
1653 2212 1739 2249 qua:

344 2261 410 2297 vix
432 2260 527 2298 caelo
549 2261 632 2312 capi
658 2261 758 2313 poffe
781 2261 970 2301 videatur.
1014 2262 1097 2300 Etfi
1125 2263 1233 2300 enim
1262 2264 1349 2301 satis
1372 2263 1411 2300 in
1435 2263 1515 2315 ipsa
1534 2263 1739 2302 conscien-

342 2327 399 2363 tia
422 2325 680 2377 pulcherrimi
702 2327 793 2365 faeti
815 2327 965 2378 fructus
986 2338 1094 2374 erat,
1128 2338 1259 2368 tamen
1281 2330 1438 2368 mortali
1461 2330 1739 2368 immortalita-

343 2401 427 2430 tem
451 2405 529 2429 non
551 2392 718 2431 arbitror
739 2394 1087 2433 contemnendam.

401 2458 532 2497 XLV.
566 2459 786 2498 Recordare
825 2460 949 2513 igitur
988 2460 1120 2505 illum,
1162 2461 1226 2499 M.
1270 2462 1437 2503 Antoni,
1489 2460 1609 2504 diem,
1660 2474 1741 2511 quo
