2076 2860
640 153 781 194 PRO
842 152 912 203 Q
959 145 1303 187 LIGARIO.
1596 143 1669 180 261

274 265 473 306 exulante.
507 259 546 298 Si
577 257 761 300 fraterne,
794 254 820 292 si
848 253 926 306 pie,
958 250 985 290 fi
1007 263 1100 288 cum
1131 248 1265 287 dolore
1295 244 1463 289 faciunt,
1495 252 1679 281 moveant

276 343 314 371 te
335 331 481 370 horum
501 326 698 376 lacrymae,
730 328 885 359 moveat
906 318 1045 371 pietas,
1077 322 1232 354 moveat
1257 311 1492 366 germanitas
1513 326 1521 348 :
1555 309 1679 347 valeat

275 407 344 436 tua
363 408 439 434 vox
460 393 543 437 illa,
573 404 660 443 quae
680 388 791 427 vicit.
824 387 887 425 Te
907 384 1015 422 enim
1037 383 1165 420 dicere
1186 380 1456 423 audiebamus,
1480 377 1566 416 Nos
1588 389 1678 414 om-

274 477 344 503 nes
364 458 608 502 adversarios
642 464 804 510 putare,
837 452 907 491 nifi
938 452 1007 504 qui
1039 449 1247 488 nobiscum
1277 446 1424 490 effent3
1459 454 1495 482 te
1526 456 1677 487 omnes,

276 530 348 584 qui
369 537 507 567 contra
527 535 565 564 te
585 537 666 562 non
686 521 830 565 essent,
865 528 969 557 tuos.
1002 515 1172 554 Videsne
1203 514 1326 566 igitur
1355 511 1463 550 hunc
1495 508 1680 563 splendo-

277 611 376 641 rem,
409 606 571 633 omnem
603 590 705 628 hanc
739 585 1011 626 Brocchorum
1040 583 1220 626 domum,
1253 579 1361 617 hunc
1384 579 1432 616 L.
1457 576 1679 621 Marcium,

281 664 330 702 C.
356 661 584 704 Caesetium,
617 659 667 696 L.
693 654 932 698 Corfidium,
964 650 1080 689 hosce
1111 661 1247 688 omnes
1278 646 1430 698 equites
1462 645 1679 688 Romanos,

280 729 352 782 qui
380 727 520 766 adsunt
547 723 648 763 veste
676 730 840 765 mutata,
873 732 952 757 non
982 716 1111 754 solum
1138 723 1252 752 notos
1283 711 1372 755 tibi,
1405 723 1542 747 verum
1563 710 1683 747 etiam

279 795 466 849 probatos
487 793 606 836 viros,
629 790 699 843 qui
721 798 854 826 tecum
874 784 1038 823 fuerunt
1057 783 1069 820 ?
1102 782 1237 833 Atque
1264 777 1327 816 his
1349 778 1520 815 maxime
1542 775 1681 813 irasce-

279 863 435 907 bamur,
453 870 492 899 et
508 858 580 897 hos
599 855 910 909 requirebamus,
927 860 966 889 et
982 849 1044 888 his
1066 846 1252 886 nonnulli
1273 845 1392 883 etiam
1412 842 1680 881 minabantur.

281 928 478 967 Conserva
498 925 622 978 igitur
638 923 717 961 tuis
735 921 845 959 suos:
870 927 928 963 ut,
947 913 1286 970 quemadmodum
1307 919 1457 955 caetera,
1476 923 1561 962 quae
1583 907 1686 947 dicta

279 994 371 1033 sunt
390 1007 411 1031 a
431 1002 482 1038 te,
516 991 566 1029 s1e
587 989 664 1028 hoc
686 987 927 1027 veriffimum
947 982 1175 1036 reperiatur.

337 1059 434 1097 XII.
469 1055 590 1109 Qod
615 1055 642 1093 fi
663 1053 820 1107 penitus
844 1049 1062 1103 perspicere
1081 1046 1204 1100 posses
1226 1043 1479 1083 concordiam
1502 1041 1686 1093 Ligario-

283 1139 397 1170 rum3
421 1136 558 1162 omnes
580 1120 715 1159 fratres
734 1129 868 1157 tecum
883 1115 1081 1168 judicares
1102 1111 1229 1151 fuifi‘e.
1253 1112 1318 1148 An
1336 1108 1461 1162 potest
1478 1107 1687 1160 quisquam

283 1192 478 1237 dubitare,
501 1189 614 1243 quin,
638 1187 665 1226 fi
687 1184 949 1238 QLigarius
972 1182 1013 1219 in
1036 1180 1150 1219 Italia
1169 1178 1241 1217 effe
1262 1175 1461 1230 potuisset,
1491 1176 1529 1212 in
1553 1173 1688 1211 eadem

284 1258 477 1297 sententia
490 1256 649 1294 futurus
666 1253 801 1297 fuerit,
820 1252 860 1288 in
878 1263 955 1302 qua
970 1247 1107 1286 fratres
1124 1245 1314 1284 fuerunt?
1333 1244 1421 1296 quis
1439 1241 1505 1285 est,
1525 1241 1594 1293 qui
1611 1239 1687 1278 ho-

286 1339 377 1364 rum
397 1322 631 1363 consensum
652 1319 956 1372 conspirantem,
979 1324 1018 1353 et
1039 1327 1139 1367 pene
1159 1311 1392 1354 conflatum,
1416 1310 1455 1346 in
1474 1307 1545 1346 hac
1567 1320 1690 1360 prope

286 1392 508 1446 aequalitate
528 1389 699 1428 fraterna
718 1399 797 1425 non
820 1383 972 1423 noverit
992 1383 1003 1420 ?
1037 1381 1108 1434 qui
1132 1379 1210 1418 hoc
1234 1392 1312 1417 non
1334 1377 1498 1421 sentiat,
1531 1374 1688 1427 quidvis

286 1460 395 1513 prius
417 1457 601 1496 futurum
622 1453 750 1499 fuiffe,
773 1465 893 1505 quam
914 1459 958 1488 ut
974 1448 1017 1488 hi
1034 1447 1170 1486 fratres
1189 1443 1352 1483 diversas
1375 1442 1583 1481 sententias
1605 1439 1689 1478 for-

288 1525 479 1579 tunasque
500 1521 780 1575 sequerentur?
805 1517 1022 1556 Voluntate
1043 1515 1167 1566 igitur
1187 1524 1324 1550 omnes
1347 1519 1481 1547 tecum
1502 1507 1688 1545 fuerunt:

288 1591 518 1645 tempestate
538 1589 722 1641 abreptus
744 1585 797 1624 est
819 1597 919 1623 unus
938 1602 948 1628 ;
982 1583 1073 1634 qui,
1106 1580 1132 1618 fi
1154 1578 1316 1617 confilio
1338 1576 1378 1615 id
1398 1574 1569 1619 feciffet,
1601 1573 1692 1612 effet

291 1672 431 1698 eorum
451 1656 605 1700 fimilis,
638 1667 737 1706 quos
760 1661 804 1690 tu
825 1661 956 1689 tamen
978 1648 1100 1686 salvos
1122 1646 1194 1684 effe
1215 1643 1387 1683 voluisti.

348 1724 422 1764 Sed
442 1724 532 1762 ierit
552 1721 599 1760 ad
621 1720 797 1764 bellum5
822 1715 1030 1755 discesserit
1052 1727 1131 1752 non
1152 1726 1172 1750 a
1192 1722 1229 1751 te
1251 1711 1394 1754 solum,
1417 1721 1553 1746 verum
1574 1706 1694 1744 etiam

293 1806 314 1831 a
329 1791 542 1831 fratribus:
565 1788 608 1827 hi
630 1797 667 1826 te
688 1794 799 1825 orant
816 1785 889 1822 tui.
914 1781 1131 1835 Equidem,
1150 1793 1242 1817 cum
1265 1778 1342 1815 tuis
1360 1775 1547 1814 omnibus
1569 1785 1692 1825 nego-

290 1860 358 1899 tiis
379 1856 614 1901 interessem,
645 1852 838 1893 memoria
859 1860 986 1894 teneo,
1011 1847 1137 1901 qualis
1161 1856 1246 1883 tum
1269 1846 1322 1882 T.
1347 1842 1544 1894 Ligarius,
1568 1838 1694 1892 quaes-

291 1936 356 1965 tor
376 1925 570 1968 urbanus,
603 1921 724 1960 fuerit
744 1932 834 1972 erga
855 1928 891 1956 te
913 1926 951 1955 et
972 1915 1209 1968 dignitatem
1231 1921 1354 1949 tuam.
1390 1908 1462 1947 Sed
1483 1921 1621 1960 parum
1643 1905 1696 1943 est

294 2007 358 2033 me
385 1992 465 2032 hoc
495 1987 714 2030 meminisse
734 2003 742 2026 :
776 1986 886 2039 spero
915 1984 1034 2021 etiam
1056 1990 1092 2019 te
1108 2011 1119 2026 ,
1152 1980 1222 2033 qui
1243 1976 1424 2016 oblivisci
1446 1974 1548 2013 nihil
1571 1973 1666 2012 soles
1682 2002 1694 2019 ,

290 2059 366 2098 ‘nifi
393 2058 571 2112 injurias,
604 2055 794 2109 quoniam
822 2051 898 2089 hoc
926 2048 979 2087 est
1011 2047 1149 2092 animi,
1182 2045 1372 2099 quoniam
1399 2043 1518 2081 etiam
1545 2039 1698 2092 ingenii

295 2126 371 2170 tui,
389 2135 442 2170 te,
460 2121 613 2175 aliquid
629 2121 676 2158 de
691 2119 811 2171 hujus
832 2116 904 2154 illo
925 2114 1124 2168 quaestoris
1146 2111 1278 2151 officio
1300 2110 1558 2163 cogitantem,
1578 2106 1698 2144 etiam

298 2192 345 2230 de
365 2192 451 2230 aliis
473 2188 709 2243 quibusdam
740 2183 996 2239 quaestoribus
1026 2180 1345 2220 reminiscentem
1375 2175 1581 2215 recordari.
1615 2172 1698 2211 Hic

300 2258 423 2310 igitur
443 2258 497 2294 T.
523 2254 720 2308 LigariuS,
744 2252 813 2305 qui
835 2260 921 2289 tum
944 2248 1046 2287 nihil
1068 2248 1150 2300 egit
1170 2245 1292 2291 aliud,
1319 2246 1465 2297 (neque
1486 2241 1593 2279 enim
1614 2238 1698 2276 haec

301 2322 528 2372 divinabat)
555 2322 623 2359 nisi
646 2329 688 2358 ut
710 2329 753 2358 tu
774 2332 865 2357 eum
887 2315 1103 2355 studiosum
1133 2323 1171 2352 et
1202 2314 1353 2351 bonum
1384 2311 1514 2349 virum
1540 2306 1696 2359 judica-

302 2404 359 2429 res
376 2419 387 2434 ,
420 2401 525 2427 nunc
547 2401 567 2424 a
589 2397 625 2425 te
646 2385 810 2438 supplex
832 2383 960 2422 fratris
984 2381 1148 2419 salutem
1170 2379 1283 2432 petit.
1318 2378 1450 2428 Qam
1480 2373 1598 2424 hujus
1630 2370 1698 2407 ad-

303 2456 478 2495 monitus
500 2454 632 2492 officio
653 2465 747 2490 curn
768 2450 941 2502 utrisque
963 2447 1024 2486 his
1046 2446 1195 2484 dederis
1214 2474 1222 2489 ,
1256 2453 1331 2482 tres
1361 2441 1498 2481 fratres
1527 2437 1700 2490 optimos
