2076 2860
353 181 403 220 30
829 166 1272 204 ORAT1o

349 266 519 303 extratsta
541 265 714 303 nitedula
735 263 1022 316 rempublicam
1044 273 1250 302 conaretur
1269 264 1458 303 arrodere.
1492 265 1607 303 Alter
1631 279 1738 311 vero,

350 345 427 369 non
450 331 517 369 ille
539 333 717 369 Serranus
740 330 786 367 ab
807 339 932 367 aratro
947 359 957 374 ‚
990 329 1053 367 sed
1073 344 1120 368 ex
1143 330 1291 368 deserto
1313 332 1415 369 Gavi
1439 331 1549 370 Oleli
1568 330 1709 370 horreo
1725 361 1736 378 ,

348 396 481 434 calatis
512 397 640 448 granis
656 426 666 442 ,
699 396 738 433 in
769 395 969 433 Calatinos
992 396 1139 434 Atilios
1162 397 1297 435 insitus
1314 427 1324 441 ‚
1356 397 1486 435 subito
1508 398 1738 436 nominibus

348 463 389 499 in
421 453 570 500 tabulas
605 462 760 505 relatis,
793 474 937 499 nomen
971 461 1082 499 suum
1116 462 1163 500 de
1196 463 1327 500 tabula
1359 462 1526 502 sustulit.
1560 465 1739 502 Veniunt

348 527 520 565 kalendae
540 527 712 578 Januarii
730 542 738 564 :
772 540 837 564 vos
859 526 942 564 haec
963 527 1104 565 melius
1127 528 1221 566 scire
1243 528 1400 581 potestis
1418 544 1426 567 :
1460 530 1645 582 equidem
1666 543 1736 568 au-

347 592 427 629 dita
447 592 535 630 dico
555 608 562 630 :
596 606 679 644 quae
702 601 787 629 tum
809 591 1028 644 frequentia
1048 592 1213 638 senatus,
1237 608 1321 645 quae
1342 595 1560 646 expe&atio
1581 595 1736 648 populi,

345 658 414 710 qui
445 659 654 695 concursus
686 658 903 709 legatorum
931 672 978 695 ex
1013 657 1125 695 Italia
1157 661 1313 704 cuneta,
1344 673 1429 711 quae
1449 661 1588 705 virtus,
1619 662 1735 706 affifio,

344 725 510 776 gravitas
545 725 589 762 P.
614 724 777 763 Lentuli
811 724 981 762 consulis
1014 724 1160 769 fuerit,
1192 739 1277 777 quae
1308 726 1427 764 etiam
1459 728 1621 780 collegae
1652 730 1735 780 ejus

344 789 562 828 moderatio
583 790 629 827 de
651 803 714 828 me
733 805 741 828 :
775 791 843 842 qui
865 803 957 828 cum
979 790 1209 829 inimicitias
1231 791 1302 830 fibi
1323 805 1481 831 mecum
1503 806 1551 830 ex
1573 794 1736 846 reipub-

345 856 430 894 licae
461 856 687 895 dissensione
720 856 909 909 susceptas
939 856 1011 894 esse
1044 856 1223 902 dixisset,
1255 871 1314 896 eas
1351 858 1387 895 se
1422 859 1599 911 patribus
1635 873 1734 898 con-

344 922 498 974 scriptis
520 923 636 968 dixit,
668 932 707 961 et
728 923 972 975 temporibus
995 923 1235 975 reipublicae,
1268 924 1558 976 permissurum.

400 988 595 1026 XXXIV.
628 989 739 1026 Tum
760 989 941 1041 princeps
965 998 1119 1040 rogatus
1146 989 1378 1028 sententiam
1410 992 1458 1029 L.
1484 991 1604 1029 Cotta
1632 991 1735 1030 dixit

344 1053 382 1090 id
398 1083 408 1098 ,
440 1054 547 1106 quod
577 1054 847 1107 dignissimum
877 1055 1077 1108 republica
1097 1054 1174 1093 fuit
1192 1085 1202 1101 ,
1235 1055 1337 1094 nihil
1359 1056 1406 1094 de
1426 1071 1491 1095 me
1511 1058 1642 1096 mitum
1662 1058 1735 1096 esse

337 1121 439 1171 jure,
463 1120 564 1159 nihil
586 1135 694 1159 more
715 1123 924 1174 majorum,
944 1121 1045 1160 nihil
1067 1122 1244 1174 legibus:
1270 1137 1347 1161 non
1370 1124 1473 1176 posse
1494 1137 1735 1177 quemquam

342 1186 390 1223 de
411 1186 567 1224 civitate
589 1187 677 1225 tolli
698 1188 775 1225 fine
791 1187 944 1240 judicio
963 1204 972 1227 ε
1005 1188 1052 1226 de
1073 1188 1200 1241 capite
1220 1203 1299 1227 non
1322 1189 1442 1228 modo
1462 1189 1570 1236 ferri,
1601 1190 1664 1228 sed
1685 1205 1734 1228 ne

336 1251 506 1302 judicari
539 1252 716 1305 quidem,
748 1253 865 1306 posse,
898 1254 966 1292 nisi
1001 1254 1175 1292 comitiis
1208 1255 1464 1294 centuriatis:
1502 1256 1585 1294 vim
1617 1256 1734 1295 fuisse

342 1318 451 1356 illam
465 1347 476 1362 ,
508 1320 707 1358 flammam
728 1320 904 1372 quassatae
924 1321 1174 1374 reipublicae,
1206 1323 1605 1375 perturbatorumque
1626 1333 1730 1362 tem-

343 1398 482 1435 porum
498 1415 508 1431 ‚
535 1387 624 1438 jure
645 1386 882 1439 judiciisque
903 1387 1063 1425 sublatis
1083 1403 1091 1426 :
1124 1401 1267 1440 magna
1287 1402 1417 1427 rerum
1438 1389 1733 1441 perturbatione

341 1450 606 1502 impendente,
630 1452 835 1491 declinasse
856 1467 919 1491 me
939 1453 1160 1506 paululum,
1193 1463 1245 1500 et,
1269 1455 1333 1507 spe
1355 1455 1512 1507 reliquae
1534 1456 1730 1508 tranquil-

340 1514 476 1562 litatis,
508 1517 710 1569 praesentes
732 1518 871 1557 fluetus
895 1519 1243 1573 tempestatemque
1272 1519 1439 1573 fugisse:
1473 1535 1606 1573 quare,
1638 1534 1732 1560 cum

338 1581 471 1619 absens
489 1584 775 1635 rempublicam
791 1598 869 1622 non
887 1586 1017 1623 minus
1034 1587 1188 1639 magnis
1205 1587 1406 1638 periculis,
1425 1601 1544 1639 quam
1560 1587 1733 1639 quodam

338 1657 513 1700 tempore
534 1650 711 1702 praesens,
743 1650 974 1697 liberassem,
1005 1666 1083 1690 non
1106 1652 1254 1690 restitui
1275 1666 1339 1691 me
1360 1653 1502 1699 solum,
1525 1653 1589 1691 sed
1610 1654 1730 1693 etiam

337 1715 479 1759 ornari,
511 1729 531 1752 a
553 1715 684 1753 senatu
706 1716 854 1754 decere.
888 1717 1116 1769 Disputavit
1137 1718 1255 1756 etiam
1277 1719 1405 1757 multa
1424 1720 1650 1772 prudenter,
1677 1721 1732 1759 ita

338 1779 384 1816 de
405 1793 468 1817 me
489 1780 604 1818 illum
626 1781 931 1818 amentissimum
953 1791 991 1819 et
1016 1782 1373 1834 profligatissimum
1394 1783 1546 1822 hostem
1568 1786 1730 1837 pudoris

337 1854 375 1882 ct
397 1845 596 1896 pudicitiae
618 1845 814 1898 scripsisse,
837 1860 922 1898 quae
943 1847 1158 1900 scripserat,
1185 1848 1232 1885 iis
1254 1849 1396 1894 verbis,
1420 1850 1548 1896 rebus,
1572 1851 1729 1889 senten-

338 1911 419 1955 tiis,
438 1920 494 1957 ut,
514 1912 631 1950 etiam
649 1913 773 1964 s1jure
790 1913 879 1951 esset
901 1923 1096 1966 rogatum,
1120 1923 1249 1952 tamen
1272 1916 1351 1953 vim
1374 1915 1516 1954 habere
1537 1931 1615 1955 non
1636 1918 1728 1970 pos-

339 1977 390 2014 set
411 1994 417 2015 ;
452 1992 568 2030 quare
590 1993 675 2023 me,
708 1979 777 2031 qui
799 1979 907 2017 nulla
927 1981 1011 2033 lege
1032 1981 1220 2026 abessem,
1252 1996 1330 2020 non
1354 1982 1501 2020 restitui
1524 1983 1632 2036 lege,
1666 1984 1729 2022 sed

339 2045 503 2082 revocari
528 2045 676 2083 senatus
698 2046 938 2092 auctoritate,
970 2056 1162 2098 oportere.

393 2111 514 2147 Hunc
549 2124 664 2148 nemo
696 2121 773 2149 erat
807 2112 903 2163 quin
938 2112 1127 2151 veriffime
1161 2113 1300 2151 sentire
1332 2114 1493 2153 diceret.
1539 2116 1611 2153 Sed
1644 2117 1727 2168 post

336 2189 424 2213 cuin
448 2187 602 2228 rogatus
625 2178 702 2214 Cn.
728 2178 938 2230 Pompeius
955 2209 965 2224 ,
997 2179 1208 2231 approbata
1236 2180 1465 2233 laudataque
1488 2181 1616 2220 Cottae
1638 2183 1724 2220 sen-

338 2243 471 2287 tentia,
505 2243 620 2288 dixit,
654 2244 726 2281 sese
759 2245 830 2282 otii
864 2246 942 2283 mei
975 2246 1098 2291 causa,
1131 2255 1174 2284 ut
1203 2248 1313 2284 omni
1344 2248 1523 2300 populari
1549 2250 1725 2287 concita·

337 2308 441 2345 tione
474 2307 720 2361 defungerer,
753 2309 919 2356 censere,
952 2321 995 2348 ut
1027 2311 1074 2349 ad
1105 2312 1255 2350 senatus
1286 2314 1555 2352 auctoritatem
1586 2316 1726 2368 populi

334 2388 492 2426 quoquc
515 2375 685 2413 Romani
709 2375 945 2415 beneficium
966 2391 1055 2430 erga
1075 2392 1138 2416 me
1154 2379 1444 2431 adjungeretur.
1465 2382 1570 2419 Cum
1587 2395 1724 2420 omnes

335 2441 528 2487 certatim,
561 2441 736 2495 aliusque
765 2443 842 2481 alio
872 2444 1027 2496 gravius
1059 2453 1176 2497 atque
1207 2446 1381 2485 ornatius
1412 2447 1459 2485 de
1490 2461 1575 2486 mea
1604 2448 1725 2487 salute
