2076 2860
660 141 1237 183 PHILIPPICA
1314 138 1369 177 11.
1638 150 1707 190 321

313 263 395 303 quo
416 248 629 303 proposito,
654 261 772 285 nemo
793 254 888 290 erat,
912 244 982 298 qui
1002 245 1044 282 in
1066 242 1149 295 ipso
1171 241 1304 279 dolore
1325 239 1447 278 risum
1469 238 1591 292 pofl'et
1612 253 1710 277 con-

315 319 454 355 tinere.
532 315 590 352 uis
612 315 720 352 enim
742 313 929 364 cuiquam
951 310 1167 353 inimicior,
1200 322 1320 360 quam
1342 307 1532 359 Dejotaro
1554 305 1678 344 Caesar
1699 307 1711 342 ?

316 396 425 435 aeque
445 391 562 434 atque
582 379 678 418 huic
700 378 845 423 ordini,
869 386 912 415 ut
933 376 1115 429 equestri,
1149 384 1192 412 ut
1215 372 1534 417 MaffilienfibuS,
1559 381 1603 410 ut
1623 385 1711 410 om-

314 449 448 494 nibus,
481 448 625 501 quibus
648 445 939 499 rempublicam
960 442 1101 496 populi
1132 441 1305 480 Romani
1326 453 1455 478 caram
1476 439 1548 477 effe
1569 438 1712 477 sentie-

315 515 395 554 bat.
435 516 577 567 Igitur,
609 527 630 551 a
658 527 738 566 quo
768 513 857 549 vivo
880 524 950 549 nec
980 509 1145 563 praesens
1177 521 1248 546 nec
1279 506 1413 544 absens
1445 519 1511 543 rex
1546 506 1711 558 Dejota-

315 595 379 619 rus
401 580 621 633 quidquam
643 579 744 632 aequi
773 577 867 616 boni
889 576 1130 629 impetravit,
1163 573 1266 626 apud
1289 581 1494 610 mortuum
1515 570 1639 609 fafitus
1661 571 1714 609 est

313 646 519 700 gratiosus.
555 645 823 698 Compellarat
855 643 1053 695 hospitem
1085 640 1262 693 praesens,
1295 647 1556 691 computarat,
1589 651 1712 691 pecu-

316 713 423 751 niam
455 712 678 764 imperarat,
708 711 749 748 in
771 711 853 762 ejus
877 706 1085 746 tetrarchia
1107 719 1231 743 unum
1253 718 1300 741 ex
1323 703 1473 741 Graecis
1495 703 1712 740 comitibus

313 778 392 817 suis
425 778 665 821 collocarat;
703 775 936 814 Armeniam
968 772 1177 810 abstulerat
1208 784 1228 807 a
1259 769 1391 807 senatu
1425 768 1569 806 datam.
1614 769 1712 807 Haec

315 845 428 882 vivus
449 844 610 896 eripuit,
643 842 812 880 reddidit
833 849 1029 878 mortuus.

373 912 430 949 At
450 910 595 962 quibus
617 909 745 946 verbis
763 909 776 945 ?
813 906 933 945 modo
954 919 1112 958 aequum
1133 903 1204 942 fibi
1227 902 1364 947 videri,
1388 901 1508 940 modo
1530 915 1609 940 non
1632 901 1712 939 ini-

314 991 457 1030 quum.
503 977 609 1013 Nlira
630 975 841 1012 verborum
862 971 1110 1025 complexio!
1146 971 1201 1008 At
1223 970 1290 1007 isse
1312 982 1519 1021 nunquam
1544 968 1714 1021 (semper

312 1044 423 1081 enim
444 1042 594 1079 absenti
615 1040 710 1078 affui
733 1039 940 1092 Dejotaro)
965 1039 1182 1091 quicquam
1205 1035 1290 1080 fibi,
1323 1035 1430 1087 quod
1453 1049 1522 1072 nos
1543 1048 1615 1087 pro
1643 1034 1714 1072 illo

310 1109 613 1163 postularemus,
632 1121 791 1160 aequum
812 1106 915 1144 dixit
935 1104 1072 1143 videri.
1098 1101 1325 1155 Syngrapha
1344 1102 1454 1139 H-S.
1477 1101 1625 1139 centies
1646 1114 1716 1154 per

314 1177 479 1229 legatos,
502 1177 605 1213 viros
627 1175 767 1219 bonos,
792 1173 856 1211 sed
877 1171 1040 1211 timidos
1061 1180 1099 1209 et
1120 1169 1342 1222 imperitos,
1370 1168 1448 1206 fine
1469 1167 1611 1213 nostra,
1634 1168 1714 1206 fine

315 1243 560 1295 reliquorum
581 1241 785 1294 hospitum
807 1240 907 1292 regis
930 1238 1135 1282 sententia,
1159 1236 1258 1274 faeta
1278 1237 1319 1274 in
1341 1248 1547 1287 gynaeceo:
1572 1248 1652 1288 quo
1673 1235 1714 1272 in

317 1310 406 1347 loco
428 1309 609 1362 plurimae
632 1321 689 1346 res
711 1307 879 1351 veniere,
912 1314 950 1343 et
970 1312 1157 1342 veneunt.
1200 1304 1291 1354 Qa
1310 1316 1357 1340 ex
1379 1300 1598 1354 syngrapha
1617 1301 1715 1354 quid

317 1377 364 1414 fis
386 1377 555 1419 acturus,
589 1373 777 1412 meditere
799 1371 949 1410 censeo.
983 1371 1070 1408 Rex
1092 1369 1200 1408 enim
1221 1368 1301 1421 ipse
1322 1368 1388 1406 sua
1407 1368 1559 1420 sponte,
1592 1367 1714 1406 nullis

317 1441 613 1480 commentariis
635 1439 810 1484 Caesaris,
844 1438 957 1476 simul
979 1447 1096 1489 atque
1117 1435 1267 1474 audivit
1288 1435 1370 1486 ejus
1392 1434 1614 1479 interitum,
1647 1434 1717 1472 suo

316 1509 450 1547 Marte
471 1521 528 1546 res
552 1507 634 1545 suas
657 1506 899 1558 recuperavit
919 1520 927 1543 ;
961 1503 1106 1541 sciebat
1134 1501 1257 1540 homo
1285 1501 1449 1553 sapiens,
1476 1502 1542 1552 jus
1564 1501 1715 1553 semper

317 1575 395 1614 hoc
417 1574 543 1619 fuiffe,
576 1583 634 1618 ut,
657 1587 742 1625 quae
765 1572 919 1624 tyranni
941 1569 1183 1623 eripuiffent,
1205 1582 1261 1613 ea,
1285 1568 1459 1618 tyrannis
1481 1565 1713 1612 interfeC'ris,

318 1642 361 1687 ii,
394 1640 539 1693 quibus
561 1649 693 1692 erepta
713 1638 846 1683 efflent,
883 1645 1167 1690 recuperarent.
1213 1635 1346 1673 Nemo
1376 1633 1500 1685 igitur
1523 1634 1714 1685 jurecon-

319 1708 458 1753 sultus,
478 1720 525 1744 ne
547 1706 614 1744 iste
635 1705 811 1758 quidem,
831 1706 901 1757 qui
922 1704 996 1742 tibi
1020 1704 1088 1741 uni
1109 1702 1162 1740 est
1177 1700 1486 1754 jureconsultus,
1505 1713 1574 1752 per
1594 1713 1715 1752 quem

318 1773 402 1813 haec
418 1775 515 1826 agis,
534 1786 581 1811 ex
602 1772 671 1810 ista
687 1770 905 1825 syngrapha
921 1770 1053 1808 deberi
1075 1769 1173 1807 dicit
1194 1781 1265 1820 pro
1286 1768 1333 1805 iis
1351 1766 1481 1811 rebus,
1501 1779 1585 1818 quae
1606 1775 1715 1804 erant

319 1850 408 1879 ante
429 1838 690 1893 syngrapham
713 1847 960 1891 recuperatae.
1001 1837 1096 1876 Non
1118 1836 1225 1873 enim
1247 1848 1268 1872 a
1289 1843 1326 1872 te
1346 1834 1472 1878 emit,
1506 1832 1569 1870 sed
1589 1834 1714 1886 prius,

318 1921 439 1961 quam
468 1916 512 1945 tu
545 1906 658 1944 suum
689 1905 759 1944 fibi
780 1905 980 1950 venderes,
1013 1903 1093 1956 ipse
1114 1901 1293 1955 poffedit.
1332 1900 1406 1939 Ille
1425 1899 1484 1938 vir
1504 1898 1610 1937 fuit:
1644 1912 1715 1938 nos

319 1974 481 2026 quidem
503 1971 800 2017 contemnendi,
831 1972 901 2023 qui
922 1971 1120 2008 aue'torem
1141 1968 1313 2012 odimus,
1345 1968 1427 2004 aaa
1447 1964 1713 2003 defendimus.

376 2039 616 2077 XXXVIII.
651 2038 761 2090 Qid
781 2051 854 2090 ego
875 2037 922 2074 de
942 2035 1237 2074 commentariis
1259 2032 1442 2077 infinitis,
1465 2031 1561 2084 quid
1583 2032 1629 2069 de
1650 2031 1715 2069 in-

319 2106 633 2143 numerabilibus
655 2102 943 2156 chirographis,
966 2103 1131 2155 loquar?
1164 2114 1335 2154 quorum
1357 2100 1475 2137 etiam
1497 2099 1714 2136 imitatores

322 2171 426 2215 sunt,
459 2171 527 2222 qui
558 2184 615 2214 ea,
647 2180 834 2221 tanquam
855 2168 1117 2221 gladiatorum
1138 2167 1312 2211 libellos,
1344 2165 1473 2218 palam
1494 2164 1713 2202 venditent.

323 2238 461 2288 Itaque
492 2236 591 2272 tanti
623 2235 748 2272 acervi
782 2247 1039 2273 nummorum
1067 2233 1171 2286 apud
1199 2231 1314 2270 istum
1344 2230 1638 2273 construuntur,
1671 2238 1716 2267 ut

316 2303 401 2355 jam
422 2300 707 2353 appendantur,
740 2313 817 2338 non
852 2309 1122 2344 numerentur,
1155 2298 1345 2351 pecuniae.
1379 2297 1434 2334 At
1466 2309 1584 2348 quam
1617 2307 1718 2332 caeca

321 2368 480 2406 avaritia
511 2367 590 2404 est!
625 2367 765 2420 Nuper
797 2366 874 2405 fixa
901 2366 1036 2404 'tabula
1067 2365 1134 2410 est,
1167 2377 1243 2416 qua
1274 2363 1451 2400 civitates
1485 2359 1714 2412 locupletis-

323 2434 427 2472 fimae
450 2432 696 2470 Cretensium
718 2432 973 2484 vestigalibus
995 2431 1234 2475 liberantur5
1269 2428 1540 2480 statuiturque,
1565 2438 1613 2462 ne
1632 2423 1717 2476 post

411 2500 542 2536 Tom.
578 2498 650 2536 VI.
1350 2495 1370 2528 S
1404 2492 1423 2528 s
