2076 2860
372 207 443 257 146
845 198 1291 238 ORATIO

368 299 507 354 populi
528 297 845 350 comprobatum.
879 294 991 331 Sacra
1016 292 1184 337 Cereris,
1216 290 1393 343 Judices,
1425 291 1578 330 summa
1598 291 1761 344 majores

368 366 488 405 nostri
520 363 710 416 religione
742 359 887 398 confici
918 358 1228 411 caeremoniaque
1255 359 1467 397 voluerunt
1484 373 1494 398 :
1527 372 1637 411 quae,
1668 372 1763 402 cum

367 433 486 472 effent
507 431 696 482 assumpta
715 428 762 465 de
784 426 962 472 Graecia,
993 435 1033 464 et
1061 439 1130 479 per
1160 426 1316 464 Graecas
1346 425 1498 478 semper
1521 434 1654 464 curata
1673 425 1764 464 sunt

368 498 579 537 sacerdotes
596 525 606 540 ,
638 504 676 532 et
699 495 836 532 Graeca
855 492 989 531 omnia
1009 492 1211 530 nominata
1229 507 1238 530 τ
1271 491 1335 530 sed
1350 521 1361 537 ,
1392 505 1487 531 cum
1507 492 1619 530 illam
1634 521 1646 537 ,
1677 505 1764 544 quae

368 566 555 603 Graecum
577 560 678 599 illud
699 560 849 598 sacrum
870 558 1114 603 monstraret,
1137 567 1176 596 et
1196 557 1356 604 faceret,
1373 571 1421 597 ex
1438 559 1593 597 Graecia
1611 558 1764 610 delige-

368 638 454 668 rent
467 647 479 674 3
508 638 638 666 tamen
660 626 761 664 sacra
781 639 851 678 pro
872 624 1026 662 civibus
1047 623 1175 661 civem
1196 623 1322 663 facere
1342 624 1568 670 voluerunt,
1590 633 1635 662 ut
1656 624 1763 662 Deos

369 693 612 733 immortales
646 691 807 729 scientia
835 690 1038 743 peregrina
1065 698 1105 728 et
1125 699 1309 735 externa,
1340 699 1473 728 mente
1494 689 1706 728 domestica
1726 698 1766 727 et

368 761 504 805 civili,
536 765 771 812 precaretur.
813 758 897 795 Has
919 755 1132 794 sacerdotes
1154 755 1267 794 video
1294 755 1375 794 fere
1394 764 1462 793 aut
1482 755 1765 808 Neapolitanas

368 836 435 865 aut
455 824 654 863 Velienses
676 822 809 868 fuifl'e,
840 821 1117 860 foederatarum
1138 821 1217 860 fine
1237 820 1361 860 dubio
1380 821 1604 860 civitatum.
1636 820 1766 859 Mitto

366 901 515 932 vetera:
537 890 719 944 proxima
738 888 847 926 dico:
871 897 960 926 ante
980 887 1182 926 civitatem
1202 887 1451 926 Veliensibus
1472 886 1618 932 datam,
1635 885 1684 924 de
1704 885 1764 925 se-

368 967 482 997 natus
504 956 694 996 sententia
715 955 974 994 C.Valerium
997 954 1203 999 Flaccum,
1226 961 1434 1006 praetorem
1454 953 1667 998 urbanum,
1689 965 1765 991 no·

367 1024 552 1063 minatim
573 1022 620 1061 ad
649 1022 845 1075 populum
866 1020 913 1058 de
935 1019 1171 1073 Calliphana
1190 1019 1372 1058 Veliense
1386 1049 1398 1065 ‚
1430 1028 1475 1058 ut
1494 1033 1538 1057 ea
1557 1019 1658 1057 civis
1676 1019 1764 1057 Ro-

367 1104 482 1131 mana
501 1089 607 1134 esset,
624 1088 767 1128 tuliffe.
791 1088 906 1127 Num
927 1087 1051 1139 igitur
1070 1095 1138 1124 aut
1157 1085 1302 1125 fundos
1323 1086 1445 1125 factos
1460 1085 1676 1131 Velienses,
1697 1093 1766 1124 aut

367 1156 606 1195 sacerdotem
626 1154 739 1193 illam
758 1154 886 1192 civem
908 1153 1131 1192 Romanam
1146 1151 1288 1190 factam
1309 1166 1389 1191 non
1409 1151 1481 1190 effe
1495 1180 1507 1197 ‚
1538 1159 1605 1190 aut
1633 1149 1764 1190 foedus

367 1231 407 1261 et
427 1235 448 1260 a
467 1222 599 1260 senatu
620 1228 659 1258 et
678 1233 700 1258 a
718 1219 868 1273 populo
888 1219 1071 1257 Romano
1090 1217 1298 1263 violatum,
1330 1217 1609 1256 arbitrabimur
1627 1217 1641 1254 ?

423 1289 558 1327 XXV.
591 1286 795 1339 Intelligo,
812 1284 989 1337 Judices,
1007 1285 1049 1322 in
1069 1284 1180 1322 causa
1198 1293 1342 1337 aperta,
1361 1284 1608 1336 minimeque
1628 1282 1762 1327 dubia,

367 1356 499 1394 multo
514 1363 552 1393 et
568 1354 681 1407 plura
695 1362 734 1391 et
749 1366 770 1390 a
786 1351 966 1405 pluribus
981 1351 1222 1404 peritiffimis
1238 1350 1311 1389 effe
1326 1350 1442 1396 dieta,
1460 1363 1581 1402 quam
1597 1362 1654 1388 res
1671 1348 1763 1402 pos-

368 1421 524 1459 tularet.
558 1420 631 1458 Sed
659 1419 699 1458 id
729 1418 879 1457 factum
903 1417 956 1456 est
970 1447 981 1463 ,
1014 1431 1093 1456 non
1114 1425 1159 1455 ut
1178 1417 1290 1455 vobis
1312 1431 1394 1455 rem
1415 1426 1497 1455 tam
1517 1416 1764 1469 perspicuam

368 1487 536 1526 dicendo
556 1486 827 1540 probaremus,
848 1498 986 1523 verum
1008 1493 1053 1523 ut
1072 1484 1256 1522 omnium
1277 1483 1578 1528 malevolorum,
1600 1482 1762 1534 iniquo-

369 1568 472 1599 rum,
491 1552 732 1597 invidorum,
749 1552 900 1590 animos
916 1550 1207 1602 frangeremus:
1232 1563 1330 1602 quos
1348 1558 1393 1587 ut
1410 1548 1608 1587 accusator
1624 1548 1764 1586 incen-

368 1620 489 1665 deret,
522 1628 565 1657 ut
585 1618 708 1670 aliqui
730 1618 924 1656 sermones
945 1616 1174 1661 hominum,
1196 1616 1333 1654 alienis
1355 1616 1470 1653 bonis
1491 1614 1763 1659 moerentium,

367 1687 487 1725 etiam
507 1685 553 1724 ad
575 1685 712 1723 vestras
734 1697 842 1722 aures
863 1691 1134 1736 permanarent
1149 1711 1162 1728 ,
1192 1691 1231 1720 et
1261 1682 1301 1720 in
1327 1681 1483 1734 judicio
1511 1680 1596 1733 ipso
1617 1679 1764 1718 redun-

368 1753 518 1797 darent,
541 1751 690 1790 idcirco
706 1751 774 1788 illa
789 1751 829 1788 in
846 1750 957 1788 omni
974 1758 1082 1801 parte
1102 1749 1289 1786 orationis
1312 1748 1386 1786 suae
1406 1757 1486 1786 arte
1505 1746 1682 1799 adspergi
1702 1746 1764 1784 vi-

369 1818 518 1856 debatis
538 1832 546 1855 :
580 1825 667 1854 tum
692 1815 901 1868 pecuniam
931 1815 981 1852 L.
1005 1813 1199 1857 Cornelii,
1230 1826 1315 1864 quae
1336 1826 1464 1863 neque
1484 1811 1675 1850 invidiosa
1694 1811 1762 1856 est,

369 1894 422 1929 et,
445 1869 748 1936 quantacunque
768 1879 836 1925 est,
858 1878 1051 1932 ejusmodi
1071 1877 1139 1923 est,
1163 1886 1207 1916 ut
1228 1877 1450 1916 conservata
1469 1877 1610 1928 magis,
1642 1890 1763 1928 quam

369 1958 561 2002 correpta,
583 1947 654 1986 effe
674 1946 870 1985 videatur:
894 1955 981 1983 tum
1002 1945 1216 1989 luxuriam,
1234 1958 1319 1996 quae
1340 1957 1420 1982 non
1442 1943 1608 1981 crimine
1629 1942 1765 1995 aliquo

368 2015 563 2058 libidinis,
582 2013 644 2051 sed
661 2012 866 2051 communi
882 2010 1105 2056 maledieto,
1124 2010 1351 2048 notabatur:
1371 2018 1459 2047 tum
1472 2007 1764 2053 Tusculanum,

368 2081 476 2135 quod
497 2078 727 2131 QMetelli
747 2077 860 2116 fuiffe
880 2077 1127 2121 meminerat,
1149 2085 1189 2114 et
1209 2077 1258 2115 L.
1276 2075 1410 2114 Craffi.
1435 2074 1612 2113 Craffum
1633 2073 1765 2112 emiffe

368 2148 415 2186 de
436 2145 623 2185 libertino
643 2144 821 2189 homine,
844 2144 1018 2182 Soterico
1042 2143 1198 2181 Marcio
1211 2161 1222 2189 ς
1246 2142 1293 2180 ad
1314 2141 1530 2180 Metellum
1550 2139 1763 2193 pervenisse

368 2216 415 2253 de
437 2213 608 2252 Venonii
630 2211 808 2250 Vindicii
831 2211 960 2255 bonis,
982 2224 1063 2249 non
1084 2210 1241 2248 tenebat
1259 2225 1268 2248 :
1292 2209 1405 2247 fimul
1428 2208 1529 2246 illud
1550 2207 1761 2254 nesciebat,

369 2279 605 2334 praediorum
627 2277 778 2316 nullam
799 2276 871 2315 esse
891 2285 1078 2329 gentem;
1102 2276 1374 2329 emptionibus
1395 2288 1439 2313 ca
1458 2274 1578 2313 solere
1598 2273 1695 2327 saepe
1715 2274 1763 2312 ad

368 2348 513 2386 alienos
535 2344 732 2390 homines,
755 2343 851 2398 saepe
871 2343 917 2382 ad
938 2342 1112 2388 infimos,
1144 2356 1224 2381 non
1245 2342 1414 2395 legibus,
1445 2351 1633 2395 tanquam
1653 2349 1761 2380 tute·

371 2415 438 2460 las,
467 2412 682 2466 pervenire.
