2076 2860
368 212 421 260 64
841 208 1284 247 ORATIO

368 312 550 349 omnium
583 311 758 353 decreta,
791 307 838 346 de
865 323 928 346 me
957 308 1183 362 reipublicae
1211 308 1321 346 causa
1341 308 1412 346 effe
1433 307 1531 347 facta
1551 307 1757 349 fateamur,

371 378 479 429 Qid
501 390 606 428 ergo,
638 375 759 413 homo
780 372 1065 427 imperitissime
1094 374 1224 413 solidae
1255 374 1396 419 laudis,
1428 389 1471 413 ac
1500 389 1596 414 verae
1626 375 1760 428 digni-

370 444 474 487 tatis,
498 441 737 495 praestantius
758 439 860 478 mihi
880 441 1012 493 potuit
1032 440 1206 478 accidere
1225 442 1239 478 ?
1260 441 1359 492 quid
1379 441 1592 494 optabilius
1614 441 1661 478 ad
1682 442 1761 479 im-

368 508 649 546 mortalitatem
669 506 802 557 gloriae
817 534 828 550 ‚
861 514 978 557 atque
998 505 1046 542 ad
1065 506 1297 543 memoriam
1317 507 1395 543 mei
1421 507 1593 544 nominis
1614 506 1760 559 sempi-

370 583 534 616 ternam,
567 585 686 623 quam
714 583 849 608 omnes
880 569 957 607 hoc
987 571 1089 608 cives
1120 584 1227 608 meos
1243 570 1434 623 judicare,
1467 572 1637 610 civitatis
1659 572 1761 610 salu-

371 648 451 676 tem
471 651 564 675 cum
585 650 670 674 mea
690 637 806 674 unius
827 635 948 673 salute
968 634 1040 672 effe
1061 636 1342 686 conjunecam?
1366 636 1486 688 Qod
1507 637 1669 689 quidem
1690 650 1763 689 ego

371 704 445 742 tibi
466 704 584 741 reddo
605 712 742 740 tuum:
766 715 871 746 nam,
894 710 938 739 ut
959 710 1001 739 tu
1022 714 1085 739 me
1105 713 1240 738 carum
1260 701 1332 738 effe
1352 701 1483 740 dixisti
1504 702 1665 748 senatui,
1688 716 1762 756 po-

371 770 546 822 puloque
568 769 750 806 Romano
765 797 775 813 ,
806 780 887 805 non
908 775 988 804 tam
1008 780 1093 804 mea
1113 766 1223 804 causa
1237 795 1248 811 ,
1281 780 1400 818 quam
1424 767 1651 819 reipublicae
1668 786 1679 812 ;
1713 768 1764 806 fic

371 849 444 887 ego
466 845 517 879 te,
550 847 775 887 quanquam
805 833 850 870 fis
881 833 989 870 omni
1020 832 1175 870 diritate
1196 841 1312 884 atque
1340 833 1587 870 immanitate
1608 834 1763 871 teterri-

372 915 476 945 mus,
509 910 639 938 tamen
658 900 749 938 dico
769 899 841 938 effe
861 898 952 936 odio
972 899 1124 937 civitati
1145 911 1223 936 non
1244 906 1325 936 tam
1347 907 1429 944 tuo,
1462 912 1581 951 quam
1602 898 1765 952 reipub-

373 968 472 1013 licae,
504 967 679 1005 nomine.

429 1035 501 1072 IV.
534 1035 683 1086 Atque,
711 1041 755 1070 ut
774 1031 985 1084 aliquando
1005 1031 1051 1069 ad
1074 1040 1110 1069 te
1130 1032 1298 1076 veniam,
1321 1031 1368 1069 de
1388 1045 1451 1069 me
1471 1030 1548 1069 hoc
1570 1031 1615 1069 fit
1634 1040 1765 1070 extre·-

374 1114 500 1139 mum.
577 1099 643 1137 uid
665 1098 829 1152 quisque
851 1098 1024 1136 nostrum
1047 1098 1093 1135 de
1114 1097 1149 1135 se
1171 1098 1249 1150 ipse
1269 1098 1466 1150 loquatur,
1491 1111 1569 1136 non
1590 1097 1643 1136 est
1663 1098 1764 1143 sane,

374 1179 451 1203 non
473 1165 539 1209 est,
573 1164 851 1216 requirendum
871 1179 878 1202 :
913 1164 1007 1201 boni
1028 1164 1101 1201 viri
1116 1163 1299 1215 judicent
1317 1179 1325 1201 :
1359 1163 1399 1201 id
1419 1163 1472 1201 est
1492 1164 1657 1201 maximi
1676 1177 1765 1201 mo-

375 1232 498 1269 menti
515 1241 552 1268 et
569 1230 766 1283 ponderis,
786 1231 880 1268 Duo
897 1230 985 1267 sunt
1002 1239 1191 1282 tempora,
1210 1230 1354 1282 quibus
1377 1229 1596 1267 nostrorum
1617 1230 1767 1267 civium

375 1296 594 1348 spectentur
604 1296 755 1348 judicia
770 1295 816 1332 de
834 1296 967 1333 nobis:
988 1310 1114 1333 unum
1129 1294 1305 1340 honoris,
1323 1295 1490 1333 alterum
1506 1294 1654 1332 salutis.
1674 1294 1766 1332 Ho-

376 1375 445 1399 nos
468 1362 553 1398 talis
575 1362 712 1414 populi
736 1362 906 1399 Romani
927 1361 1129 1399 voluntate
1149 1362 1282 1413 paucis
1303 1360 1356 1398 est
1376 1360 1542 1405 delatus,
1573 1374 1616 1398 ac
1637 1359 1765 1405 mihi;

376 1427 473 1464 salus
497 1437 604 1464 tanto
626 1427 751 1465 studio
773 1427 942 1465 civitatis
965 1428 1116 1465 nemini
1138 1426 1285 1465 reddita
1304 1442 1312 1464 ε
1347 1426 1393 1464 de
1424 1436 1460 1464 te
1480 1435 1611 1464 autem
1631 1425 1767 1465 homi-

376 1507 441 1530 nes
464 1493 560 1545 quid
582 1493 762 1537 sentiant,
795 1494 835 1530 in
856 1492 1005 1530 honore
1025 1494 1175 1545 experti
1192 1492 1350 1536 sumus;
1384 1493 1424 1530 in
1447 1492 1566 1530 salute
1587 1493 1767 1545 expecta-

375 1571 478 1595 mus.
510 1559 577 1602 Et,
601 1568 643 1595 ut
665 1572 712 1595 ne
733 1572 795 1605 me
816 1572 909 1596 cum
929 1556 1091 1596 homine
1112 1572 1205 1603 uno,
1229 1572 1306 1595 non
1330 1557 1456 1596 solum
1476 1557 1768 1610 impudentiffi-

375 1637 442 1661 mo
462 1633 578 1675 atque
600 1623 752 1669 infimo,
770 1623 970 1661 conferam
984 1643 996 1669 5
1019 1623 1067 1661 de
1088 1632 1125 1661 te
1145 1623 1242 1676 ipso,
1264 1623 1428 1661 homine
1448 1632 1486 1662 et
1506 1623 1768 1675 arrogantiffi-

376 1703 442 1726 mo
463 1698 500 1726 et
521 1687 623 1726 mihi
643 1689 926 1733 inimiciffimo,
958 1702 1104 1741 quaero,
1137 1689 1288 1734 Vatini,
1320 1698 1455 1727 utrum
1477 1688 1635 1727 tandem
1654 1697 1769 1742 putes

375 1753 471 1792 huic
492 1755 658 1799 civitati,
690 1754 784 1791 huic
805 1754 1046 1806 reipublicae,
1077 1753 1173 1791 huic
1194 1754 1297 1799 urbi,
1329 1754 1391 1792 his
1413 1755 1589 1807 templis,
1621 1756 1768 1801 aerario‚

376 1820 508 1869 curiae,
540 1819 631 1856 viris
663 1817 741 1863 his,
774 1832 872 1870 quos
904 1818 1026 1863 vides,
1058 1817 1202 1856 horum
1237 1819 1367 1863 bonis,
1398 1818 1585 1864 fortunis,
1618 1820 1768 1866 liberis,

377 1884 530 1921 civibus
551 1884 714 1927 crateris,
733 1883 902 1935 denique
923 1884 1102 1921 Deorum
1122 1883 1410 1921 immortalium
1431 1883 1621 1929 delubris,
1639 1885 1770 1938 auspi-

379 1950 465 1994 ciis,
498 1949 770 2001 religionibus,
801 1949 943 1987 melius
976 1948 1088 1986 fuisse
1118 1958 1157 1986 et
1187 1948 1457 2001 praestabilius,
1490 1962 1553 1987 me
1580 1950 1709 1988 civem
1729 1951 1771 1989 in

379 2013 452 2053 hac
473 2015 629 2052 civitate
650 2014 778 2060 nasci,
809 2028 856 2052 an
878 2023 915 2052 te
935 2016 947 2052 ?
981 2016 1086 2053 Cum
1107 2013 1209 2053 mihi
1229 2014 1312 2054 haec
1333 2015 1573 2068 responderis
1589 2045 1600 2061 ,
1631 2025 1698 2054 aut
1718 2018 1773 2056 ita

379 2080 630 2133 impudenter
645 2110 654 2124 ‚
687 2090 730 2118 ut
750 2094 888 2119 manus
909 2094 930 2118 a
950 2090 986 2118 te
1007 2080 1188 2119 homines
1209 2082 1275 2120 vix
1295 2081 1484 2120 abstinere
1505 2081 1671 2135 poffint;
1704 2092 1771 2121 aut

382 2148 435 2185 ita
454 2147 631 2185 dolenter
646 2177 656 2191 ‚
690 2156 732 2185 ut
752 2147 962 2200 aliquando
983 2148 1051 2186 ista
1066 2178 1075 2192 ,
1107 2162 1193 2201 quae
1215 2148 1302 2186 sunt
1323 2148 1476 2194 inflata,
1508 2158 1768 2202 rumpantur:

382 2222 468 2251 tum
490 2213 717 2250 memoriter
737 2212 967 2266 respondeto
988 2213 1035 2251 ad
1054 2228 1110 2259 ea,
1143 2228 1228 2266 quae
1250 2214 1296 2252 de
1317 2223 1354 2252 te
1375 2214 1458 2268 ipso
1478 2228 1629 2266 rogaro.

437 2279 488 2316 V.
522 2279 656 2331 Atque
690 2278 790 2316 illud
824 2279 1214 2317 tenebricofiffimum
1250 2289 1405 2333 tempus
1440 2280 1613 2319 ineuntis
1648 2282 1771 2320 aetatis

382 2354 457 2382 tuae
478 2345 599 2397 patiar
619 2344 750 2383 latere.
775 2345 889 2383 Licet
910 2346 1073 2398 impune
1093 2360 1160 2399 per
1180 2360 1243 2384 me
1264 2347 1427 2399 parietes
1448 2347 1490 2384 in
1511 2347 1770 2386 adolescentia

383 2409 610 2463 perfoderis,
642 2410 793 2448 vicinos
814 2411 1055 2464 compilaris,
1087 2421 1252 2450 matrem
1272 2412 1483 2451 verberaris
1503 2429 1511 2452 :
1535 2412 1675 2452 habeat
1695 2412 1772 2451 hoc

384 2468 589 2531 praemium
612 2485 677 2515 tua
697 2476 926 2529 indignitas,
960 2485 1003 2516 ut
1023 2477 1290 2517 adolescentiae
1312 2478 1517 2533 turpitudo
1537 2478 1784 2532 obscuritate»
