2076 2860
489 204 565 255 276
874 201 1337 247 ORATIO,
1418 202 1497 240 &c.

488 303 668 356 Propone
690 303 765 340 tibi
786 301 882 339 duos
905 314 1028 353 rege8‚
1051 310 1089 339 et
1110 300 1149 339 id
1171 302 1304 340 animo
1325 302 1609 356 contemplare,
1631 303 1739 356 quod
1760 305 1888 344 oculis

487 383 568 407 non
589 378 727 422 potes:
762 367 870 405 dabis
898 366 1075 419 profesto
1105 367 1405 413 misericordiae‚
1438 369 1545 422 quod
1574 370 1785 409 iracundiae
1815 385 1886 409 ne-

488 435 638 488 gavisti.
681 434 816 472 Multa
846 433 935 472 sunt
966 443 1041 472 tuae
1071 435 1291 473 clementiae
1312 444 1598 482 monumenta5
1631 436 1695 475 sed
1716 438 1890 476 maxime

489 516 625 540 eorum
648 501 957 546 incolumitates,
977 501 1122 554 quibus
1145 501 1307 539 salutem
1330 502 1490 540 dedisti:
1514 517 1600 555 quae
1618 504 1643 542 fi
1665 504 1705 541 in
1727 504 1887 557 privatis

489 567 655 620 gloriosa
671 567 775 612 sunt,
794 567 924 604 multo
941 568 1065 619 magis
1083 567 1503 606 commemorabuntur
1518 568 1560 606 in
1577 569 1751 621 regibus.
1776 571 1887 608 Sem-

489 648 557 687 per
578 634 731 686 regium
754 647 898 671 nomen
921 634 960 671 in
983 633 1055 671 hac
1077 635 1235 672 civitate
1257 634 1432 672 sanctum
1453 633 1557 680 fuit,
1581 634 1778 674 sociorum
1798 650 1890 674 vero

490 715 628 754 regum
649 710 687 738 et
708 701 942 745 amicorum,
975 700 1268 740 sanstiffimum.

545 768 638 806 XV.
664 767 783 820 Qod
806 781 950 804 nomen
973 767 1014 805 hi
1037 781 1144 820 reges
1167 782 1214 805 ne
1235 768 1476 813 amitterent,
1499 777 1537 807 te
1557 768 1717 814 victore,
1741 770 1889 808 timue-

491 844 582 873 runt
603 850 610 873 :
645 844 842 872 retentum
868 849 972 879 vero,
1004 844 1042 872 et
1063 849 1083 872 a
1104 844 1141 873 te
1162 835 1457 881 confirmatum,
1489 835 1651 888 posteris
1672 836 1793 874 etiam
1813 836 1890 875 suis

491 901 701 940 tradituros
723 900 795 939 effe
816 901 988 940 confido.
1014 902 1190 954 Corpora
1209 915 1299 940 vero
1320 901 1384 940 sua
1404 916 1476 955 pro
1496 901 1618 941 salute
1638 916 1777 956 regum
1798 902 1890 942 suo-

492 983 580 1007 rum
601 968 644 1006 hi
665 968 783 1021 legati
806 968 881 1006 tibi
902 969 999 1021 regii
1022 968 1195 1014 tradunt,
1229 970 1386 1014 Hieras,
1418 978 1456 1007 et
1478 969 1709 1015 Blesamius,
1741 979 1780 1008 et
1800 971 1890 1008 An-

492 1036 651 1088 tigonus
668 1065 679 1080 ,
713 1035 787 1072 tibi
819 1034 1009 1088 nobisque
1031 1035 1218 1073 omnibus
1235 1036 1320 1087 jam
1345 1036 1413 1073 diu
1434 1037 1548 1081 noti3
1581 1035 1794 1089 eademque
1815 1036 1893 1075 fide

492 1111 530 1140 et
551 1102 697 1140 virtute
718 1100 903 1154 praeditus
927 1101 1140 1153 Dorylaus,
1172 1102 1242 1154 qui
1263 1115 1388 1154 nuper
1408 1115 1501 1140 cum
1524 1102 1646 1140 Hiera
1666 1103 1816 1155 legatus
1839 1102 1893 1141 est

492 1168 539 1206 ad
561 1178 597 1205 te
619 1167 752 1205 miffus
770 1186 782 1212 5
812 1176 898 1204 tum
920 1181 1058 1219 regum
1079 1167 1314 1212 amicissimi,
1340 1177 1426 1205 tum
1448 1167 1522 1205 tibi
1543 1168 1678 1213 etiam,
1702 1178 1745 1206 ut
1766 1168 1893 1221 spero,

493 1234 663 1287 probati.
689 1234 865 1286 Exquire
887 1233 933 1271 de
955 1234 1161 1279 Blesamio,
1185 1248 1282 1272 num
1305 1234 1401 1286 quid
1423 1233 1468 1271 ad
1490 1247 1623 1286 regem
1644 1243 1781 1272 contra
1800 1235 1891 1288 dig-

494 1301 659 1339 nitatem
680 1309 788 1337 tuam
810 1299 1017 1352 scripserit.
1066 1300 1206 1337 Hieras
1229 1300 1391 1352 quidem
1413 1299 1567 1337 causam
1587 1314 1749 1338 omnem
1770 1300 1892 1339 susci-

493 1368 574 1420 pit,
606 1377 644 1405 et
665 1366 901 1404 criminibus
924 1366 1003 1403 illis
1026 1380 1097 1418 pro
1119 1379 1207 1418 rege
1228 1365 1264 1403 se
1286 1365 1472 1418 supponit
1494 1379 1626 1411 reum,
1659 1368 1893 1406 memoriam

495 1442 603 1471 tuam
624 1432 824 1486 implorat,
858 1446 934 1485 qua
954 1432 1056 1470 vales
1078 1432 1299 1485 plurimum
1318 1447 1326 1470 ε
1362 1440 1476 1483 negat
1498 1445 1674 1484 unquam
1696 1432 1731 1470 se
1752 1446 1773 1470 a
1792 1442 1830 1471 te
1851 1434 1892 1471 in

496 1501 673 1553 Dejotari
706 1499 914 1538 tetrarchia
937 1499 1078 1552 pedem
1099 1498 1298 1536 discessisse
1317 1514 1325 1537 :
1359 1499 1400 1535 in
1421 1499 1560 1551 primis
1582 1499 1730 1537 finibus
1752 1499 1827 1537 tibi
1857 1500 1894 1538 se

494 1566 631 1620 praesto
652 1565 764 1604 fuisse
785 1565 883 1603 dicit
898 1596 909 1611 ,
942 1566 1064 1618 usque
1084 1565 1131 1603 ad
1153 1565 1316 1603 ultimos
1338 1565 1590 1618 prosecutum
1610 1581 1618 1604 :
1652 1579 1745 1604 cum
1765 1580 1785 1604 e
1807 1566 1892 1605 bal-

494 1646 567 1671 neo
588 1631 738 1677 exisses,
762 1641 894 1669 tecum
916 1631 951 1669 se
972 1631 1099 1677 fuiffe,
1132 1646 1224 1669 cum
1245 1631 1313 1669 illa
1333 1645 1496 1669 munera
1516 1631 1739 1684 inspexiffes
1760 1645 1894 1671 coena-

496 1709 573 1745 tus,
596 1713 691 1737 cum
713 1700 751 1736 in
774 1698 964 1736 cubiculo
985 1698 1220 1736 recubuiffes
1238 1717 1249 1743 ;
1277 1698 1519 1751 eandemque
1539 1698 1798 1736 affiduitatem
1820 1700 1896 1738 tibi

496 1766 531 1804 se
554 1765 755 1818 praebuiss‘e
775 1764 974 1817 postridie.
1020 1765 1293 1817 Qamobrem
1308 1794 1319 1809 ,
1352 1764 1378 1802 fi
1400 1765 1497 1817 quid
1517 1778 1655 1802 eorum
1670 1794 1681 1810 ‚
1713 1779 1798 1818 quae
1819 1766 1894 1804 ob-

492 1834 595 1885 jecta
616 1831 703 1869 sunt
720 1860 729 1876 ‚
762 1831 981 1882 cogitatum
1005 1831 1075 1875 fit,
1108 1844 1187 1868 non
1209 1830 1356 1868 recusat
1372 1860 1382 1875 ‚
1415 1831 1513 1882 quin
1544 1831 1584 1868 id
1604 1830 1758 1869 facinus
1780 1832 1894 1870 suum

494 1897 662 1951 judices.
708 1896 906 1947 roirca
922 1925 932 1940 ,
966 1897 1014 1934 C.
1041 1895 1189 1940 Caesar,
1222 1895 1343 1933 velim
1363 1895 1560 1933 existimes
1575 1924 1586 1940 ‚
1618 1895 1811 1934 hodierno
1832 1897 1896 1935 die

500 1963 730 2002 sententiam
753 1971 861 2000 tuam
882 1971 947 2000 aut
972 1976 1065 2000 cum
1088 1951 1242 2000 summo
1263 1961 1450 1999 dedecore
1471 1961 1728 2001 miserrimam
1749 1962 1895 2015 pestem

501 2032 801 2082 importaturam
822 2028 893 2066 effe
914 2028 1088 2081 regibus,
1111 2037 1177 2066 aut
1198 2028 1442 2066 incolumem
1463 2026 1609 2065 famam
1630 2041 1723 2066 cum
1745 2027 1865 2066 salute
1883 2045 1893 2068 ι

499 2109 669 2149 quorum
691 2095 857 2132 alterum
877 2104 1025 2147 optare,
1048 2094 1211 2134 illorum
1231 2093 1474 2133 crudelitatis
1495 2093 1576 2141 est3
1608 2094 1775 2134 alterum
1795 2107 1896 2135 con-

503 2163 660 2207 servare,
692 2161 911 2199 clementia:
933 2169 1021 2200 tuae.
