2076 2860
678 176 827 214 PRO
889 176 1233 216 MILONE.
1586 195 1659 233 ιφ

313 277 388 315 ΧΙ.
422 276 536 321 Haec,
556 274 654 314 ficut
669 275 846 329 exposui,
865 277 919 314 ita
934 276 1038 329 gesta
1053 276 1158 322 sunt,
1175 277 1359 329 Judices:
1379 279 1580 318 infidiator
1596 282 1661 319 su-

255 353 427 397 peratus,
445 343 483 381 vi
504 343 605 380 vieta
623 343 698 388 vis,
716 342 777 381 vel
798 343 931 395 potius
953 344 1127 396 oppreffa
1148 344 1293 382 virtute
1314 345 1472 384 audacia
1491 347 1557 385 est.
1579 349 1660 386 Ni·

255 410 316 448 hil
336 409 441 455 dico,
463 408 561 462 quid
582 408 803 461 respublica
823 409 1032 447 consecuta
1052 410 1125 455 fit;
1160 410 1278 457 nihil,
1302 412 1399 465 quid
1419 426 1514 458 vos5
1540 413 1658 459 nihil,

254 476 352 529 quid
373 488 509 515 omnes
533 475 650 514 boni:
676 474 779 513 nihil
801 475 887 514 sane
908 476 949 513 id
969 476 1089 529 profit
1112 477 1277 523 Miloni,
1297 479 1366 530 qui
1388 478 1464 517 hoc
1486 478 1567 517 fato
1589 494 1659 518 na-

254 553 317 581 tus
339 542 408 588 est,
440 551 485 581 ut
505 556 554 581 ne
574 542 611 580 se
631 542 795 595 quidem
816 542 961 580 servare
981 544 1170 595 potuerit,
1203 546 1301 596 quin
1333 558 1410 582 una
1436 547 1659 598 rempubli—

254 623 342 647 cam
363 608 508 662 vosque
529 609 706 647 servaret.
741 609 779 646 Si
811 609 850 646 id
875 610 965 660 jure
995 623 1075 647 non
1097 610 1246 662 poffet;
1281 610 1384 648 nihil
1405 611 1532 649 habeo
1553 613 1660 665 quod

254 675 479 714 defendam.
513 676 579 713 Sin
613 674 690 713 hoc
722 684 760 712 et
793 675 892 712 ratio
925 674 1064 720 doctis,
1097 686 1135 712 et
1168 676 1366 713 necefiitas
1402 677 1589 723 barbaris,
1621 689 1659 717 et

254 756 341 781 mos
363 742 566 795 gentibus,
599 751 638 780 et
658 741 750 780 feris
774 751 910 780 natura
929 742 1010 794 ipsa
1029 742 1276 794 praescripfit,
1309 751 1352 780 ut
1373 757 1534 782 omnem
1557 745 1658 783 sem-

254 822 326 861 per
354 809 452 854 vim,
485 821 722 861 quacunque
754 821 828 860 ope
855 807 1021 860 poffent,
1052 821 1072 845 a
1099 821 1277 860 corpore,
1309 822 1329 845 a
1357 810 1498 861 capite,
1532 823 1552 847 a
1582 812 1662 848 vita

254 873 320 911 sua
339 873 637 926 propulsarent3
661 886 740 910 non
762 872 921 924 potestis
943 871 1020 910 hoc
1041 872 1196 911 facinus
1218 874 1449 926 improbum
1465 875 1658 926 judicare,

254 941 353 992 quin
375 941 490 978 fimul
505 939 711 992 judicetis,
743 939 947 985 omnibus,
979 940 1049 992 qui
1078 940 1119 977 in
1141 941 1310 978 latrones
1333 941 1561 987 inciderint,
1594 951 1661 980 aut

253 1007 417 1045 illorum
439 1006 543 1051 telis,
575 1016 641 1044 aut
662 1005 794 1044 vestris
817 1006 1035 1052 sententiis,
1067 1006 1139 1045 effe
1159 1007 1420 1059 pereundum.

309 1071 431 1123 Qod
452 1071 479 1109 fi
500 1072 554 1110 ita
573 1071 766 1124 putaffet;
790 1081 894 1110 certe
915 1072 1132 1125 optabilius
1156 1073 1307 1110 Miloni
1329 1072 1407 1110 fuit
1428 1073 1516 1111 dare
1532 1073 1658 1126 jugu-

252 1138 339 1177 lum
361 1140 406 1178 P.
432 1139 592 1184 Clodio,
625 1152 704 1177 non
726 1139 844 1177 semel
865 1139 913 1177 ab
935 1139 1021 1184 illo,
1053 1154 1181 1192 neque
1210 1150 1297 1178 tum
1327 1141 1520 1193 primum,
1553 1143 1656 1194 peti-

253 1214 362 1250 tum,
394 1218 513 1258 quam
528 1205 705 1257 jugulari
726 1219 747 1242 a
765 1205 878 1243 vobis
892 1235 903 1250 ‚
936 1207 1029 1258 quia
1050 1206 1085 1243 se
1106 1206 1168 1243 illi
1190 1220 1268 1244 non
1286 1207 1556 1258 jugulandum
1579 1216 1657 1245 tra-

252 1272 421 1310 didisset.
467 1273 534 1310 Sin
564 1271 641 1309 hoc
672 1286 789 1310 nemo
818 1272 989 1310 vestrum
1010 1273 1064 1310 ita
1085 1272 1230 1318 sentit3
1264 1273 1365 1311 illud
1381 1275 1464 1326 jam
1487 1275 1527 1312 in
1545 1275 1657 1326 judi—

253 1339 364 1376 cium
395 1339 516 1384 venit,
550 1351 644 1382 non,
677 1338 877 1376 occisusne
910 1338 975 1383 fit,
1008 1338 1117 1390 quod
1148 1338 1348 1385 fatemur;
1383 1341 1444 1378 sed
1474 1342 1577 1392 jure,
1610 1355 1659 1379 an

253 1406 417 1457 injuria:
437 1405 545 1457 quod
561 1405 700 1443 multis
717 1406 757 1443 in
780 1405 900 1443 caufis
922 1405 1019 1457 saepe
1041 1405 1248 1458 quaefitum
1269 1405 1336 1444 est.
1357 1407 1518 1444 Insidias
1539 1407 1657 1445 saetas

252 1471 326 1510 effe
345 1471 495 1510 constat
513 1486 522 1510 :
554 1480 593 1509 et
618 1471 659 1509 id
688 1471 742 1510 est
756 1501 767 1517 ,
799 1471 908 1525 quod
929 1471 1082 1510 senatus
1103 1481 1240 1510 contra
1260 1473 1552 1525 rempublicam
1572 1473 1657 1512 fac-

252 1547 342 1576 tum
357 1538 568 1590 judicavit.
600 1538 666 1576 Ab
688 1547 777 1577 utro
797 1538 908 1576 factae
927 1538 1017 1583 sint,
1049 1539 1248 1577 incertum
1268 1538 1345 1577 est:
1371 1539 1418 1577 de
1437 1538 1514 1577 hoc
1537 1540 1660 1592 igitur

253 1603 379 1641 latum
400 1603 454 1641 est
474 1613 518 1641 ut
539 1613 790 1655 quaereretur.
810 1605 870 1641 Ita
889 1612 928 1641 et
949 1603 1101 1641 senatus
1123 1617 1221 1649 rem,
1241 1617 1319 1641 non
1341 1603 1564 1649 hominem,
1583 1619 1657 1643 no-

255 1669 380 1714 tavit;
412 1678 451 1706 et
473 1670 686 1721 Pompeius
708 1669 755 1707 de
770 1670 874 1722 jure,
907 1682 988 1707 non
1009 1669 1056 1706 de
1077 1667 1193 1714 facto,
1227 1669 1482 1722 quaestionem
1506 1670 1615 1709 tulit.

310 1735 406 1773 XII.
440 1735 556 1774 Num
577 1735 673 1788 quid
695 1735 819 1788 igitur
839 1734 946 1773 aliud
966 1736 1007 1773 in
1024 1734 1226 1787 judicium
1247 1735 1369 1780 venit,
1389 1736 1458 1773 nis1
1477 1745 1563 1774 uter
1580 1737 1658 1774 utri

255 1799 409 1837 infidias
430 1798 596 1837 fecerit?
620 1799 797 1852 profecto
817 1799 935 1838 nihil.
961 1799 1000 1837 Si
1019 1799 1087 1837 hic
1108 1799 1193 1844 illi;
1218 1809 1262 1838 ut
1284 1813 1331 1837 ne
1353 1799 1397 1838 fit
1419 1801 1605 1853 impune:
1630 1801 1658 1839 fi

254 1864 322 1903 ille
342 1864 463 1910 huic,
489 1875 576 1904 tum
598 1878 668 1903 nos
690 1865 831 1903 scelere
852 1865 1062 1903 solvamur.
1080 1866 1268 1917 Qonam
1290 1865 1413 1917 igitur
1428 1869 1541 1918 pacto
1562 1881 1655 1919 pro-

254 1931 337 1969 bari
356 1931 483 1984 potest
497 1961 508 1976 ,
539 1931 695 1970 infidias
717 1932 866 1970 Miloni
891 1931 1021 1970 feciffe
1043 1931 1235 1969 Clodium
1253 1933 1265 1969 ?
1299 1933 1396 1970 Satis
1419 1932 1472 1970 est
1492 1933 1657 1985 quidem

251 1997 294 2034 in
326 1997 395 2035 illa
427 2007 507 2035 tam
539 1997 697 2043 audaci,
730 2007 811 2035 tam
844 1997 991 2035 nefaria
1023 1997 1177 2042 bellua,
1210 1997 1372 2043 docere,
1405 2012 1588 2050 magnam
1622 2000 1657 2037 ei

252 2063 428 2108 causam,
461 2077 646 2116 magnam
668 2063 774 2116 spem
797 2064 837 2101 in
859 2063 1030 2101 Milonis
1053 2073 1181 2101 morte
1202 2065 1462 2116 propositam,
1496 2079 1656 2117 magnas

255 2129 444 2167 utilitates
465 2129 592 2168 fuiffe.
626 2131 763 2182 Itaque
784 2128 886 2166 illud
909 2129 1147 2175 Caffianum,
1181 2130 1254 2168 Cui
1270 2130 1501 2182 bonofuerit,
1529 2132 1569 2169 in
1592 2131 1653 2169 his

253 2194 426 2246 personis
459 2195 610 2233 valeat:
643 2195 710 2232 etfi
744 2194 838 2232 boni
871 2196 984 2233 nullo
1014 2196 1288 2234 emolumento
1318 2197 1582 2249 impelluntur
1614 2199 1655 2234 in

254 2258 446 2304 fraudem,
480 2260 654 2312 improbi
676 2259 771 2313 saepe
792 2275 924 2313 parvo.
958 2262 1101 2314 Atqui,
1128 2262 1287 2300 Nlilone
1309 2261 1530 2307 interfeeto,
1556 2263 1654 2300 Clo-

254 2325 341 2362 dius
362 2324 439 2363 hoc
461 2325 729 2377 assequebatur
743 2356 754 2371 ‚
787 2340 865 2365 non
888 2328 1008 2365 modo
1039 2338 1083 2366 ut
1111 2337 1254 2381 praetor
1274 2327 1365 2365 effet
1388 2341 1466 2365 non
1488 2342 1534 2365 eo
1555 2342 1651 2366 con-

254 2390 348 2435 sule,
373 2404 452 2442 quo
474 2391 626 2429 sceleris
649 2390 751 2429 nihil
773 2391 899 2431 facere
919 2392 1069 2445 poffet3
1102 2393 1167 2431 sed
1188 2393 1307 2431 etiam
1330 2402 1373 2430 ut
1394 2392 1456 2430 his
1479 2392 1654 2430 consuli-

256 2457 327 2494 bus
351 2466 490 2508 praetor
511 2456 615 2502 effet,
648 2458 793 2510 quibus
815 2458 842 2497 si
864 2472 943 2498 non
965 2459 1257 2510 adjuvantibus,
1291 2468 1327 2496 at
1349 2459 1654 2496 conniventibus
