2076 2860
929 131 1160 188 [397]

387 569 508 644 M.
637 564 1698 641 ANTONIUM

673 809 1248 851 PHILIPPICA
1326 810 1406 849 IX.

345 1037 380 1076 Ι.
400 1029 520 1136 V
537 1035 571 1074 E
589 1035 623 1073 L
641 1035 674 1073 L
693 1035 726 1073 E
744 1033 794 1072 M
808 1063 820 1080 ‚
853 1034 925 1073 Dii
959 1033 1203 1073 immortales
1238 1033 1417 1073 fecifi‘ent
1432 1063 1442 1080 ‚
1476 1033 1607 1074 Patres
1643 1049 1741 1074 con-

523 1101 673 1154 scripti,
702 1108 748 1139 ut
767 1100 856 1138 vivo
877 1100 1010 1153 potius
1033 1101 1138 1140 Serv.
1164 1101 1341 1153 Sulpicio
1361 1101 1503 1154 gratias
1524 1115 1742 1154 ageremus,

346 1181 468 1221 quam
488 1176 647 1207 mortuo
667 1166 836 1205 honores
859 1180 1136 1220 quaererernus.
1171 1167 1260 1205 Nec
1280 1180 1372 1205 vero
1393 1166 1549 1213 dubito,
1581 1168 1693 1221 quin,
1717 1168 1744 1206 fi

343 1234 414 1272 ille
443 1234 502 1272 vir
531 1233 772 1285 legationem
799 1233 1023 1271 renuntIare
1049 1233 1250 1285 potuiffet,
1281 1233 1429 1272 reditus
1458 1235 1541 1286 ejus
1562 1243 1601 1272 et
1628 1234 1744 1273 nobis

344 1308 478 1352 gratus
499 1298 634 1344 fuerit,
657 1307 696 1337 et
717 1298 945 1350 reipublicae
966 1298 1142 1336 salutaris
1163 1297 1322 1337 futurus
1340 1314 1348 1337 :
1372 1313 1452 1338 non
1474 1313 1553 1352 quo
1575 1301 1624 1339 L.
1645 1299 1743 1338 Phi-

343 1366 458 1419 lippo
490 1374 529 1404 et
561 1365 611 1404 L.
641 1364 774 1403 Pisoni
804 1374 871 1403 aut
902 1364 1091 1410 studium,
1124 1374 1190 1403 aut
1219 1378 1326 1411 cura,
1358 1365 1528 1404 defuerit
1559 1367 1601 1404 in
1634 1376 1744 1405 tanto

343 1432 491 1477 officio,
525 1440 713 1484 tantoque
733 1445 895 1469 munere
913 1450 924 1477 3
958 1430 1035 1477 sed,
1067 1445 1162 1470 cum
1183 1431 1288 1470 Serv.
1313 1432 1511 1485 Sulpicius
1533 1442 1642 1471 aetate
1663 1433 1742 1471 illis

343 1499 524 1544 anteiret,
556 1497 743 1550 sapientia
763 1498 965 1542 omnibus,
998 1497 1129 1536 subito
1149 1507 1304 1550 ereptus
1332 1512 1352 1536 e
1381 1498 1505 1544 causa,
1538 1508 1662 1537 totam
1683 1499 1741 1537 le-

343 1565 547 1618 gationem
567 1564 705 1602 orbam
725 1572 764 1601 et
786 1563 1032 1602 debilitatam
1053 1564 1229 1616 reliquit.

403 1629 526 1682 Qod
552 1629 578 1667 fi
606 1630 794 1682 cuiquam
816 1629 944 1681 justus
971 1628 1098 1667 honos
1125 1628 1285 1668 habitus
1306 1628 1359 1667 est
1386 1630 1427 1667 in
1449 1639 1576 1669 morte
1597 1630 1741 1683 legato,

344 1697 387 1734 in
416 1696 530 1734 nullo
551 1695 707 1748 justior,
740 1709 860 1748 quam
887 1696 929 1733 in
959 1696 1063 1734 Serv.
1088 1695 1279 1748 Sulpicio,
1312 1696 1539 1749 reperietur.
1584 1697 1740 1742 Caeteri‚

344 1763 414 1815 qui
447 1763 488 1800 in
521 1762 718 1814 legatione
744 1770 917 1800 mortem
944 1762 1144 1807 obierunt,
1176 1762 1223 1799 ad
1250 1761 1448 1801 incertum
1475 1764 1563 1801 vitae
1584 1763 1742 1816 pericu-

345 1829 433 1868 lum
455 1829 533 1868 fine
555 1829 638 1867 ullo
658 1829 797 1867 mortis
819 1838 928 1867 metu
950 1828 1117 1882 profetffi
1144 1828 1260 1868 sunt:
1295 1830 1400 1868 Serv.
1426 1830 1624 1883 Sulpicius
1650 1844 1742 1870 cum

343 1896 476 1949 aliqua
507 1895 759 1949 perveniendi
787 1895 834 1934 ad
866 1896 930 1934 M.
954 1896 1182 1935 Antonium
1210 1895 1274 1949 spe
1306 1895 1504 1949 profe&us
1535 1897 1602 1943 est,
1635 1898 1744 1936 nulla

345 1963 581 2002 revertendi.
626 1964 710 2015 Qi
738 1977 830 2001 cum
859 1963 914 2001 ita
933 1963 1094 2001 affeetus
1115 1963 1220 2008 esset,
1253 1972 1312 2008 ut,
1344 1963 1370 2001 fi
1392 1963 1438 2001 ad
1458 1977 1617 2016 gravem
1637 1965 1742 2003 vale-

345 2029 526 2068 tudinem
546 2029 658 2067 labor
678 2029 748 2067 viae
769 2028 988 2074 acceffiffet,
1021 2028 1092 2066 fibi
1120 2028 1201 2081 ipse
1229 2028 1450 2075 diffideret3
1483 2044 1563 2068 non
1592 2031 1742 2069 recusa-

344 2095 417 2141 vit,
451 2110 531 2148 quo
553 2096 685 2133 minus
707 2095 766 2133 vel
789 2104 966 2133 extremo
987 2095 1142 2148 spiritu,
1175 2095 1201 2133 fi
1229 2109 1350 2148 quam
1376 2110 1494 2149 opem
1516 2098 1743 2150 reipublicae

345 2159 446 2198 ferre
478 2160 615 2213 poffet,
646 2161 903 2213 experiretur.
949 2162 1087 2214 Itaque
1119 2174 1198 2199 non
1231 2161 1349 2200 illum
1381 2163 1439 2200 vis
1471 2162 1630 2208 hiemis,
1663 2178 1742 2202 non

347 2226 470 2270 nives,
503 2239 583 2264 non
605 2226 815 2278 longitudo
836 2227 1003 2273 itineris,
1036 2240 1116 2265 non
1137 2227 1316 2280 asperitas
1338 2229 1504 2274 viarum,
1533 2243 1612 2267 non
1634 2243 1741 2267 mor-

346 2292 420 2330 bus
444 2292 726 2344 ingravestens,
759 2293 966 2331 retardavit
985 2309 993 2332 ε
1027 2307 1200 2346 cumque
1215 2295 1301 2346 jam
1320 2294 1368 2332 ad
1388 2296 1634 2348 congressum
1656 2297 1741 2334 col-

344 2358 608 2411 loquiumque
628 2359 711 2410 ejus
733 2359 976 2411 pervenisset,
1008 2360 1055 2398 ad
1075 2373 1196 2414 quem
1216 2370 1296 2399 erat
1317 2361 1467 2408 missus,
1490 2363 1530 2401 in
1551 2362 1630 2416 ipsa
1651 2375 1743 2401 cura

343 2434 384 2464 et
403 2424 660 2465 meditatione
681 2425 855 2465 obeundi
877 2426 934 2466 sui
956 2427 1131 2467 muneris
1152 2427 1309 2468 exceffit
1330 2441 1350 2466 e
1371 2428 1464 2468 vita.
