2076 2860
727 159 868 198 PRO
931 157 975 194 P.
1039 152 1331 192 SEXTio.
1688 161 1733 197 19

332 264 390 302 sui
423 276 502 301 non
536 258 806 302 defenderent,
843 256 911 293 alii
943 263 1071 291 vetere
1103 252 1195 290 odio
1230 251 1427 287 bonorum
1461 248 1734 289 incitarentur,

331 331 398 368 alii
419 327 655 371 inviderent,
687 324 754 362 alii
787 321 936 360 obstare
970 319 1041 357 fibi
1074 332 1138 356 me
1171 317 1468 359 arbitrarentur,
1501 314 1567 351 alii
1599 312 1736 350 ulcisci

331 396 511 434 dolorem
533 393 648 431 suum
668 391 844 443 aliquem
866 388 1030 431 vellent,
1053 385 1121 423 alii
1143 398 1226 422 rem
1248 382 1371 435 ipsam
1393 381 1598 434 publicam
1620 389 1737 431 atque

331 460 441 499 hunc
463 461 662 498 bonorum
683 457 827 494 statum
849 455 1061 504 otiumque
1081 449 1247 488 odifl‘ent
1263 479 1274 494 ,
1307 458 1345 486 et
1372 448 1423 486 ob
1446 446 1558 485 hasce
1580 445 1708 484 causas
1728 475 1737 489 ‚

333 537 408 573 tot,
442 536 603 579 tamque
633 524 771 568 varias,
804 536 867 560 me
901 533 1027 558 unum
1059 517 1340 570 deposcerent:
1374 515 1643 567 depugnarem
1665 526 1738 565 po-

334 596 414 633 tius
436 608 530 632 cum
552 593 723 636 summo,
758 603 836 627 non
860 588 990 625 dicam
1012 584 1150 629 exitio,
1183 582 1247 621 sed
1268 582 1447 635 periculo
1469 591 1588 625 certe,
1617 579 1742 617 vestro

335 660 634 711 liberorumque
656 656 888 698 vestrorum,
918 666 1038 705 quam
1061 663 1140 688 non
1164 648 1217 693 id,
1242 647 1349 700 quod
1370 647 1560 684 omnibus
1583 646 1740 698 impen-

338 723 480 771 debat,
502 738 604 764 unus
627 737 698 776 pro
720 721 908 760 omnibus
931 718 1167 769 susciperem
1188 727 1230 752 ac
1254 713 1426 751 subirem
1446 714 1459 750 ?

395 793 511 831 XXI.
545 791 653 829 vieti
674 789 793 827 essent
815 785 1014 838 improbi:
1049 792 1086 820 at
1108 782 1239 825 cives;
1272 789 1311 818 at
1331 780 1379 817 ab
1401 793 1447 818 eo
1474 780 1640 832 privato,
1674 779 1744 830 qui

340 859 419 898 fine
451 858 569 897 armis
602 856 722 894 etiam
754 852 891 892 consul
924 848 1216 902 rempublicam
1247 846 1503 885 conservarat.
1551 846 1618 883 Sin
1652 845 1742 882 vieti

341 926 460 964 effent
481 923 601 967 boni3
625 919 723 974 quid
745 917 978 972 superesset?
1013 930 1092 954 non
1114 914 1162 953 ad
1183 914 1309 952 servos
1332 913 1473 951 videtis
1497 926 1580 950 rem
1602 921 1745 950 ventu-

342 1006 425 1031 ram
445 990 558 1029 fuiffe
577 991 589 1028 ?
623 990 688 1026 An
711 986 814 1026 mihi
845 985 931 1039 ipfi,
964 994 1008 1022 ut
1029 982 1193 1036 quidam
1215 990 1372 1034 putant,
1405 979 1483 1018 fuit
1506 994 1611 1018 mors
1634 992 1747 1032 aequo

341 1059 476 1098 animo
491 1054 739 1110 oppetenda?
764 1052 875 1105 Qid
890 1053 902 1090 ?
927 1061 1015 1089 tum
1032 1058 1256 1088 mortemne
1272 1047 1478 1100 fugiebam
1493 1048 1504 1084 ἓ
1528 1060 1576 1084 an
1593 1055 1673 1084 erat
1690 1058 1748 1083 res

342 1126 438 1171 ulla,
470 1137 592 1178 quam
612 1120 716 1160 mihi
737 1121 864 1173 magis
885 1118 1101 1172 optandam
1121 1126 1304 1170 putarem
1323 1116 1335 1152 ?
1368 1123 1449 1159 aut,
1482 1127 1556 1166 ego
1581 1113 1668 1151 illas
1691 1126 1749 1150 res

343 1202 470 1232 tantas
502 1191 545 1229 in
578 1198 686 1228 tanta
717 1186 997 1240 improborum
1027 1182 1290 1222 multitudine
1321 1195 1416 1220 cum
1436 1180 1637 1233 gerebam,
1670 1192 1751 1218 non

344 1259 449 1299 mihi
465 1272 587 1304 mors,
606 1270 686 1295 non
702 1255 886 1300 exilium,
905 1253 957 1292 ob
978 1252 1116 1291 oculos
1137 1249 1416 1289 versabantur?
1440 1262 1519 1286 non
1537 1246 1620 1286 haec
1636 1247 1751 1285 deni-

347 1341 425 1381 que
445 1340 466 1364 a
485 1339 549 1364 me
571 1333 674 1369 tum,
693 1332 883 1375 tanquam
899 1319 993 1365 fata,
1012 1319 1053 1357 in
1070 1317 1152 1372 ipsa
1167 1331 1207 1356 re
1222 1316 1392 1369 gerenda
1407 1314 1722 1353 concinebantur
1739 1315 1751 1351 ?

349 1396 416 1433 An
436 1402 516 1432 erat
537 1390 640 1430 mihi
660 1391 703 1428 in
725 1398 835 1428 tanto
856 1388 967 1426 luctu
989 1399 1186 1431 meorum,
1211 1393 1318 1422 tanta
1339 1382 1620 1436 disjunetione,
1648 1390 1756 1419 tanta

348 1461 574 1505 acerbitate,
612 1467 720 1497 tanta
751 1456 985 1510 spoliatione
1017 1453 1204 1492 omnium
1237 1465 1384 1496 rerum,
1422 1463 1518 1503 quas
1553 1448 1656 1487 mihi
1689 1458 1757 1486 aut

350 1537 489 1567 natura
503 1536 570 1565 aut
586 1525 747 1564 fortuna
761 1523 934 1568 dederat,
947 1521 1028 1560 vita
1043 1518 1272 1558 retinenda?
1291 1519 1397 1556 Tam
1413 1530 1520 1555 eram
1537 1516 1660 1560 rudis,
1676 1525 1758 1553 tam

353 1594 511 1647 ignarus
533 1605 680 1636 rerum,
699 1600 781 1629 tam
801 1602 940 1641 expers
957 1586 1111 1625 consilii
1131 1594 1199 1623 aut
1219 1584 1398 1637 ingenii?
1418 1582 1520 1620 nihil
1542 1581 1758 1625 audieram,

355 1659 459 1698 nihil
488 1658 662 1696 videram
677 1685 688 1701 ,
722 1655 824 1693 nihil
855 1653 935 1707 ipse
956 1651 1125 1705 legendo
1146 1649 1439 1703 quaerendoque
1460 1659 1724 1701 cognoveram
1744 1649 1758 1685 ?

356 1725 578 1765 nesciebam
599 1723 688 1761 vitae
711 1722 870 1759 brevem
891 1719 963 1758 effe
984 1717 1159 1761 cursum,
1178 1716 1313 1768 gloriae
1331 1715 1644 1768 sempiternum?
1664 1727 1758 1753 cum

355 1792 447 1831 effet
467 1790 656 1829 omnibus
678 1787 840 1826 definita
860 1799 982 1830 mors,
1015 1782 1237 1836 optandum
1258 1781 1346 1827 effe,
1379 1791 1423 1819 ut
1444 1781 1539 1827 vita,
1571 1795 1658 1834 quae
1690 1795 1761 1819 ne-

356 1857 519 1896 ceffitati
541 1855 763 1899 deberetur,
781 1853 915 1906 patriae
931 1851 1064 1904 potius
1083 1849 1238 1894 donata,
1258 1861 1379 1901 quam
1396 1847 1583 1885 reservata
1599 1857 1761 1893 naturae,

356 1923 555 1963 videretur
574 1923 586 1960 ?
610 1920 864 1964 Nesciebam‚
889 1919 991 1956 inter
1013 1915 1311 1970 sapientiffimos
1334 1913 1517 1952 homines
1540 1912 1642 1952 hanc
1664 1927 1763 1952 con-

357 1991 579 2030 tentionem
601 1987 714 2026 fuiffe
729 2017 739 2033 ,
773 1995 817 2024 ut
842 1985 909 2024 alii
931 1985 1107 2023 dicerent
1128 1982 1281 2021 animos
1312 1980 1528 2019 hominum
1559 1979 1766 2033 sensusque

359 2067 488 2096 morte
510 2055 721 2108 restingui3
740 2054 807 2091 alii
829 2063 962 2091 autem
985 2060 1072 2089 tum
1095 2050 1269 2088 maxime
1291 2058 1442 2086 mentes
1465 2047 1702 2100 sapientium
1723 2059 1767 2083 ac

360 2123 529 2163 fortium
550 2123 740 2166 virorum,
759 2133 854 2158 cum
875 2133 895 2157 e
916 2131 1079 2170 corpore
1101 2115 1355 2159 exceffiffent,
1381 2114 1521 2152 sentire
1542 2127 1585 2151 ac
1608 2113 1765 2165 vigere?

326 2197 328 2199 ’
362 2204 535 2244 quorum
567 2189 737 2227 alterum
769 2185 1009 2238 fugiendum
1043 2198 1123 2222 non
1157 2182 1245 2227 effe,
1278 2195 1406 2220 carere
1429 2180 1536 2219 sensu
1555 2200 1566 2225 ς
1599 2180 1765 2218 alterum

363 2258 482 2296 etiam
503 2255 738 2308 optandum,
771 2253 935 2292 meliore
956 2251 1027 2290 effe
1050 2250 1173 2289 sensu.

422 2324 624 2375 Denique,
656 2334 750 2359 cum
772 2320 907 2358 omnia
928 2318 1079 2370 semper
1100 2317 1147 2355 ad
1169 2316 1407 2368 dignitatem
1437 2313 1666 2358 retuliffem,
1700 2326 1771 2350 nec

368 2389 446 2428 fine
467 2403 510 2426 ea
530 2388 750 2440 quidquam
772 2385 1040 2438 expetendum
1071 2383 1144 2422 effe
1174 2382 1332 2421 homini
1366 2382 1406 2418 in
1440 2381 1519 2418 vita
1551 2379 1769 2432 putaffem;

369 2464 556 2499 mortem,
580 2467 699 2506 quam
716 2453 835 2491 etiam
854 2452 1025 2505 virgInes
1044 2449 1231 2495 Athenis,
1248 2448 1364 2501 regiS,
1381 2448 1537 2499 opinor,
1556 2443 1773 2484 Erechthei

1380 2515 1467 2551 C2
