2076 2860
679 178 830 217 PRO
890 177 1235 219 MILONE.
1583 197 1661 237 215

259 278 412 322 frenare
431 288 673 333 poteramus,
704 278 782 318 hoc
803 278 908 318 ferro
937 288 976 318 et
1005 279 1078 318 hac
1099 280 1258 319 dextera
1287 295 1308 320 a
1336 282 1556 323 cervicibus
1578 287 1664 325 ves-

259 347 330 385 tris
351 346 507 399 repuli3
539 360 609 399 per
627 359 692 384 me
713 359 841 384 unum
862 354 906 384 ut
921 346 1003 399 jus,
1036 346 1213 399 aequitas,
1245 347 1365 400 leges,
1389 348 1563 396 libertas,
1585 366 1664 405 pu·-

258 412 344 458 dor,
366 412 575 465 pudicitia,
598 412 639 449 in
660 412 820 452 civitate
836 421 1060 451 manerent:
1084 413 1175 452 effet
1191 428 1281 453 vero
1303 415 1543 463 timendum,
1561 432 1664 470 quo-

256 491 350 517 nam
369 478 491 517 modo
510 477 553 516 id
573 477 693 517 ferret
713 479 866 517 civitas.
900 478 1024 518 Nunc
1045 480 1154 518 enim
1175 481 1264 533 quis
1286 481 1353 527 est,
1377 483 1447 535 qui
1469 497 1548 522 non
1569 499 1663 538 pro-

256 544 354 583 bet?
377 545 448 598 qui
465 558 545 583 non
560 544 724 583 laudet?
747 545 818 598 qui
838 558 918 584 non
942 559 1068 583 unum
1089 546 1174 599 post
1194 546 1408 587 hominum
1429 552 1663 590 memoriam

257 612 312 650 T.
329 612 512 650 Annium
533 611 756 664 plurimum
774 611 1002 665 reipublicae
1017 611 1220 665 profuisse,
1239 614 1412 653 maxima
1432 615 1569 655 laetitia
1588 631 1663 670 po-

254 677 401 730 pulum
430 678 676 723 Romanum,
707 679 892 717 cunctam
913 678 1085 724 Italiam,
1114 679 1292 717 nationes
1313 694 1450 720 omnes
1482 683 1662 729 affeciffe,

255 752 295 782 et
315 744 435 790 dicat,
458 753 497 783 et
517 744 658 783 sentiat
677 746 689 783 ?
713 745 899 798 Nequeo,
922 754 1051 783 vetera
1071 745 1139 783 illa
1158 746 1300 799 populi
1321 748 1496 787 Romani
1518 761 1665 803 quanta

255 808 406 848 fuerint
426 810 581 863 gaudia,
606 810 798 863 judicare.
832 811 986 850 Multas
1008 821 1139 850 tamen
1154 812 1240 864 jam
1260 812 1510 853 summorum
1532 816 1662 870 impe-

256 884 434 915 ratorum
462 876 686 915 clariffimas
717 878 897 916 victorias
929 886 1017 916 aetas
1048 877 1176 915 nostra
1202 878 1330 917 vidit:
1364 894 1532 933 quarum
1554 883 1665 921 nulla

256 956 385 996 neque
406 952 488 981 tam
508 943 739 981 diuturnam
760 943 896 982 attulit
915 943 1111 990 laetitiam,
1143 958 1215 983 nec
1238 954 1402 985 tantam.

311 1008 502 1047 Mandate
522 1007 599 1047 hoc
621 1010 842 1055 memoriae,
875 1009 1052 1062 Judices.
1086 1011 1205 1064 Spero
1226 1012 1355 1051 multa
1374 1027 1464 1059 vos,
1496 1014 1662 1053 liberos-

254 1088 332 1128 que
352 1075 495 1114 vestros
511 1105 522 1122 ‚
554 1076 595 1114 in
617 1076 821 1129 republica
842 1076 945 1115 bona
963 1077 1035 1115 effe
1055 1077 1219 1117 visuros.
1262 1080 1309 1116 In
1340 1079 1402 1118 his
1425 1081 1587 1133 fingulis
1609 1083 1664 1121 ita

254 1141 406 1195 semper
426 1141 724 1188 existimabitis,
756 1144 846 1182 vivo
869 1144 913 1182 P.
940 1143 1106 1189 Clodio,
1139 1143 1243 1183 nihil
1265 1159 1402 1184 eorum
1424 1161 1491 1185 vos
1514 1148 1661 1187 visuros

255 1207 381 1247 fuiffe.
415 1210 463 1247 In
484 1209 591 1261 spem
614 1210 846 1255 maximam,
878 1219 931 1255 et,
955 1210 1295 1263 quemadmodum
1317 1213 1489 1259 confido,
1514 1215 1661 1253 verisfi-

254 1289 362 1313 mam
383 1275 541 1313 adduffi
562 1275 711 1321 sumus,
735 1275 844 1314 hunc
866 1277 997 1329 ipsum
1018 1291 1182 1322 annum,
1205 1277 1282 1316 hoc
1300 1280 1384 1332 ipso
1400 1280 1557 1319 summo
1578 1282 1662 1320 viro

254 1341 439 1387 consule,
471 1342 686 1395 compreffa
716 1341 931 1381 hominum
964 1343 1148 1389 licentia,
1181 1346 1467 1399 cupiditatibus
1501 1347 1660 1394 fraffis,

254 1407 412 1460 legibus
429 1408 643 1460 etjudiciis
660 1408 900 1455 constitutis,
920 1409 1125 1448 salutarem
1143 1411 1295 1449 civitati
1315 1411 1413 1451 fore.
1435 1414 1549 1452 Num
1571 1415 1660 1468 quis

252 1474 378 1526 igitur
398 1473 451 1511 est
472 1483 552 1512 tam
573 1474 750 1520 demens,
774 1476 844 1528 qui
864 1474 957 1521 hoc,
980 1476 1026 1514 P.
1045 1476 1190 1516 Clodio
1211 1479 1316 1524 vivo,
1335 1480 1565 1533 contingere
1586 1495 1661 1534 po·-

255 1540 367 1579 tuisse
387 1541 625 1579 arbitretur?
659 1542 799 1594 Qid?
831 1555 887 1587 ea,
920 1556 1006 1594 quae
1027 1543 1185 1588 tenetis,
1216 1545 1366 1596 privata
1386 1555 1503 1598 atque
1524 1547 1659 1593 vestra,

254 1606 485 1644 dominante
506 1605 670 1644 homine
691 1606 840 1646 furioso
854 1637 865 1653 ,
898 1608 1006 1660 quod
1021 1609 1088 1661 jus
1109 1618 1308 1662 perpetuae
1327 1611 1565 1664 poffeffionis
1587 1613 1659 1652 ha-

255 1672 347 1711 bere
367 1672 582 1725 potuiffent
601 1673 614 1709 ?

310 1739 468 1778 XXIX.
503 1739 600 1778 Non
616 1739 754 1786 timeo,
773 1740 950 1791 Judices‚
968 1754 1032 1787 ne,
1050 1741 1143 1780 odio
1159 1742 1465 1783 inimicitiarum
1482 1760 1659 1785 mearum

253 1805 538 1851 inflammatus,
561 1805 753 1844 libentius
773 1806 858 1845 haec
879 1807 921 1845 in
942 1807 1062 1846 illum
1083 1821 1263 1847 evomere
1283 1810 1427 1857 videar,
1450 1826 1570 1864 quam
1591 1827 1659 1852 ve-

252 1872 348 1912 rius.
372 1873 552 1919 Etenim,
574 1873 642 1912 etsi
663 1874 911 1927 praecipuum
931 1875 1003 1913 effe
1024 1874 1220 1922 debebat3
1246 1886 1375 1934 tamen
1398 1879 1452 1917 ita
1472 1893 1658 1919 commu-

254 1940 314 1978 nis
336 1950 417 1978 erat
438 1940 622 1979 omnium
643 1940 712 1979 ille
732 1940 869 1987 hostis,
902 1951 947 1980 ut
976 1942 1018 1980 in
1048 1944 1256 1981 communi
1285 1944 1378 1983 odio
1407 1959 1507 1999 pene
1528 1961 1658 2001 aequa-

253 2006 345 2045 liter
364 2006 578 2046 versaretur
597 2007 736 2046 odium
758 2022 908 2047 meum.
952 2009 1048 2047 Non
1069 2009 1196 2062 potest
1216 2010 1296 2049 dici
1318 2011 1406 2051 satis
1422 2043 1433 2058 ,
1466 2027 1515 2051 ne
1545 2015 1657 2067 cogi-

252 2073 325 2111 tari
347 2073 526 2127 quidem,
562 2083 758 2126 quantum
788 2075 829 2112 in
860 2075 932 2112 illo
962 2075 1131 2121 sceleris,
1168 2087 1365 2129 quantum
1386 2080 1499 2118 exitii
1521 2079 1656 2119 fuerit.

255 2139 367 2190 Qin
395 2140 446 2178 fic
475 2140 692 2184 attendite,
725 2140 886 2191 Judices
907 2155 915 2179 :
949 2155 1092 2194 nempe
1119 2141 1203 2181 haec
1228 2143 1282 2181 est
1303 2145 1464 2198 quaestio
1486 2146 1532 2184 de
1553 2147 1657 2185 inte-

249 2204 336 2242 *ritu
356 2205 402 2244 P.
427 2205 577 2244 Clodii.
612 2206 773 2258 Fingite
801 2207 942 2246 animis
962 2222 971 2246 :
1004 2208 1137 2248 liberae
1157 2210 1266 2249 enim
1287 2211 1377 2250 sunt
1398 2213 1658 2265 cogitationes

257 2270 393 2307 nostrae
411 2289 422 2315 ς
446 2280 499 2315 et,
522 2284 608 2322 quae
629 2272 783 2318 volunt,
807 2273 858 2312 sic
878 2274 1100 2321 intuentur,
1125 2285 1168 2314 ut
1189 2291 1232 2315 ea
1252 2279 1468 2323 cernimus,
1491 2292 1576 2331 quae
1597 2281 1657 2318 vi-

255 2336 408 2374 demus.
452 2338 613 2389 Fingite
634 2338 757 2390 igitur
777 2341 1018 2392 cogitatione
1038 2342 1255 2396 imaginem
1275 2343 1396 2398 hujus
1417 2346 1658 2385 conditionis

253 2417 364 2448 meae,
397 2403 423 2441 si
445 2403 584 2456 poffirn
605 2406 772 2452 efficere,
804 2416 849 2446 ut
870 2408 1072 2446 Milonem
1101 2410 1325 2457 absolvatis,
1357 2413 1421 2450 sed
1450 2413 1517 2457 ita,
1550 2413 1576 2451 fi
1608 2414 1653 2451 P.

254 2470 421 2508 Clodius
444 2470 642 2510 revixerit.
676 2473 786 2525 Qid
808 2473 922 2513 vultu
942 2475 1180 2515 extimuistis
1200 2477 1213 2515 ?
1238 2478 1425 2529 Qonam
1451 2479 1571 2517 modo
1593 2479 1660 2517 ille
