<?xml version="1.0" encoding="UTF-8"?>
<!DOCTYPE html PUBLIC "-//W3C//DTD XHTML 1.0 Transitional//EN"
    "http://www.w3.org/TR/xhtml1/DTD/xhtml1-transitional.dtd">
<html xmlns="http://www.w3.org/1999/xhtml" xml:lang="en" lang="en">
 <head>
  <title>
</title>
<meta http-equiv="Content-Type" content="text/html;charset=utf-8" />
  <meta name='ocr-system' content='tesseract 3.04.00' />
  <meta name='ocr-capabilities' content='ocr_page ocr_carea ocr_par ocr_line ocrx_word'/>
</head>
<body>
  <div class='ocr_page' id='page_1' title='image "./operacumindicibu06ciceuoft_0032.png"; bbox 0 0 2076 2860; ppageno 0'>
   <div class='ocr_carea' id='block_1_1' title="bbox 325 173 1239 219">
    <p class='ocr_par' dir='ltr' id='par_1_1' title="bbox 325 173 1239 219">
     <span class='ocr_line' id='line_1_1' title="bbox 325 173 1239 219; baseline -0.01 0"><span class='ocrx_word' id='word_1_1' title='bbox 325 193 371 219; x_wconf 76' lang='lat'>22</span> <span class='ocrx_word' id='word_1_2' title='bbox 799 173 1239 212; x_wconf 82' lang='lat' dir='ltr'><strong>ORATIO</strong></span> 
     </span>
    </p>
   </div>
   <div class='ocr_carea' id='block_1_2' title="bbox 269 266 1728 2489">
    <p class='ocr_par' dir='ltr' id='par_1_2' title="bbox 321 266 1714 850">
     <span class='ocr_line' id='line_1_2' title="bbox 324 266 1705 321; baseline -0.008 -7"><span class='ocrx_word' id='word_1_3' title='bbox 324 277 403 314; x_wconf 76' lang='lat' dir='ltr'>illis</span> <span class='ocrx_word' id='word_1_4' title='bbox 427 275 667 318; x_wconf 57' lang='lat' dir='ltr'>tacentil³us5</span> <span class='ocrx_word' id='word_1_5' title='bbox 690 285 758 310; x_wconf 78' lang='lat' dir='ltr'>nec</span> <span class='ocrx_word' id='word_1_6' title='bbox 775 270 912 309; x_wconf 77' lang='lat' dir='ltr'>armati</span> <span class='ocrx_word' id='word_1_7' title='bbox 929 269 1122 307; x_wconf 84' lang='lat' dir='ltr'>exercitus</span> <span class='ocrx_word' id='word_1_8' title='bbox 1141 279 1326 306; x_wconf 88' lang='lat' dir='ltr'>terrorem</span> <span class='ocrx_word' id='word_1_9' title='bbox 1343 276 1517 321; x_wconf 84' lang='lat' dir='ltr'>opponet</span> <span class='ocrx_word' id='word_1_10' title='bbox 1539 266 1705 318; x_wconf 85' lang='lat' dir='ltr'>togatis;</span> 
     </span>
     <span class='ocr_line' id='line_1_3' title="bbox 324 334 1707 393; baseline -0.008 -13"><span class='ocrx_word' id='word_1_11' title='bbox 324 356 450 393; x_wconf 81' lang='lat' dir='ltr'>neque</span> <span class='ocrx_word' id='word_1_12' title='bbox 471 342 543 378; x_wconf 84' lang='lat' dir='ltr'>erit</span> <span class='ocrx_word' id='word_1_13' title='bbox 559 339 660 392; x_wconf 77' lang='lat' dir='ltr'>justa</span> <span class='ocrx_word' id='word_1_14' title='bbox 680 337 789 375; x_wconf 80' lang='lat' dir='ltr'>causa</span> <span class='ocrx_word' id='word_1_15' title='bbox 804 336 850 373; x_wconf 84' lang='lat' dir='ltr'>ad</span> <span class='ocrx_word' id='word_1_16' title='bbox 866 344 994 387; x_wconf 83' lang='lat' dir='ltr'>portas</span> <span class='ocrx_word' id='word_1_17' title='bbox 1012 335 1160 373; x_wconf 76' lang='lat' dir='ltr'><strong>sedenti</strong></span> <span class='ocrx_word' id='word_1_18' title='bbox 1180 334 1420 386; x_wconf 81' lang='lat' dir='ltr'>imperatori,</span> <span class='ocrx_word' id='word_1_19' title='bbox 1444 347 1561 386; x_wconf 83' lang='lat' dir='ltr'>quare</span> <span class='ocrx_word' id='word_1_20' title='bbox 1584 341 1707 370; x_wconf 87' lang='lat' dir='ltr'>terro-</span> 
     </span>
     <span class='ocr_line' id='line_1_4' title="bbox 325 397 1710 455; baseline -0.008 -10"><span class='ocrx_word' id='word_1_21' title='bbox 325 421 405 445; x_wconf 87' lang='lat' dir='ltr'>rem</span> <span class='ocrx_word' id='word_1_22' title='bbox 429 407 539 444; x_wconf 83' lang='lat' dir='ltr'>suum</span> <span class='ocrx_word' id='word_1_23' title='bbox 562 402 802 455; x_wconf 66' lang='lat' dir='ltr'>fall})ja6tari</span> <span class='ocrx_word' id='word_1_24' title='bbox 819 401 1046 453; x_wconf 83' lang='lat' dir='ltr'>opponique</span> <span class='ocrx_word' id='word_1_25' title='bbox 1062 401 1244 452; x_wconf 81' lang='lat' dir='ltr'>patiatur.</span> <span class='ocrx_word' id='word_1_26' title='bbox 1266 400 1487 451; x_wconf 81' lang='lat' dir='ltr'><strong>Nunquam</strong></span> <span class='ocrx_word' id='word_1_27' title='bbox 1508 399 1614 436; x_wconf 88' lang='lat' dir='ltr'>enim</span> <span class='ocrx_word' id='word_1_28' title='bbox 1635 397 1710 434; x_wconf 86' lang='lat' dir='ltr'>erit</span> 
     </span>
     <span class='ocr_line' id='line_1_5' title="bbox 325 461 1710 524; baseline -0.008 -14"><span class='ocrx_word' id='word_1_29' title='bbox 325 482 406 510; x_wconf 78' lang='lat' dir='ltr'>tam</span> <span class='ocrx_word' id='word_1_30' title='bbox 427 470 621 524; x_wconf 76' lang='lat' dir='ltr'>oppressus</span> <span class='ocrx_word' id='word_1_31' title='bbox 644 469 809 512; x_wconf 82' lang='lat' dir='ltr'>senatus,</span> <span class='ocrx_word' id='word_1_32' title='bbox 843 476 885 503; x_wconf 86' lang='lat' dir='ltr'>ut</span> <span class='ocrx_word' id='word_1_33' title='bbox 906 466 941 504; x_wconf 88' lang='lat' dir='ltr'>ei</span> <span class='ocrx_word' id='word_1_34' title='bbox 963 480 1010 503; x_wconf 88' lang='lat' dir='ltr'>ne</span> <span class='ocrx_word' id='word_1_35' title='bbox 1031 465 1277 518; x_wconf 83' lang='lat' dir='ltr'>supplicandi</span> <span class='ocrx_word' id='word_1_36' title='bbox 1300 465 1460 517; x_wconf 87' lang='lat' dir='ltr'>quidem</span> <span class='ocrx_word' id='word_1_37' title='bbox 1483 478 1524 501; x_wconf 85' lang='lat' dir='ltr'>ac</span> <span class='ocrx_word' id='word_1_38' title='bbox 1546 461 1710 515; x_wconf 84' lang='lat' dir='ltr'>lugendi</span> 
     </span>
     <span class='ocr_line' id='line_1_6' title="bbox 325 530 1709 590; baseline -0.007 -15"><span class='ocrx_word' id='word_1_39' title='bbox 325 538 369 575; x_wconf 84' lang='lat' dir='ltr'>fit</span> <span class='ocrx_word' id='word_1_40' title='bbox 386 536 547 590; x_wconf 81' lang='lat' dir='ltr'>potestas</span> <span class='ocrx_word' id='word_1_41' title='bbox 563 554 571 578; x_wconf 92' lang='lat'>;</span> <span class='ocrx_word' id='word_1_42' title='bbox 592 544 670 572; x_wconf 80' lang='lat' dir='ltr'>tam</span> <span class='ocrx_word' id='word_1_43' title='bbox 688 542 822 584; x_wconf 88' lang='lat' dir='ltr'>captus</span> <span class='ocrx_word' id='word_1_44' title='bbox 839 531 1014 583; x_wconf 86' lang='lat' dir='ltr'>equester</span> <span class='ocrx_word' id='word_1_45' title='bbox 1029 531 1138 574; x_wconf 84' lang='lat' dir='ltr'>ordo,</span> <span class='ocrx_word' id='word_1_46' title='bbox 1158 540 1201 567; x_wconf 92' lang='lat' dir='ltr'>ut</span> <span class='ocrx_word' id='word_1_47' title='bbox 1218 531 1368 582; x_wconf 80' lang='lat' dir='ltr'>equites</span> <span class='ocrx_word' id='word_1_48' title='bbox 1386 530 1559 567; x_wconf 79' lang='lat' dir='ltr'>Romani</span> <span class='ocrx_word' id='word_1_49' title='bbox 1576 542 1596 565; x_wconf 86' lang='lat' dir='ltr'>a</span> <span class='ocrx_word' id='word_1_50' title='bbox 1611 541 1709 565; x_wconf 88' lang='lat' dir='ltr'>con-</span> 
     </span>
     <span class='ocr_line' id='line_1_7' title="bbox 325 594 1711 653; baseline -0.006 -13"><span class='ocrx_word' id='word_1_51' title='bbox 325 603 405 640; x_wconf 87' lang='lat' dir='ltr'>sule</span> <span class='ocrx_word' id='word_1_52' title='bbox 427 602 660 653; x_wconf 81' lang='lat' dir='ltr'>relegentur.</span> <span class='ocrx_word' id='word_1_53' title='bbox 699 600 797 650; x_wconf 86' lang='lat' dir='ltr'>Qae</span> <span class='ocrx_word' id='word_1_54' title='bbox 818 610 912 634; x_wconf 88' lang='lat' dir='ltr'>cum</span> <span class='ocrx_word' id='word_1_55' title='bbox 933 596 1079 641; x_wconf 74' lang='lat' dir='ltr'>omnia,</span> <span class='ocrx_word' id='word_1_56' title='bbox 1102 606 1218 647; x_wconf 82' lang='lat' dir='ltr'>atque</span> <span class='ocrx_word' id='word_1_57' title='bbox 1239 597 1357 633; x_wconf 84' lang='lat' dir='ltr'>etiam</span> <span class='ocrx_word' id='word_1_58' title='bbox 1380 595 1509 633; x_wconf 88' lang='lat' dir='ltr'>multo</span> <span class='ocrx_word' id='word_1_59' title='bbox 1530 594 1604 632; x_wconf 82' lang='lat' dir='ltr'>alia</span> <span class='ocrx_word' id='word_1_60' title='bbox 1625 606 1711 631; x_wconf 85' lang='lat' dir='ltr'>ma-</span> 
     </span>
     <span class='ocr_line' id='line_1_8' title="bbox 321 659 1714 720; baseline -0.006 -15"><span class='ocrx_word' id='word_1_61' title='bbox 321 670 420 720; x_wconf 85' lang='lat' dir='ltr'>jora,</span> <span class='ocrx_word' id='word_1_62' title='bbox 439 681 524 720; x_wconf 80' lang='lat' dir='ltr'>quae</span> <span class='ocrx_word' id='word_1_63' title='bbox 542 665 721 704; x_wconf 85' lang='lat' dir='ltr'>consulto</span> <span class='ocrx_word' id='word_1_64' title='bbox 740 672 937 716; x_wconf 80' lang='lat' dir='ltr'>praetereo,</span> <span class='ocrx_word' id='word_1_65' title='bbox 960 661 1208 705; x_wconf 72' lang='lat' dir='ltr'>accidiss&#39;ent3</span> <span class='ocrx_word' id='word_1_66' title='bbox 1229 661 1413 698; x_wconf 79' lang='lat' dir='ltr'>vidissetis</span> <span class='ocrx_word' id='word_1_67' title='bbox 1435 675 1498 698; x_wconf 89' lang='lat' dir='ltr'>me</span> <span class='ocrx_word' id='word_1_68' title='bbox 1520 671 1650 697; x_wconf 87' lang='lat' dir='ltr'>tamen</span> <span class='ocrx_word' id='word_1_69' title='bbox 1672 659 1714 696; x_wconf 90' lang='lat' dir='ltr'>in</span> 
     </span>
     <span class='ocr_line' id='line_1_9' title="bbox 326 725 1710 785; baseline -0.006 -15"><span class='ocrx_word' id='word_1_70' title='bbox 326 733 527 785; x_wconf 82' lang='lat' dir='ltr'>pristinam</span> <span class='ocrx_word' id='word_1_71' title='bbox 549 744 676 768; x_wconf 74' lang='lat' dir='ltr'>meam</span> <span class='ocrx_word' id='word_1_72' title='bbox 697 728 930 780; x_wconf 80' lang='lat' dir='ltr'>dignitatem</span> <span class='ocrx_word' id='word_1_73' title='bbox 944 756 954 771; x_wconf 97' lang='lat'>,</span> <span class='ocrx_word' id='word_1_74' title='bbox 987 726 1094 763; x_wconf 87' lang='lat' dir='ltr'>brevi</span> <span class='ocrx_word' id='word_1_75' title='bbox 1118 726 1305 778; x_wconf 87' lang='lat' dir='ltr'>temporis</span> <span class='ocrx_word' id='word_1_76' title='bbox 1328 725 1461 763; x_wconf 88' lang='lat' dir='ltr'>dolore</span> <span class='ocrx_word' id='word_1_77' title='bbox 1483 726 1710 776; x_wconf 62' lang='lat' dir='ltr'>interjecto,</span> 
     </span>
     <span class='ocr_line' id='line_1_10' title="bbox 327 794 1025 850; baseline -0.01 -15"><span class='ocrx_word' id='word_1_78' title='bbox 327 798 554 850; x_wconf 63' lang='lat' dir='ltr'>reipublicae</span> <span class='ocrx_word' id='word_1_79' title='bbox 576 809 669 834; x_wconf 88' lang='lat' dir='ltr'>voce</span> <span class='ocrx_word' id='word_1_80' title='bbox 690 794 761 832; x_wconf 83' lang='lat' dir='ltr'>effe</span> <span class='ocrx_word' id='word_1_81' title='bbox 787 801 1025 831; x_wconf 80' lang='lat' dir='ltr'>revocatum.</span> 
     </span>
    </p>

    <p class='ocr_par' dir='ltr' id='par_1_3' title="bbox 269 854 1719 1502">
     <span class='ocr_line' id='line_1_11' title="bbox 383 854 1714 909; baseline -0.007 -7"><span class='ocrx_word' id='word_1_82' title='bbox 383 863 537 902; x_wconf 89' lang='lat' dir='ltr'>XXIV.</span> <span class='ocrx_word' id='word_1_83' title='bbox 572 862 644 899; x_wconf 85' lang='lat' dir='ltr'>Sed</span> <span class='ocrx_word' id='word_1_84' title='bbox 665 871 708 898; x_wconf 89' lang='lat' dir='ltr'>ut</span> <span class='ocrx_word' id='word_1_85' title='bbox 730 869 894 898; x_wconf 85' lang='lat' dir='ltr'>revertar</span> <span class='ocrx_word' id='word_1_86' title='bbox 915 858 961 895; x_wconf 82' lang='lat' dir='ltr'>ad</span> <span class='ocrx_word' id='word_1_87' title='bbox 983 857 1097 901; x_wconf 85' lang='lat' dir='ltr'>illud,</span> <span class='ocrx_word' id='word_1_88' title='bbox 1121 856 1228 909; x_wconf 89' lang='lat' dir='ltr'>quod</span> <span class='ocrx_word' id='word_1_89' title='bbox 1248 855 1349 894; x_wconf 88' lang='lat' dir='ltr'>mihi</span> <span class='ocrx_word' id='word_1_90' title='bbox 1372 857 1412 894; x_wconf 89' lang='lat' dir='ltr'>in</span> <span class='ocrx_word' id='word_1_91' title='bbox 1433 855 1506 894; x_wconf 84' lang='lat' dir='ltr'>hac</span> <span class='ocrx_word' id='word_1_92' title='bbox 1528 855 1640 894; x_wconf 90' lang='lat' dir='ltr'>omni</span> <span class='ocrx_word' id='word_1_93' title='bbox 1660 854 1714 893; x_wconf 91' lang='lat' dir='ltr'>est</span> 
     </span>
     <span class='ocr_line' id='line_1_12' title="bbox 327 921 1716 981; baseline -0.006 -13"><span class='ocrx_word' id='word_1_94' title='bbox 327 930 501 968; x_wconf 80' lang='lat' dir='ltr'>oratione</span> <span class='ocrx_word' id='word_1_95' title='bbox 522 927 779 981; x_wconf 86' lang='lat' dir='ltr'>propofitum‚</span> <span class='ocrx_word' id='word_1_96' title='bbox 797 925 983 963; x_wconf 83' lang='lat' dir='ltr'>omnibus</span> <span class='ocrx_word' id='word_1_97' title='bbox 1001 923 1114 961; x_wconf 88' lang='lat' dir='ltr'>malis</span> <span class='ocrx_word' id='word_1_98' title='bbox 1131 923 1202 961; x_wconf 92' lang='lat' dir='ltr'>illo</span> <span class='ocrx_word' id='word_1_99' title='bbox 1223 936 1325 960; x_wconf 89' lang='lat' dir='ltr'>anno</span> <span class='ocrx_word' id='word_1_100' title='bbox 1346 922 1486 960; x_wconf 91' lang='lat' dir='ltr'>scelere</span> <span class='ocrx_word' id='word_1_101' title='bbox 1506 921 1716 960; x_wconf 87' lang='lat' dir='ltr'>consulum</span> 
     </span>
     <span class='ocr_line' id='line_1_13' title="bbox 330 987 1716 1048; baseline -0.006 -14"><span class='ocrx_word' id='word_1_102' title='bbox 330 995 617 1048; x_wconf 82' lang='lat' dir='ltr'>rempublicam</span> <span class='ocrx_word' id='word_1_103' title='bbox 637 992 708 1031; x_wconf 81' lang='lat' dir='ltr'>effe</span> <span class='ocrx_word' id='word_1_104' title='bbox 729 991 948 1030; x_wconf 62' lang='lat' dir='ltr'>confectam</span> <span class='ocrx_word' id='word_1_105' title='bbox 967 1005 976 1028; x_wconf 73' lang='grc' dir='ltr'>ε</span> <span class='ocrx_word' id='word_1_106' title='bbox 1009 990 1186 1042; x_wconf 88' lang='lat' dir='ltr'>primum</span> <span class='ocrx_word' id='word_1_107' title='bbox 1207 989 1277 1027; x_wconf 88' lang='lat' dir='ltr'>illo</span> <span class='ocrx_word' id='word_1_108' title='bbox 1299 989 1382 1041; x_wconf 89' lang='lat' dir='ltr'>ipso</span> <span class='ocrx_word' id='word_1_109' title='bbox 1403 989 1465 1026; x_wconf 89' lang='lat' dir='ltr'>die</span> <span class='ocrx_word' id='word_1_110' title='bbox 1479 1018 1491 1033; x_wconf 92' lang='lat'>,</span> <span class='ocrx_word' id='word_1_111' title='bbox 1523 989 1593 1040; x_wconf 89' lang='lat' dir='ltr'>qui</span> <span class='ocrx_word' id='word_1_112' title='bbox 1614 987 1716 1026; x_wconf 89' lang='lat' dir='ltr'>mihi</span> 
     </span>
     <span class='ocr_line' id='line_1_14' title="bbox 329 1055 1716 1106; baseline -0.006 -7"><span class='ocrx_word' id='word_1_113' title='bbox 329 1060 503 1099; x_wconf 88' lang='lat' dir='ltr'>funestus</span> <span class='ocrx_word' id='word_1_114' title='bbox 534 1058 612 1097; x_wconf 88' lang='lat' dir='ltr'>fuit</span> <span class='ocrx_word' id='word_1_115' title='bbox 627 1088 637 1104; x_wconf 84' lang='lat'>,</span> <span class='ocrx_word' id='word_1_116' title='bbox 669 1058 855 1096; x_wconf 88' lang='lat' dir='ltr'>omnibus</span> <span class='ocrx_word' id='word_1_117' title='bbox 878 1056 990 1094; x_wconf 81' lang='lat' dir='ltr'>bonis</span> <span class='ocrx_word' id='word_1_118' title='bbox 1013 1055 1211 1093; x_wconf 68' lang='lat' dir='ltr'>luecuosus</span> <span class='ocrx_word' id='word_1_119' title='bbox 1228 1084 1237 1099; x_wconf 94' lang='lat'>,</span> <span class='ocrx_word' id='word_1_120' title='bbox 1270 1068 1364 1092; x_wconf 90' lang='lat' dir='ltr'>curn</span> <span class='ocrx_word' id='word_1_121' title='bbox 1384 1068 1457 1106; x_wconf 86' lang='lat' dir='ltr'>ego</span> <span class='ocrx_word' id='word_1_122' title='bbox 1477 1067 1541 1092; x_wconf 90' lang='lat' dir='ltr'>me</span> <span class='ocrx_word' id='word_1_123' title='bbox 1561 1068 1582 1092; x_wconf 93' lang='lat' dir='ltr'>e</span> <span class='ocrx_word' id='word_1_124' title='bbox 1602 1067 1716 1092; x_wconf 92' lang='lat' dir='ltr'>com-</span> 
     </span>
     <span class='ocr_line' id='line_1_15' title="bbox 329 1119 1718 1178; baseline -0.002 -18"><span class='ocrx_word' id='word_1_125' title='bbox 329 1127 450 1178; x_wconf 81' lang='lat' dir='ltr'>plexu</span> <span class='ocrx_word' id='word_1_126' title='bbox 482 1125 613 1178; x_wconf 78' lang='lat' dir='ltr'>patriae</span> <span class='ocrx_word' id='word_1_127' title='bbox 645 1123 933 1175; x_wconf 55' lang='lat' dir='ltr'>conspectuque</span> <span class='ocrx_word' id='word_1_128' title='bbox 966 1120 1090 1159; x_wconf 88' lang='lat' dir='ltr'>vestro</span> <span class='ocrx_word' id='word_1_129' title='bbox 1121 1120 1358 1173; x_wconf 77' lang='lat' dir='ltr'>eripuissem,</span> <span class='ocrx_word' id='word_1_130' title='bbox 1393 1131 1431 1158; x_wconf 92' lang='lat' dir='ltr'>et</span> <span class='ocrx_word' id='word_1_131' title='bbox 1463 1128 1573 1158; x_wconf 90' lang='lat' dir='ltr'>metu</span> <span class='ocrx_word' id='word_1_132' title='bbox 1604 1119 1718 1158; x_wconf 90' lang='lat' dir='ltr'>vestri</span> 
     </span>
     <span class='ocr_line' id='line_1_16' title="bbox 330 1185 1716 1244; baseline -0.004 -17"><span class='ocrx_word' id='word_1_133' title='bbox 330 1192 511 1244; x_wconf 85' lang='lat' dir='ltr'>periculi,</span> <span class='ocrx_word' id='word_1_134' title='bbox 545 1204 622 1228; x_wconf 85' lang='lat' dir='ltr'>non</span> <span class='ocrx_word' id='word_1_135' title='bbox 645 1189 737 1233; x_wconf 85' lang='lat' dir='ltr'>mei,</span> <span class='ocrx_word' id='word_1_136' title='bbox 761 1187 885 1226; x_wconf 90' lang='lat' dir='ltr'>furori</span> <span class='ocrx_word' id='word_1_137' title='bbox 905 1187 1096 1231; x_wconf 83' lang='lat' dir='ltr'>hominis,</span> <span class='ocrx_word' id='word_1_138' title='bbox 1120 1186 1267 1231; x_wconf 87' lang='lat' dir='ltr'>sceleri,</span> <span class='ocrx_word' id='word_1_139' title='bbox 1290 1185 1477 1238; x_wconf 88' lang='lat' dir='ltr'>perfidiae,</span> <span class='ocrx_word' id='word_1_140' title='bbox 1501 1185 1604 1230; x_wconf 84' lang='lat' dir='ltr'>telis,</span> <span class='ocrx_word' id='word_1_141' title='bbox 1636 1185 1716 1223; x_wconf 90' lang='lat' dir='ltr'>mi-</span> 
     </span>
     <span class='ocr_line' id='line_1_17' title="bbox 269 1251 1719 1309; baseline -0.005 -14"><span class='ocrx_word' id='word_1_142' title='bbox 269 1257 273 1259; x_wconf 39' lang='lat'><em>*</em></span> <span class='ocrx_word' id='word_1_143' title='bbox 330 1257 468 1309; x_wconf 88' lang='lat' dir='ltr'>nisque</span> <span class='ocrx_word' id='word_1_144' title='bbox 488 1255 686 1300; x_wconf 84' lang='lat' dir='ltr'>cessiffem,</span> <span class='ocrx_word' id='word_1_145' title='bbox 709 1255 968 1307; x_wconf 86' lang='lat' dir='ltr'>patriamque,</span> <span class='ocrx_word' id='word_1_146' title='bbox 995 1265 1081 1305; x_wconf 84' lang='lat' dir='ltr'>quae</span> <span class='ocrx_word' id='word_1_147' title='bbox 1102 1251 1203 1290; x_wconf 91' lang='lat' dir='ltr'>mihi</span> <span class='ocrx_word' id='word_1_148' title='bbox 1224 1261 1303 1290; x_wconf 85' lang='lat' dir='ltr'>erat</span> <span class='ocrx_word' id='word_1_149' title='bbox 1324 1251 1527 1296; x_wconf 86' lang='lat' dir='ltr'>cariffima,</span> <span class='ocrx_word' id='word_1_150' title='bbox 1559 1259 1719 1304; x_wconf 90' lang='lat' dir='ltr'>propter</span> 
     </span>
     <span class='ocr_line' id='line_1_18' title="bbox 331 1316 1719 1375; baseline -0.004 -14"><span class='ocrx_word' id='word_1_151' title='bbox 331 1323 449 1375; x_wconf 88' lang='lat' dir='ltr'>ipfius</span> <span class='ocrx_word' id='word_1_152' title='bbox 471 1323 602 1375; x_wconf 77' lang='lat' dir='ltr'>patriae</span> <span class='ocrx_word' id='word_1_153' title='bbox 624 1322 825 1359; x_wconf 84' lang='lat' dir='ltr'>caritatem</span> <span class='ocrx_word' id='word_1_154' title='bbox 853 1318 1116 1371; x_wconf 73' lang='lat' dir='ltr'>reliquiffem5</span> <span class='ocrx_word' id='word_1_155' title='bbox 1149 1332 1243 1356; x_wconf 91' lang='lat' dir='ltr'>cum</span> <span class='ocrx_word' id='word_1_156' title='bbox 1272 1332 1408 1356; x_wconf 89' lang='lat' dir='ltr'>meum</span> <span class='ocrx_word' id='word_1_157' title='bbox 1438 1318 1557 1356; x_wconf 90' lang='lat' dir='ltr'>illum</span> <span class='ocrx_word' id='word_1_158' title='bbox 1586 1316 1719 1355; x_wconf 88' lang='lat' dir='ltr'>casum</span> 
     </span>
     <span class='ocr_line' id='line_1_19' title="bbox 311 1381 1717 1439; baseline -0.004 -13"><span class='ocrx_word' id='word_1_159' title='bbox 311 1436 314 1439; x_wconf 19' lang='grc' dir='ltr'>ι</span> <span class='ocrx_word' id='word_1_160' title='bbox 332 1398 412 1426; x_wconf 81' lang='lat' dir='ltr'>tam</span> <span class='ocrx_word' id='word_1_161' title='bbox 433 1387 681 1431; x_wconf 88' lang='lat' dir='ltr'>horribilem,</span> <span class='ocrx_word' id='word_1_162' title='bbox 706 1395 784 1423; x_wconf 84' lang='lat' dir='ltr'>tam</span> <span class='ocrx_word' id='word_1_163' title='bbox 805 1398 976 1437; x_wconf 88' lang='lat' dir='ltr'>gravem,</span> <span class='ocrx_word' id='word_1_164' title='bbox 1000 1393 1081 1422; x_wconf 87' lang='lat' dir='ltr'>tam</span> <span class='ocrx_word' id='word_1_165' title='bbox 1103 1384 1368 1436; x_wconf 88' lang='lat' dir='ltr'>repentinum,</span> <span class='ocrx_word' id='word_1_166' title='bbox 1393 1397 1472 1421; x_wconf 90' lang='lat' dir='ltr'>non</span> <span class='ocrx_word' id='word_1_167' title='bbox 1493 1383 1621 1421; x_wconf 87' lang='lat' dir='ltr'>solum</span> <span class='ocrx_word' id='word_1_168' title='bbox 1641 1381 1717 1421; x_wconf 84' lang='lat' dir='ltr'>ho-</span> 
     </span>
     <span class='ocr_line' id='line_1_20' title="bbox 332 1447 1718 1502; baseline -0.004 -11"><span class='ocrx_word' id='word_1_169' title='bbox 332 1454 473 1498; x_wconf 83' lang='lat' dir='ltr'>mines,</span> <span class='ocrx_word' id='word_1_170' title='bbox 507 1452 568 1490; x_wconf 90' lang='lat' dir='ltr'>sed</span> <span class='ocrx_word' id='word_1_171' title='bbox 591 1453 689 1490; x_wconf 72' lang='lat' dir='ltr'>tecta</span> <span class='ocrx_word' id='word_1_172' title='bbox 710 1451 816 1488; x_wconf 89' lang='lat' dir='ltr'>urbis</span> <span class='ocrx_word' id='word_1_173' title='bbox 838 1464 880 1488; x_wconf 86' lang='lat' dir='ltr'>ac</span> <span class='ocrx_word' id='word_1_174' title='bbox 903 1449 1063 1502; x_wconf 88' lang='lat' dir='ltr'>templa,</span> <span class='ocrx_word' id='word_1_175' title='bbox 1087 1449 1295 1501; x_wconf 84' lang='lat' dir='ltr'>lugerent;</span> <span class='ocrx_word' id='word_1_176' title='bbox 1326 1462 1443 1487; x_wconf 91' lang='lat' dir='ltr'>nemo</span> <span class='ocrx_word' id='word_1_177' title='bbox 1464 1448 1634 1486; x_wconf 88' lang='lat' dir='ltr'>vestrum</span> <span class='ocrx_word' id='word_1_178' title='bbox 1653 1447 1718 1486; x_wconf 91' lang='lat' dir='ltr'>fo-</span> 
     </span>
    </p>

    <p class='ocr_par' dir='ltr' id='par_1_4' title="bbox 332 1516 1728 2279">
     <span class='ocr_line' id='line_1_21' title="bbox 333 1516 1719 1569; baseline -0.004 -11"><span class='ocrx_word' id='word_1_179' title='bbox 333 1534 436 1565; x_wconf 87' lang='lat' dir='ltr'>rum,</span> <span class='ocrx_word' id='word_1_180' title='bbox 456 1533 572 1557; x_wconf 89' lang='lat' dir='ltr'>nemo</span> <span class='ocrx_word' id='word_1_181' title='bbox 593 1519 757 1563; x_wconf 83' lang='lat' dir='ltr'>curiam,</span> <span class='ocrx_word' id='word_1_182' title='bbox 777 1531 892 1555; x_wconf 90' lang='lat' dir='ltr'>nemo</span> <span class='ocrx_word' id='word_1_183' title='bbox 913 1517 1059 1562; x_wconf 91' lang='lat' dir='ltr'>lucem,</span> <span class='ocrx_word' id='word_1_184' title='bbox 1082 1516 1250 1569; x_wconf 84' lang='lat' dir='ltr'>aspicere</span> <span class='ocrx_word' id='word_1_185' title='bbox 1270 1517 1410 1555; x_wconf 86' lang='lat' dir='ltr'>vellet:</span> <span class='ocrx_word' id='word_1_186' title='bbox 1436 1516 1520 1561; x_wconf 92' lang='lat' dir='ltr'>illo,</span> <span class='ocrx_word' id='word_1_187' title='bbox 1540 1516 1719 1568; x_wconf 89' lang='lat' dir='ltr'>inquam,</span> 
     </span>
     <span class='ocr_line' id='line_1_22' title="bbox 332 1582 1722 1638; baseline -0.003 -15"><span class='ocrx_word' id='word_1_188' title='bbox 332 1586 416 1638; x_wconf 89' lang='lat' dir='ltr'>ipso</span> <span class='ocrx_word' id='word_1_189' title='bbox 437 1586 521 1630; x_wconf 91' lang='lat' dir='ltr'>die,</span> <span class='ocrx_word' id='word_1_190' title='bbox 553 1585 615 1622; x_wconf 89' lang='lat' dir='ltr'>die</span> <span class='ocrx_word' id='word_1_191' title='bbox 637 1584 725 1621; x_wconf 91' lang='lat' dir='ltr'>dico</span> <span class='ocrx_word' id='word_1_192' title='bbox 745 1585 757 1620; x_wconf 74' lang='grc' dir='ltr'>Ρ</span> <span class='ocrx_word' id='word_1_193' title='bbox 790 1584 916 1620; x_wconf 89' lang='lat' dir='ltr'>immo</span> <span class='ocrx_word' id='word_1_194' title='bbox 936 1582 1054 1627; x_wconf 86' lang='lat' dir='ltr'>hora,</span> <span class='ocrx_word' id='word_1_195' title='bbox 1086 1592 1203 1634; x_wconf 90' lang='lat' dir='ltr'>atque</span> <span class='ocrx_word' id='word_1_196' title='bbox 1223 1583 1343 1620; x_wconf 91' lang='lat' dir='ltr'>etiam</span> <span class='ocrx_word' id='word_1_197' title='bbox 1364 1583 1511 1634; x_wconf 67' lang='lat' dir='ltr'>puncto</span> <span class='ocrx_word' id='word_1_198' title='bbox 1533 1582 1722 1634; x_wconf 83' lang='lat' dir='ltr'>temporis</span> 
     </span>
     <span class='ocr_line' id='line_1_23' title="bbox 333 1647 1720 1702; baseline -0.003 -13"><span class='ocrx_word' id='word_1_199' title='bbox 333 1651 485 1696; x_wconf 84' lang='lat' dir='ltr'>eodem,</span> <span class='ocrx_word' id='word_1_200' title='bbox 508 1649 608 1688; x_wconf 90' lang='lat' dir='ltr'>mihi</span> <span class='ocrx_word' id='word_1_201' title='bbox 631 1650 763 1702; x_wconf 87' lang='lat' dir='ltr'>reique</span> <span class='ocrx_word' id='word_1_202' title='bbox 784 1648 953 1701; x_wconf 78' lang='lat' dir='ltr'>publica:</span> <span class='ocrx_word' id='word_1_203' title='bbox 974 1648 1182 1700; x_wconf 84' lang='lat' dir='ltr'>pernicies,</span> <span class='ocrx_word' id='word_1_204' title='bbox 1216 1648 1390 1686; x_wconf 85' lang='lat' dir='ltr'>Gabinio</span> <span class='ocrx_word' id='word_1_205' title='bbox 1411 1657 1450 1686; x_wconf 92' lang='lat' dir='ltr'>et</span> <span class='ocrx_word' id='word_1_206' title='bbox 1472 1647 1605 1685; x_wconf 89' lang='lat' dir='ltr'>Pisoni</span> <span class='ocrx_word' id='word_1_207' title='bbox 1625 1661 1720 1700; x_wconf 90' lang='lat' dir='ltr'>pro-</span> 
     </span>
     <span class='ocr_line' id='line_1_24' title="bbox 334 1713 1721 1768; baseline -0.002 -14"><span class='ocrx_word' id='word_1_208' title='bbox 334 1717 476 1761; x_wconf 78' lang='lat' dir='ltr'>vincia,</span> <span class='ocrx_word' id='word_1_209' title='bbox 500 1725 630 1768; x_wconf 85' lang='lat' dir='ltr'>rogata</span> <span class='ocrx_word' id='word_1_210' title='bbox 650 1715 717 1752; x_wconf 89' lang='lat' dir='ltr'>est.</span> <span class='ocrx_word' id='word_1_211' title='bbox 746 1715 822 1751; x_wconf 93' lang='lat' dir='ltr'>Pro</span> <span class='ocrx_word' id='word_1_212' title='bbox 843 1714 914 1751; x_wconf 89' lang='lat' dir='ltr'>Dii</span> <span class='ocrx_word' id='word_1_213' title='bbox 934 1713 1193 1758; x_wconf 85' lang='lat' dir='ltr'>immortales,</span> <span class='ocrx_word' id='word_1_214' title='bbox 1216 1713 1392 1751; x_wconf 88' lang='lat' dir='ltr'>custodes</span> <span class='ocrx_word' id='word_1_215' title='bbox 1414 1722 1452 1751; x_wconf 89' lang='lat' dir='ltr'>et</span> <span class='ocrx_word' id='word_1_216' title='bbox 1473 1713 1721 1751; x_wconf 85' lang='lat' dir='ltr'>conservato-</span> 
     </span>
     <span class='ocr_line' id='line_1_25' title="bbox 336 1778 1721 1833; baseline -0.002 -14"><span class='ocrx_word' id='word_1_217' title='bbox 336 1795 392 1819; x_wconf 81' lang='lat' dir='ltr'>res</span> <span class='ocrx_word' id='word_1_218' title='bbox 414 1781 532 1833; x_wconf 85' lang='lat' dir='ltr'>hujus</span> <span class='ocrx_word' id='word_1_219' title='bbox 555 1780 661 1817; x_wconf 90' lang='lat' dir='ltr'>urbis</span> <span class='ocrx_word' id='word_1_220' title='bbox 683 1788 799 1830; x_wconf 85' lang='lat' dir='ltr'>atque</span> <span class='ocrx_word' id='word_1_221' title='bbox 821 1778 976 1830; x_wconf 90' lang='lat' dir='ltr'>imperii</span> <span class='ocrx_word' id='word_1_222' title='bbox 996 1778 1003 1814; x_wconf 90' lang='lat'>!</span> <span class='ocrx_word' id='word_1_223' title='bbox 1028 1791 1208 1829; x_wconf 86' lang='lat' dir='ltr'>quaenam</span> <span class='ocrx_word' id='word_1_224' title='bbox 1229 1778 1298 1814; x_wconf 87' lang='lat' dir='ltr'>illa</span> <span class='ocrx_word' id='word_1_225' title='bbox 1317 1778 1357 1815; x_wconf 90' lang='lat' dir='ltr'>in</span> <span class='ocrx_word' id='word_1_226' title='bbox 1380 1778 1583 1829; x_wconf 89' lang='lat' dir='ltr'>republica</span> <span class='ocrx_word' id='word_1_227' title='bbox 1603 1792 1721 1816; x_wconf 90' lang='lat' dir='ltr'>mon-</span> 
     </span>
     <span class='ocr_line' id='line_1_26' title="bbox 337 1843 1721 1899; baseline -0.002 -14"><span class='ocrx_word' id='word_1_228' title='bbox 337 1848 422 1891; x_wconf 83' lang='lat' dir='ltr'>stra,</span> <span class='ocrx_word' id='word_1_229' title='bbox 446 1860 531 1899; x_wconf 65' lang='lat' dir='ltr'>qua:</span> <span class='ocrx_word' id='word_1_230' title='bbox 554 1845 706 1889; x_wconf 88' lang='lat' dir='ltr'>scelera,</span> <span class='ocrx_word' id='word_1_231' title='bbox 729 1843 906 1882; x_wconf 84' lang='lat' dir='ltr'>vidistis?</span> <span class='ocrx_word' id='word_1_232' title='bbox 931 1844 1039 1881; x_wconf 89' lang='lat' dir='ltr'>Civis</span> <span class='ocrx_word' id='word_1_233' title='bbox 1062 1852 1141 1881; x_wconf 90' lang='lat' dir='ltr'>erat</span> <span class='ocrx_word' id='word_1_234' title='bbox 1161 1843 1346 1895; x_wconf 87' lang='lat' dir='ltr'>expulsus</span> <span class='ocrx_word' id='word_1_235' title='bbox 1368 1843 1416 1888; x_wconf 84' lang='lat' dir='ltr'>is,</span> <span class='ocrx_word' id='word_1_236' title='bbox 1439 1844 1509 1895; x_wconf 87' lang='lat' dir='ltr'>qui</span> <span class='ocrx_word' id='word_1_237' title='bbox 1531 1844 1721 1896; x_wconf 85' lang='lat' dir='ltr'>rempub-</span> 
     </span>
     <span class='ocr_line' id='line_1_27' title="bbox 337 1909 1722 1956; baseline -0.002 -5"><span class='ocrx_word' id='word_1_238' title='bbox 337 1914 455 1951; x_wconf 83' lang='lat' dir='ltr'>licam</span> <span class='ocrx_word' id='word_1_239' title='bbox 476 1926 523 1950; x_wconf 87' lang='lat' dir='ltr'>ex</span> <span class='ocrx_word' id='word_1_240' title='bbox 549 1912 699 1949; x_wconf 87' lang='lat' dir='ltr'>senatus</span> <span class='ocrx_word' id='word_1_241' title='bbox 729 1911 956 1948; x_wconf 67' lang='lat' dir='ltr'>auctoritate</span> <span class='ocrx_word' id='word_1_242' title='bbox 985 1923 1079 1956; x_wconf 85' lang='lat' dir='ltr'>cum</span> <span class='ocrx_word' id='word_1_243' title='bbox 1109 1909 1295 1948; x_wconf 86' lang='lat' dir='ltr'>omnibus</span> <span class='ocrx_word' id='word_1_244' title='bbox 1327 1909 1441 1948; x_wconf 87' lang='lat' dir='ltr'>bonis</span> <span class='ocrx_word' id='word_1_245' title='bbox 1472 1909 1722 1956; x_wconf 85' lang='lat' dir='ltr'>defenderat;</span> 
     </span>
     <span class='ocr_line' id='line_1_28' title="bbox 337 1975 1725 2031; baseline -0.002 -14"><span class='ocrx_word' id='word_1_246' title='bbox 337 1989 375 2017; x_wconf 89' lang='lat' dir='ltr'>et</span> <span class='ocrx_word' id='word_1_247' title='bbox 397 1977 580 2031; x_wconf 86' lang='lat' dir='ltr'>expulsus</span> <span class='ocrx_word' id='word_1_248' title='bbox 603 1991 680 2015; x_wconf 85' lang='lat' dir='ltr'>non</span> <span class='ocrx_word' id='word_1_249' title='bbox 702 1977 778 2014; x_wconf 86' lang='lat' dir='ltr'>alio</span> <span class='ocrx_word' id='word_1_250' title='bbox 799 1976 946 2028; x_wconf 84' lang='lat' dir='ltr'>aliquo,</span> <span class='ocrx_word' id='word_1_251' title='bbox 979 1975 1042 2013; x_wconf 91' lang='lat' dir='ltr'>sed</span> <span class='ocrx_word' id='word_1_252' title='bbox 1063 1989 1108 2013; x_wconf 92' lang='lat' dir='ltr'>eo</span> <span class='ocrx_word' id='word_1_253' title='bbox 1129 1975 1226 2028; x_wconf 89' lang='lat' dir='ltr'>ipso,</span> <span class='ocrx_word' id='word_1_254' title='bbox 1259 1975 1440 2013; x_wconf 90' lang='lat' dir='ltr'>crimine.</span> <span class='ocrx_word' id='word_1_255' title='bbox 1474 1976 1568 2013; x_wconf 83' lang='lat' dir='ltr'>Erat</span> <span class='ocrx_word' id='word_1_256' title='bbox 1593 1985 1725 2014; x_wconf 87' lang='lat' dir='ltr'>autem</span> 
     </span>
     <span class='ocr_line' id='line_1_29' title="bbox 337 2040 1725 2096; baseline -0.002 -14"><span class='ocrx_word' id='word_1_257' title='bbox 337 2043 520 2096; x_wconf 85' lang='lat' dir='ltr'>expulsus</span> <span class='ocrx_word' id='word_1_258' title='bbox 544 2043 620 2080; x_wconf 87' lang='lat' dir='ltr'>fine</span> <span class='ocrx_word' id='word_1_259' title='bbox 636 2042 803 2094; x_wconf 87' lang='lat' dir='ltr'>judicio,</span> <span class='ocrx_word' id='word_1_260' title='bbox 822 2042 874 2086; x_wconf 88' lang='lat' dir='ltr'>vi,</span> <span class='ocrx_word' id='word_1_261' title='bbox 893 2041 1105 2093; x_wconf 85' lang='lat' dir='ltr'>lapidibus,</span> <span class='ocrx_word' id='word_1_262' title='bbox 1124 2040 1241 2085; x_wconf 91' lang='lat' dir='ltr'>ferro,</span> <span class='ocrx_word' id='word_1_263' title='bbox 1260 2040 1415 2078; x_wconf 88' lang='lat' dir='ltr'>servitio</span> <span class='ocrx_word' id='word_1_264' title='bbox 1437 2040 1606 2093; x_wconf 87' lang='lat' dir='ltr'>denique</span> <span class='ocrx_word' id='word_1_265' title='bbox 1627 2055 1725 2080; x_wconf 91' lang='lat' dir='ltr'>con-</span> 
     </span>
     <span class='ocr_line' id='line_1_30' title="bbox 339 2105 1727 2159; baseline -0.002 -12"><span class='ocrx_word' id='word_1_266' title='bbox 339 2110 482 2147; x_wconf 66' lang='lat' dir='ltr'>citato:</span> <span class='ocrx_word' id='word_1_267' title='bbox 508 2110 570 2146; x_wconf 84' lang='lat' dir='ltr'>lex</span> <span class='ocrx_word' id='word_1_268' title='bbox 591 2118 670 2146; x_wconf 79' lang='lat' dir='ltr'>erat</span> <span class='ocrx_word' id='word_1_269' title='bbox 692 2109 780 2152; x_wconf 77' lang='lat' dir='ltr'>lata,</span> <span class='ocrx_word' id='word_1_270' title='bbox 804 2107 946 2144; x_wconf 85' lang='lat' dir='ltr'>vastato</span> <span class='ocrx_word' id='word_1_271' title='bbox 967 2120 1009 2144; x_wconf 90' lang='lat' dir='ltr'>ac</span> <span class='ocrx_word' id='word_1_272' title='bbox 1031 2107 1166 2144; x_wconf 74' lang='lat' dir='ltr'>reliCto</span> <span class='ocrx_word' id='word_1_273' title='bbox 1187 2105 1289 2152; x_wconf 90' lang='lat' dir='ltr'>foro,</span> <span class='ocrx_word' id='word_1_274' title='bbox 1311 2116 1349 2144; x_wconf 91' lang='lat' dir='ltr'>et</span> <span class='ocrx_word' id='word_1_275' title='bbox 1371 2106 1512 2144; x_wconf 81' lang='lat' dir='ltr'>ficariis</span> <span class='ocrx_word' id='word_1_276' title='bbox 1534 2107 1727 2159; x_wconf 89' lang='lat' dir='ltr'>servisque</span> 
     </span>
     <span class='ocr_line' id='line_1_31' title="bbox 342 2171 1728 2225; baseline -0.001 -13"><span class='ocrx_word' id='word_1_277' title='bbox 342 2175 512 2217; x_wconf 71' lang='lat' dir='ltr'>tradit0;</span> <span class='ocrx_word' id='word_1_278' title='bbox 550 2184 587 2211; x_wconf 84' lang='lat' dir='ltr'>et</span> <span class='ocrx_word' id='word_1_279' title='bbox 615 2188 657 2211; x_wconf 76' lang='lat' dir='ltr'>ca</span> <span class='ocrx_word' id='word_1_280' title='bbox 684 2174 762 2218; x_wconf 80' lang='lat' dir='ltr'>lex,</span> <span class='ocrx_word' id='word_1_281' title='bbox 794 2186 880 2225; x_wconf 81' lang='lat' dir='ltr'>quae</span> <span class='ocrx_word' id='word_1_282' title='bbox 914 2182 955 2210; x_wconf 84' lang='lat' dir='ltr'>ut</span> <span class='ocrx_word' id='word_1_283' title='bbox 989 2187 1036 2210; x_wconf 88' lang='lat' dir='ltr'>ne</span> <span class='ocrx_word' id='word_1_284' title='bbox 1068 2171 1248 2217; x_wconf 89' lang='lat' dir='ltr'>ferretur,</span> <span class='ocrx_word' id='word_1_285' title='bbox 1285 2172 1436 2210; x_wconf 86' lang='lat' dir='ltr'>senatus</span> <span class='ocrx_word' id='word_1_286' title='bbox 1469 2171 1595 2210; x_wconf 85' lang='lat' dir='ltr'>fuerat</span> <span class='ocrx_word' id='word_1_287' title='bbox 1627 2172 1728 2211; x_wconf 88' lang='lat' dir='ltr'>veste</span> 
     </span>
     <span class='ocr_line' id='line_1_32' title="bbox 342 2251 502 2279; baseline 0 -1"><span class='ocrx_word' id='word_1_288' title='bbox 342 2251 502 2279; x_wconf 59' lang='lat' dir='ltr'>multata·</span> 
     </span>
    </p>

    <p class='ocr_par' dir='ltr' id='par_1_5' title="bbox 342 2303 1727 2489">
     <span class='ocr_line' id='line_1_33' title="bbox 401 2303 1726 2357; baseline -0.001 -14"><span class='ocrx_word' id='word_1_289' title='bbox 401 2308 485 2344; x_wconf 69' lang='lat' dir='ltr'>Hac</span> <span class='ocrx_word' id='word_1_290' title='bbox 510 2316 614 2342; x_wconf 76' lang='lat' dir='ltr'>tanta</span> <span class='ocrx_word' id='word_1_291' title='bbox 636 2305 929 2356; x_wconf 84' lang='lat' dir='ltr'>perturbatione</span> <span class='ocrx_word' id='word_1_292' title='bbox 949 2304 1134 2349; x_wconf 86' lang='lat' dir='ltr'>civitatis,</span> <span class='ocrx_word' id='word_1_293' title='bbox 1154 2318 1201 2342; x_wconf 89' lang='lat' dir='ltr'>ne</span> <span class='ocrx_word' id='word_1_294' title='bbox 1223 2305 1378 2342; x_wconf 62' lang='lat' dir='ltr'>noctem</span> <span class='ocrx_word' id='word_1_295' title='bbox 1400 2303 1562 2357; x_wconf 88' lang='lat' dir='ltr'>quidem</span> <span class='ocrx_word' id='word_1_296' title='bbox 1583 2304 1726 2342; x_wconf 88' lang='lat' dir='ltr'>consu-</span> 
     </span>
     <span class='ocr_line' id='line_1_34' title="bbox 342 2369 1727 2423; baseline -0.001 -13"><span class='ocrx_word' id='word_1_297' title='bbox 342 2373 396 2410; x_wconf 82' lang='lat' dir='ltr'>les</span> <span class='ocrx_word' id='word_1_298' title='bbox 426 2373 526 2409; x_wconf 83' lang='lat' dir='ltr'>inter</span> <span class='ocrx_word' id='word_1_299' title='bbox 554 2385 687 2408; x_wconf 87' lang='lat' dir='ltr'>meum</span> <span class='ocrx_word' id='word_1_300' title='bbox 716 2370 939 2415; x_wconf 88' lang='lat' dir='ltr'>discrimen,</span> <span class='ocrx_word' id='word_1_301' title='bbox 974 2380 1012 2408; x_wconf 88' lang='lat' dir='ltr'>et</span> <span class='ocrx_word' id='word_1_302' title='bbox 1041 2384 1178 2408; x_wconf 90' lang='lat' dir='ltr'>eorum</span> <span class='ocrx_word' id='word_1_303' title='bbox 1213 2370 1397 2423; x_wconf 86' lang='lat' dir='ltr'>praedam‚</span> <span class='ocrx_word' id='word_1_304' title='bbox 1433 2369 1608 2408; x_wconf 82' lang='lat' dir='ltr'>intereffe</span> <span class='ocrx_word' id='word_1_305' title='bbox 1636 2370 1727 2423; x_wconf 86' lang='lat' dir='ltr'>paffi</span> 
     </span>
     <span class='ocr_line' id='line_1_35' title="bbox 343 2434 1726 2489; baseline -0.001 -14"><span class='ocrx_word' id='word_1_306' title='bbox 343 2437 431 2475; x_wconf 82' lang='lat' dir='ltr'>sunt</span> <span class='ocrx_word' id='word_1_307' title='bbox 446 2453 453 2475; x_wconf 92' lang='lat'>:</span> <span class='ocrx_word' id='word_1_308' title='bbox 480 2437 621 2482; x_wconf 73' lang='lat' dir='ltr'>statim,</span> <span class='ocrx_word' id='word_1_309' title='bbox 639 2450 700 2474; x_wconf 87' lang='lat' dir='ltr'>mc</span> <span class='ocrx_word' id='word_1_310' title='bbox 718 2435 910 2489; x_wconf 89' lang='lat' dir='ltr'>perculso,</span> <span class='ocrx_word' id='word_1_311' title='bbox 928 2434 975 2474; x_wconf 90' lang='lat' dir='ltr'>ad</span> <span class='ocrx_word' id='word_1_312' title='bbox 989 2449 1123 2474; x_wconf 88' lang='lat' dir='ltr'>meum</span> <span class='ocrx_word' id='word_1_313' title='bbox 1138 2435 1366 2488; x_wconf 86' lang='lat' dir='ltr'>sanguinem</span> <span class='ocrx_word' id='word_1_314' title='bbox 1381 2434 1658 2482; x_wconf 89' lang='lat' dir='ltr'>hauriendum,</span> <span class='ocrx_word' id='word_1_315' title='bbox 1672 2445 1726 2481; x_wconf 88' lang='lat' dir='ltr'>et,</span> 
     </span>
    </p>
   </div>
  </div>
 </body>
</html>
