2076 2860
510 196 586 235 ,τεο
665 168 669 172 ’
863 192 940 232 IN
1000 191 1064 230 M.
1126 190 1554 230 ANTONIUM

509 296 737 350 reipublice:
764 295 993 347 gratularer.
1026 295 1162 347 Atque
1192 307 1279 347 ego,
1311 293 1491 332 celeriter
1522 294 1679 332 Veliam
1710 276 1906 340 devectus,

508 365 678 402 Brutum
699 362 807 405 vidi;
841 370 990 414 quanto
1011 375 1101 399 meo
1121 361 1256 399 dolore
1271 391 1281 406 ‚
1314 375 1394 398 non
1416 361 1520 400 dico.
1554 363 1693 414 Turpe
1713 360 1816 399 mihi
1837 360 1907 414 ipsi

508 430 737 474 videbatur,
771 428 811 465 in
844 441 929 465 eam
960 427 1100 465 urbem
1130 441 1194 466 me
1223 427 1363 465 audere
1392 427 1558 472 reverti,
1591 441 1639 466 ex
1664 441 1742 480 qua
1763 429 1908 465 Brutus

508 496 660 533 cederet
678 514 688 539 ς
722 503 760 532 et
780 494 837 531 ibi
859 494 960 532 velle
982 503 1070 532 tuto
1090 494 1177 538 effe,
1201 494 1270 532 ubi
1292 493 1360 531 ille
1381 507 1461 531 non
1482 493 1618 546 posset.
1652 494 1798 547 Neque
1818 507 1909 532 vero

508 562 626 599 illum
647 560 827 598 fimiliter
841 590 852 606 ,
885 569 1004 613 atque
1026 560 1105 613 ipse
1126 574 1231 598 eram
1246 590 1256 605 ,
1289 568 1541 598 commotum
1562 559 1634 598 effe
1654 560 1751 598 vidi.
1785 561 1908 598 Erec-

509 638 570 666 tus
592 629 700 666 enim
722 629 887 666 maximi
908 641 952 666 ac
972 627 1235 680 pulcherrimi
1256 627 1348 666 facti
1369 627 1623 673 conscientia,
1650 627 1754 666 nihil
1775 626 1823 665 de
1843 627 1912 666 suo

507 695 610 740 casu,
642 695 771 733 multa
790 694 837 732 de
858 694 1003 739 nostro,
1036 695 1286 747 querebatur.

563 763 627 800 Ex
660 776 740 813 quo
773 762 949 814 primum
977 762 1162 814 cognovi,
1195 775 1281 814 quae
1312 761 1500 799 Kalendis
1531 760 1746 798 Sextilibus
1778 761 1819 798 in
1850 760 1910 798 se-

509 837 602 866 natu
623 827 755 866 fuiffet
775 829 825 866 L.
851 828 1002 866 Pisonis
1025 828 1149 865 oratio
1169 843 1177 866 :
1211 829 1281 881 qui
1311 841 1539 880 quanquam
1570 840 1709 879 parum
1739 836 1819 864 erat
1843 826 1912 879 (id

507 895 616 932 enim
646 894 776 947 ipsum
807 908 827 931 a
857 895 981 932 Bruto
1009 894 1226 945 audieram)
1251 908 1271 932 a
1300 893 1447 946 quibus
1478 893 1690 938 debuerat,
1722 892 1908 945 adjutus;

508 970 639 999 tamen
661 970 700 999 et
721 962 834 999 Bruti
856 961 1082 998 testimonio
1113 962 1212 1013 (quo
1241 960 1339 1013 quid
1369 960 1494 1013 potest
1522 960 1594 998 effe
1624 960 1778 1013 gravius
1799 959 1839 1010 ?)
1871 968 1910 998 et

508 1028 692 1065 omnium
713 1027 990 1080 praedicatione
1006 1057 1016 1072 ‚
1049 1041 1148 1080 quos
1170 1027 1300 1079 postea
1319 1027 1427 1071 vidi,
1459 1040 1645 1078 magnam
1665 1025 1768 1064 mihi
1796 1025 1907 1064 vide-

509 1094 624 1132 batur
643 1094 811 1147 gloriam
833 1094 1081 1132 consecutus.
1115 1094 1240 1132 Hunc
1261 1093 1385 1146 igitur
1406 1102 1450 1130 ut
1471 1093 1663 1145 sequerer,
1689 1093 1909 1145 properavi,

509 1175 629 1214 quem
655 1160 860 1214 praesentes
888 1174 967 1198 non
998 1160 1087 1198 sunt
1114 1159 1265 1198 secuti:
1298 1173 1378 1197 non
1407 1168 1451 1196 ut
1478 1159 1711 1212 proficerem
1739 1158 1905 1210 aliquid,

513 1229 659 1280 (neque
679 1227 787 1264 enirn
809 1226 1008 1279 sperabam
1031 1226 1070 1263 id
1085 1256 1093 1271 ‚
1127 1240 1254 1278 neque
1276 1225 1450 1278 praestare
1472 1226 1667 1278 poteram)
1692 1225 1756 1262 sed
1777 1234 1824 1262 ut
1839 1255 1850 1269 ‚
1883 1225 1909 1263 fi

509 1293 606 1346 quid
627 1292 728 1330 mihi
750 1292 981 1331 humanitus
1002 1292 1213 1337 accidiffet,
1235 1292 1381 1344 (multa
1396 1301 1528 1329 autem
1549 1291 1778 1343 impendere
1798 1290 1909 1329 vide-

511 1360 654 1397 bantur
674 1368 812 1412 praeter
832 1367 1026 1403 naturam,
1044 1368 1262 1411 praeterque
1281 1357 1428 1407 fatum)
1448 1357 1567 1410 hujus
1586 1366 1717 1395 tamen
1739 1357 1818 1395 diei
1837 1371 1909 1395 vo-

510 1440 597 1464 cem
629 1426 764 1463 testem
796 1425 1023 1478 reipublicae
1052 1425 1315 1477 relinquerem
1338 1438 1433 1461 meae
1454 1433 1651 1477 perpetuae
1672 1437 1761 1475 erga
1782 1423 1818 1461 se
1838 1437 1910 1461 vo-

509 1493 690 1530 luntatis.
715 1492 918 1544 Qoniam
941 1491 1144 1543 utriusque
1164 1491 1317 1528 confilii
1339 1490 1506 1535 causam,
1527 1491 1658 1527 Patres
1680 1489 1910 1542 conscripti,

510 1559 715 1611 probatam
738 1559 848 1596 vobis
870 1558 942 1596 effe
967 1558 1151 1603 confido,
1183 1558 1292 1610 prius
1323 1571 1443 1610 quam
1474 1556 1520 1594 de
1550 1556 1754 1609 republica
1783 1556 1911 1595 dicere

508 1625 675 1678 incipio,
707 1638 829 1677 pauca
850 1638 988 1677 querar
1009 1623 1056 1661 de
1076 1623 1253 1661 hesterna
1273 1624 1336 1662 M.
1362 1623 1531 1661 Antonii
1554 1623 1711 1675 injuria,
1740 1623 1806 1660 cui
1826 1623 1913 1661 sum

510 1692 689 1736 amicu53
723 1691 842 1743 idque
871 1704 936 1728 me
966 1689 1162 1728 nonnullo
1183 1690 1265 1742 ejus
1289 1689 1421 1728 officio
1440 1689 1582 1727 debere
1611 1688 1709 1734 effe,
1743 1702 1819 1741 prae
1849 1702 1913 1727 me

511 1758 662 1810 semper
687 1758 776 1797 tuli.

568 1827 620 1863 V.
645 1826 755 1876 Qid
778 1825 935 1863 tandem
957 1834 1035 1862 erat
1057 1825 1191 1869 causae,
1211 1839 1281 1862 cur
1301 1825 1341 1862 in
1364 1825 1541 1862 senatum
1557 1823 1736 1862 hesterno
1753 1824 1815 1862 die
1832 1833 1912 1862 tam

511 1892 648 1930 acerbe
669 1893 856 1943 cogerer?
889 1891 1041 1929 solusne
1061 1891 1215 1934 aberam
1234 1892 1246 1928 ?
1279 1904 1325 1927 an
1349 1904 1427 1928 non
1450 1890 1546 1942 saepe
1567 1891 1699 1928 rninus
1721 1890 1910 1942 frequen-

513 1967 569 1996 tes
592 1957 718 1995 fuistis
739 1959 752 1995 ?
784 1971 830 1995 an
852 1971 894 1995 ea
915 1971 972 1995 res
994 1957 1203 2009 agebatur,
1236 1966 1280 1994 ut
1300 1957 1419 1994 etiam
1441 1964 1605 2008 aegrotos
1628 1954 1771 1993 deferri
1791 1969 1910 2009 opor-

513 2025 643 2062 teret?
676 2023 879 2068 Annibal,
911 2023 1053 2069 credo,
1085 2032 1165 2061 erat
1198 2022 1244 2060 ad
1276 2031 1432 2075 portas,
1465 2031 1531 2060 aut
1564 2021 1611 2059 de
1644 2021 1786 2073 Pyrrhi
1817 2035 1912 2074 pace

512 2090 722 2142 agebatur:
755 2089 802 2126 ad
824 2103 942 2142 quam
964 2089 1118 2128 causam
1139 2090 1258 2127 etiam
1279 2089 1460 2142 Appium
1481 2088 1614 2133 illum,
1646 2096 1684 2125 et
1705 2101 1855 2127 caecum
1875 2097 1915 2127 et

513 2157 659 2201 senem,
683 2155 857 2193 delatum
878 2156 964 2201 effe,
988 2157 1188 2194 memoriae
1210 2155 1413 2208 proditum
1434 2154 1501 2193 est.
1526 2155 1587 2193 De
1609 2154 1912 2207 supplicationi-

513 2222 587 2260 bus
623 2221 886 2260 referebatur:
921 2236 1001 2274 quo
1033 2222 1073 2259 in
1106 2235 1247 2274 genere
1280 2221 1471 2259 senatores
1504 2219 1625 2259 deeffe
1658 2234 1737 2258 non
1770 2221 1909 2259 solent.

513 2289 726 2340 Coguntur
746 2287 853 2325 enim
876 2301 954 2324 non
982 2288 1243 2339 pignoribus,
1275 2287 1339 2324 sed
1366 2301 1529 2332 eorum,
1562 2300 1734 2339 quorum
1761 2286 1809 2324 de
1835 2285 1910 2324 ho-

514 2368 608 2392 nore
635 2354 789 2406 agitur‚
821 2353 971 2406 gratia:
1005 2353 1113 2406 quod
1141 2353 1246 2391 idem
1275 2352 1319 2390 fit
1335 2383 1345 2398 ,
1378 2367 1471 2391 cum
1493 2353 1540 2390 de
1563 2351 1769 2406 triumpho
1790 2351 1911 2390 refer-

515 2429 594 2458 tur.
643 2421 702 2458 Ita
729 2419 806 2457 fine
834 2433 927 2457 cura
953 2418 1132 2457 consules
1154 2419 1243 2457 sunt
1259 2448 1270 2464 ,
1303 2428 1346 2457 ut
1367 2432 1465 2472 pene
1487 2418 1660 2457 liberum
1681 2418 1727 2457 s1t
1747 2417 1912 2456 senatori

514 2500 596 2526 non
627 2486 762 2525 adesse.
810 2486 894 2537 Qi
920 2499 1014 2524 cum
1042 2484 1144 2524 mihi
1171 2498 1257 2524 mos
1287 2494 1403 2524 notus
1431 2484 1547 2531 esset,
1579 2497 1752 2538 cumque
1780 2483 1826 2522 de
1854 2483 1915 2522 via
