2076 2860
459 218 536 271 438
814 215 891 254 IN
950 214 1014 253 M.
1076 214 1502 254 ANTONIUM

458 336 550 360 eum
571 320 759 374 sapientes
793 318 851 357 sui
882 318 1060 371 primum
1093 319 1232 370 capitis
1265 318 1376 357 aiunt
1403 317 1606 358 custodem
1633 317 1706 357 efi‘e
1733 331 1853 373 opor-

459 397 553 426 tere.
597 388 702 424 Cum
735 385 864 437 septus
897 385 943 422 fis
975 384 1129 437 legibus
1160 394 1199 422 et
1223 385 1471 437 judiciorum
1501 394 1625 431 metu,
1657 398 1737 423 non
1765 384 1856 424 sunt

458 453 592 491 omnia
612 451 802 496 timenda,
834 464 963 503 neque
995 451 1042 489 ad
1073 464 1211 489 omnes
1244 451 1398 490 infidias
1431 451 1603 504 praefidia
1632 451 1852 504 quaerenda.

459 519 560 571 Qis
582 518 691 556 enim
711 517 849 555 audeat
869 517 966 562 luci,
998 517 1088 570 quis
1116 518 1158 555 in
1179 517 1343 555 militari
1364 517 1438 562 via,
1471 518 1559 569 quis
1591 517 1691 555 bene
1722 518 1853 556 comi-

457 593 599 629 tatum,
631 584 719 636 quis
750 583 943 622 illustrem
964 582 1123 635 aggredi
1142 584 1154 620 ?
1188 584 1287 621 Haec
1309 596 1437 635 neque
1457 582 1534 621 hoc
1556 591 1748 635 tempore,
1780 596 1852 622 ne-

455 665 534 703 que
563 651 605 689 in
635 664 713 696 me,
746 650 890 688 valent.
933 649 1030 688 Non
1058 648 1178 687 modo
1199 649 1306 686 enim
1328 661 1487 702 poenam
1508 662 1588 687 non
1609 648 1852 694 extimescet,

455 718 526 770 qui
546 716 650 755 mihi
670 717 754 755 vim
773 715 978 761 attulerit3
1012 714 1075 753 sed
1095 715 1215 753 etiam
1235 715 1404 767 gloriam
1424 714 1594 767 sperabit
1611 727 1633 752 a
1653 715 1854 754 latronum

451 783 656 836 gregibus,
688 791 727 820 et
748 781 920 834 praemia.

510 850 587 887 XI.
620 849 720 887 Haec
747 861 821 901 ego
845 848 888 886 in
909 847 1006 886 urbe
1026 847 1247 900 praevideo:
1280 845 1410 885 facilis
1441 845 1496 885 est
1527 846 1851 900 circumspectus,

453 915 558 954 unde
578 928 731 960 exeam,
754 928 834 967 quo
855 914 1095 967 progrediar,
1118 913 1217 966 quid
1237 913 1283 951 ad
1304 913 1520 958 dexteram,
1552 912 1650 966 quid
1670 913 1718 951 ad
1738 912 1850 951 finis-

452 990 555 1019 tram
575 981 635 1019 fit.
669 981 784 1020 Num
805 980 912 1018 idem
932 980 974 1017 in
996 979 1202 1032 Apennini
1223 979 1449 1018 tramitibus
1470 979 1596 1017 facere
1617 979 1784 1032 potero?
1806 978 1850 1017 in

452 1046 616 1099 quibus,
633 1046 753 1085 etiam
773 1046 799 1084 s1
818 1058 897 1084 non
918 1053 1034 1084 erunt
1054 1044 1214 1089 infidiae,
1233 1059 1318 1097 quae
1339 1044 1532 1083 facillime
1552 1044 1624 1082 effe
1644 1051 1847 1096 poterunt,

452 1113 606 1151 animus
629 1122 761 1151 tamen
782 1112 856 1149 erit
876 1111 1085 1155 sollicitus,
1118 1119 1163 1148 ut
1190 1109 1293 1148 nihil
1314 1109 1429 1162 poffit
1449 1109 1496 1147 de
1516 1109 1658 1147 officiis
1678 1109 1847 1161 legatio-

452 1178 513 1216 nis
534 1178 747 1216 attendere.
772 1176 845 1215 Sed
865 1176 989 1229 effugi
1009 1176 1163 1214 infidias
1181 1191 1190 1214 :
1214 1177 1373 1229 perrupi
1389 1176 1663 1228 Apenninum.
1688 1176 1849 1227 Nempe

451 1244 492 1281 in
515 1244 684 1282 Antonii
705 1242 952 1295 congressum
968 1242 1297 1294 colloquiumque
1317 1240 1556 1278 veniendum
1577 1241 1645 1279 est.
1669 1241 1848 1292 Qinam

451 1310 562 1348 locus
585 1310 760 1363 capietur
779 1310 792 1346 ?
825 1309 865 1346 Si
885 1317 994 1356 ex-tra
1012 1307 1158 1351 castra;
1191 1307 1320 1345 caeteri
1340 1306 1511 1344 viderint
1530 1322 1539 1345 :
1572 1319 1645 1359 ego
1676 1314 1848 1345 mortem

449 1378 628 1414 adtutum
650 1375 826 1414 futuram
845 1384 959 1428 puto.
1003 1362 1117 1413 Novi
1142 1372 1318 1411 hominis
1343 1372 1534 1418 furorem,
1567 1372 1659 1411 novi
1679 1372 1847 1411 effrena-

450 1450 531 1480 tam
547 1442 791 1480 violentiam.
817 1442 943 1493 Cujus
959 1439 1148 1479 acerbitas
1165 1453 1339 1484 morum,
1360 1438 1662 1491 immanitasque
1683 1447 1845 1483 naturae,

450 1522 499 1546 ne
531 1509 623 1546 vino
655 1508 818 1560 quidem
849 1506 1032 1560 permista
1063 1506 1271 1559 temperari
1304 1505 1401 1543 solet
1417 1524 1428 1550 5
1461 1503 1528 1542 hic
1549 1504 1606 1542 ira
1625 1503 1844 1542 dementia-

449 1587 525 1625 que
547 1573 830 1618 inflammatus,
852 1571 1033 1611 adhibito
1053 1571 1172 1610 fratre
1192 1571 1335 1616 Lucio,
1354 1571 1554 1608 teterrima
1574 1570 1718 1615 bellua,
1736 1582 1844 1608 nun-

448 1653 569 1693 quam
590 1639 767 1693 profecto
788 1653 808 1677 a
828 1653 891 1678 me
911 1639 1113 1692 sacrilegas
1134 1651 1272 1676 manus
1294 1645 1411 1689 atque
1431 1637 1573 1689 impias
1593 1635 1819 1674 abstinebit.

504 1706 681 1744 Memini
702 1705 902 1757 colloquia
921 1714 960 1743 et
986 1718 1081 1743 cum
1105 1703 1305 1742 acerrimis
1332 1702 1526 1747 hostibus,
1558 1711 1596 1740 et
1627 1715 1722 1740 cum
1752 1714 1843 1754 gra-

447 1772 596 1811 viffime
631 1772 946 1810 dissentientibus
981 1771 1150 1810 civibus.
1199 1772 1276 1809 Cn.
1312 1770 1541 1822 Pompeius,
1578 1769 1686 1807 Sexti
1720 1768 1842 1814 filius,

440 1838 600 1882 consul,
632 1851 697 1875 me
723 1836 922 1889 praesente,
954 1850 1048 1874 cum
1082 1836 1198 1874 effem
1229 1836 1304 1873 tiro
1339 1836 1379 1872 in
1410 1836 1493 1886 ejus
1525 1834 1716 1880 exercitu,
1747 1847 1842 1872 cum

448 1905 494 1943 P.
519 1904 655 1942 Vettio
685 1904 864 1948 Scatone,
896 1903 995 1940 duce
1017 1902 1256 1952 Marsorum,
1288 1901 1390 1938 inter
1410 1901 1503 1938 bina
1522 1900 1640 1938 castra
1660 1899 1840 1938 collocu-

448 1980 510 2008 tus
533 1969 599 2008 est.
632 1970 726 2020 Qo
747 1968 910 2021 quidem
931 1968 1098 2005 memini
1121 1968 1208 2005 Sex.
1234 1966 1485 2018 Pompeium,
1514 1964 1675 2003 fratrem
1696 1965 1839 2004 consu-

447 2036 511 2080 lis,
543 2034 590 2073 ad
620 2034 869 2087 colloquium
900 2033 1028 2086 ipsum
1060 2034 1189 2070 Roma
1214 2033 1359 2077 venire,
1392 2032 1551 2069 doctum
1573 2032 1703 2070 virum
1723 2040 1841 2084 atque

444 2102 685 2155 sapientem:
718 2115 838 2153 quem
870 2114 963 2138 cum
996 2101 1108 2137 Scato
1139 2098 1343 2144 salutasset,
1376 2099 1509 2149 Qem
1541 2107 1577 2135 te
1607 2098 1837 2151 appellem?

446 2169 593 2222 inquit.
624 2169 679 2206 At
701 2168 782 2213 ille,
799 2167 1030 2212 Voluntate,
1053 2166 1273 2218 hospitem3
1298 2165 1530 2209 necestitate,
1554 2163 1719 2203 hostem.
1745 2166 1839 2204 Erat

446 2235 487 2273 in
509 2235 580 2273 illo
601 2234 804 2286 colloquio
825 2234 985 2286 aequitas
1003 2249 1011 2271 :
1036 2233 1170 2270 nullus
1192 2234 1326 2278 timor,
1345 2231 1455 2270 nulla
1471 2231 1623 2269 suberat
1645 2231 1836 2284 suspicio:

445 2302 644 2340 mediocre
665 2301 783 2339 etiam
805 2300 956 2338 odium.
999 2300 1094 2338 Non
1116 2299 1224 2337 enim
1245 2308 1289 2336 ut
1310 2299 1504 2351 eriperent
1526 2299 1640 2336 nobis
1663 2298 1757 2336 socii
1777 2298 1837 2335 ci-

445 2368 623 2411 vitatem,
656 2365 718 2405 sed
740 2375 782 2404 ut
804 2367 844 2404 in
866 2379 950 2403 eam
973 2365 1253 2417 reciperentur,
1277 2365 1476 2417 petebant.
1511 2364 1615 2415 Sylla
1635 2377 1729 2401 cum
1750 2362 1836 2401 Sci-

444 2434 562 2486 pione
583 2434 685 2471 inter
706 2432 820 2470 Cales
841 2442 880 2470 et
901 2434 1098 2476 Teanum,
1130 2445 1223 2470 cum
1244 2431 1340 2469 alter
1361 2431 1580 2469 nobilitatis
1603 2430 1752 2474 florem,
1776 2428 1833 2466 al-

443 2510 503 2540 ter
523 2500 619 2540 belli
640 2500 763 2540 socios
784 2498 1033 2545 adhibuisset,
1060 2498 1108 2537 de
1127 2499 1355 2538 auctoritate
1375 2498 1542 2542 senatus,
1575 2496 1621 2535 de
1641 2494 1833 2547 suffragiis
