2076 2860
486 212 565 261 264
967 208 1412 246 ORATIO

484 326 578 351 cum
599 325 640 350 ος
664 311 857 354 videbam,
890 322 983 346 cum
1004 307 1120 345 verba
1140 308 1346 346 audiebam
1364 328 1375 354 ;
1409 322 1488 346 non
1511 317 1590 346 tam
1612 307 1796 348 afflictam
1815 324 1877 349 re-

483 381 590 432 giam
622 377 894 416 conditionem
927 375 1123 419 dolebam,
1161 388 1279 426 quam
1313 375 1359 413 de
1391 374 1561 413 fortunis
1595 377 1878 416 communibus

484 444 801 483 extimescebam.
844 442 952 480 Nam
967 471 978 486 ,
1010 455 1103 479 cum
1125 455 1234 479 more
1254 444 1451 494 majorum
1472 441 1519 480 de
1540 442 1647 480 servo
1676 443 1716 480 in
1746 443 1878 481 domi-

484 525 596 555 num,
630 523 676 547 ne
709 508 917 546 tormentis
950 507 1128 560 quidem,
1161 508 1281 560 quaeri
1313 508 1429 546 liceat
1447 527 1457 552 ;
1489 509 1531 545 in
1564 522 1641 560 qua
1667 508 1880 561 quaestione

482 578 595 615 dolor
627 589 757 614 veram
789 588 929 614 vocem
960 575 1100 612 elicere
1132 575 1272 626 possit,
1304 575 1423 612 etiam
1453 574 1500 611 ab
1532 575 1687 621 invito,
1717 585 1878 614 exortus

481 644 535 682 est
556 643 699 688 servus,
732 642 816 696 qui,
848 654 969 695 quem
990 642 1031 679 in
1051 641 1188 679 eculeo
1209 641 1404 694 appellare
1424 654 1503 679 non
1525 640 1668 694 poffet,
1699 655 1792 680 eum
1811 655 1877 682 ac-

481 710 589 749 cuset
610 709 774 749 solutus.

538 778 594 816 II.
628 774 836 815 Perturbat
857 788 935 820 me,
955 775 1003 813 C.
1019 774 1159 819 Caesar,
1182 774 1300 812 etiam
1322 773 1424 811 illud
1444 772 1666 819 interdum3
1690 774 1797 827 quod
1819 783 1877 813 ta-

481 858 588 889 men,
607 857 700 882 cum
717 852 754 881 te
770 842 927 895 penitus
945 842 1171 894 recognovi,
1189 841 1328 879 timere
1344 840 1494 879 defino:
1514 854 1553 879 re
1568 841 1677 879 enim
1693 841 1879 894 iniquum

480 911 549 957 est,
572 910 636 949 sed
657 919 722 948 tua
742 909 927 962 sapientia
948 908 994 946 fit
1014 908 1290 961 aequiffimum.
1319 908 1428 946 Nam
1449 907 1576 946 dicere
1596 907 1699 960 apud
1720 921 1811 946 eum
1832 908 1879 946 de

481 976 669 1022 facinore,
702 985 838 1014 contra
856 975 969 1027 cujus
989 976 1113 1014 vitam
1134 975 1343 1013 confilium
1364 973 1550 1012 facinoris
1573 973 1682 1012 iniffe
1703 987 1875 1027 arguare,

481 1044 508 1082 fi
529 1057 598 1097 per
618 1043 654 1081 se
675 1043 805 1096 ipsum
825 1041 1055 1087 confideres,
1087 1055 1201 1094 grave
1222 1041 1274 1078 est
1293 1056 1301 1079 ε
1336 1054 1453 1079 nemo
1473 1042 1581 1078 enim
1602 1039 1682 1078 fere
1702 1040 1775 1086 est,
1808 1042 1877 1092 qui

482 1110 539 1148 sui
567 1109 735 1163 periculi
758 1109 882 1161 judex
905 1121 984 1146 non
1011 1107 1082 1145 fibi
1103 1107 1139 1145 se
1160 1108 1369 1159 aequiorem
1386 1134 1396 1151 ‚
1429 1120 1549 1159 quam
1570 1120 1634 1144 reo
1649 1135 1659 1151 ‚
1691 1106 1874 1158 praebcat.

483 1175 556 1214 Sed
588 1185 668 1220 tua,
700 1176 749 1213 C.
775 1174 914 1218 Caesar‚
946 1173 1124 1226 praestans
1158 1171 1437 1224 singularisque
1468 1182 1606 1210 natura
1634 1170 1744 1209 hunc
1776 1171 1879 1209 mihi

481 1250 635 1279 metum
656 1240 803 1279 minuit
822 1256 829 1279 :
865 1253 942 1277 non
964 1239 1071 1277 enim
1094 1247 1172 1276 tam
1195 1238 1342 1283 timeo,
1375 1238 1473 1290 quid
1503 1246 1545 1275 tu
1573 1238 1620 1275 de
1641 1251 1729 1289 rege
1751 1238 1877 1290 Dejo-

480 1316 579 1353 tam,
612 1321 732 1360 quam
752 1306 949 1358 intelligo,
982 1304 1079 1357 quid
1101 1304 1147 1341 de
1169 1313 1205 1341 te
1226 1313 1399 1348 caeteros,
1431 1303 1527 1340 velis
1544 1302 1736 1355 judicare.

537 1374 706 1412 Moveor
727 1372 845 1410 etiam
866 1371 944 1408 loci
966 1370 1084 1422 ipsius
1112 1369 1319 1407 insolentia
1333 1399 1344 1414 ,
1377 1368 1485 1422 quod
1515 1377 1664 1406 tantam
1694 1367 1847 1406 causam
1862 1397 1873 1413 ,

480 1449 626 1493 quanta
658 1438 766 1477 nulla
797 1451 974 1490 unquam
1006 1437 1047 1474 in
1080 1435 1361 1488 disceptatione
1388 1435 1533 1472 versata
1559 1434 1626 1479 est,
1659 1434 1748 1472 dico
1776 1435 1879 1472 intra

481 1506 714 1544 domesticos
736 1505 915 1558 parietes,
939 1504 1028 1541 dico
1048 1511 1157 1541 extra
1177 1508 1419 1540 conventum
1433 1510 1473 1539 et
1488 1515 1575 1539 eam
1595 1499 1875 1554 frequentiam,

481 1574 521 1611 in
543 1587 619 1625 qua
638 1581 838 1610 oratorum
859 1570 982 1607 studia
1002 1570 1078 1607 niti
1098 1569 1223 1607 solent
1242 1584 1250 1607 ε
1284 1569 1325 1606 in
1347 1569 1426 1606 tuis
1448 1568 1574 1606 oculis
1590 1597 1600 1612 ‚
1633 1568 1673 1605 in
1696 1576 1765 1605 tuo
1785 1581 1874 1614 ore,

480 1641 672 1692 vultuque
693 1637 921 1692 acquiesco:
946 1646 983 1675 te
1004 1650 1131 1675 unum
1151 1637 1308 1674 intueor
1326 1650 1334 1673 :
1368 1636 1415 1673 ad
1437 1643 1474 1673 te
1495 1648 1621 1672 unum
1641 1634 1771 1672 omnis
1792 1648 1878 1673 mea

481 1708 624 1761 spectat
645 1707 788 1745 oratio:
813 1720 898 1759 quae
915 1703 1017 1743 mihi
1035 1703 1084 1742 ad
1104 1701 1212 1756 spem
1229 1702 1453 1740 obtinendae
1469 1702 1641 1740 veritatis
1658 1701 1876 1755 gravissima

482 1776 590 1819 sunt,
622 1774 669 1811 ad
690 1783 846 1811 motum
867 1771 1010 1816 animi,
1041 1780 1082 1809 et
1101 1770 1148 1808 ad
1168 1783 1329 1808 omnem
1349 1770 1548 1823 impetum
1568 1768 1747 1814 dicendi,
1776 1782 1874 1807 con-

483 1841 781 1891 tentionemque
802 1838 960 1876 leviora.

538 1907 654 1944 Hanc
684 1904 791 1942 enim
806 1933 817 1948 ,
851 1904 899 1941 C.
925 1902 1090 1953 Caesar„
1109 1902 1261 1940 causam
1282 1902 1307 1939 fi
1338 1901 1377 1939 in
1400 1902 1486 1940 foro
1508 1902 1676 1940 dicerem
1693 1931 1704 1946 ,
1735 1901 1874 1940 eodem

480 1971 662 2010 audiente
693 1979 731 2008 et
763 1968 1002 2021 disceptante
1035 1976 1086 2014 te,
1119 1977 1306 2021 quantam
1339 1967 1439 2006 mihi
1468 1968 1708 2005 alacritatem
1734 1966 1874 2019 populi

482 2036 655 2076 Romani
675 2034 885 2074 concursus
907 2033 1060 2072 afferret
1079 2035 1091 2071 ?
1125 2035 1227 2086 Qis
1249 2034 1355 2072 enirn
1377 2034 1473 2071 civis
1495 2034 1529 2071 ei
1556 2033 1637 2085 regi
1665 2046 1743 2070 non
1765 2031 1873 2071 fave-

481 2113 539 2143 ret
554 2134 563 2149 ,
595 2104 708 2156 cujus
737 2115 897 2140 omnem
924 2110 1077 2140 aetatem
1100 2102 1139 2138 in
1161 2095 1299 2153 populi
1328 2101 1499 2138 Romani
1522 2100 1636 2138 bellis
1658 2099 1873 2152 consump-

480 2180 561 2210 tam
582 2169 654 2208 effe
674 2167 908 2207 meminisset
927 2169 940 2205 ?
974 2168 1193 2221 Spectarem
1214 2167 1385 2212 curiam,
1418 2167 1590 2205 intuerer
1610 2165 1764 2210 forum,
1797 2179 1873 2203 cae-

479 2238 564 2275 lum
587 2235 754 2287 denique
782 2234 936 2272 testarer
959 2234 1103 2286 ipsum.
1149 2234 1237 2279 Sic,
1269 2247 1362 2271 cum
1390 2242 1429 2271 et
1457 2233 1637 2272 Deorum
1664 2232 1873 2270 immorta-

479 2304 606 2347 lium,
638 2311 677 2339 et
706 2300 845 2354 populi
871 2301 1068 2345 Romani,
1100 2309 1139 2338 et
1161 2300 1312 2338 senatus
1341 2299 1530 2338 beneficia
1557 2300 1597 2337 in
1627 2312 1759 2351 regem
1788 2298 1873 2337 De·-.

475 2371 650 2423 jotarum
672 2367 904 2412 recordarer,
931 2366 1044 2405 nullo
1065 2366 1184 2405 modo
1205 2365 1307 2404 mihi
1328 2366 1449 2404 deeffe
1470 2366 1592 2419 poffet
1612 2366 1751 2403 oratio.
1776 2366 1874 2416 Qae

479 2435 668 2489 quoniam
695 2432 914 2486 angustiora
945 2433 1109 2486 parietes
1140 2431 1308 2477 faciunt,
1339 2432 1518 2484 actioque
1550 2430 1669 2470 causae
1700 2429 1873 2468 maxime

476 2502 707 2541 debilitatur
728 2501 845 2547 loco3
878 2509 994 2540 tuum
1014 2499 1082 2546 est,
1106 2499 1244 2545 Caesar,
1267 2499 1335 2552 qui
1356 2513 1427 2552 pro
1448 2499 1586 2538 multis
1607 2497 1703 2550 saepe
1723 2494 1869 2539 dixisti,
