<?xml version="1.0" encoding="UTF-8"?>
<!DOCTYPE html PUBLIC "-//W3C//DTD XHTML 1.0 Transitional//EN"
    "http://www.w3.org/TR/xhtml1/DTD/xhtml1-transitional.dtd">
<html xmlns="http://www.w3.org/1999/xhtml" xml:lang="en" lang="en">
 <head>
  <title>
</title>
<meta http-equiv="Content-Type" content="text/html;charset=utf-8" />
  <meta name='ocr-system' content='tesseract 3.04.00' />
  <meta name='ocr-capabilities' content='ocr_page ocr_carea ocr_par ocr_line ocrx_word'/>
</head>
<body>
  <div class='ocr_page' id='page_1' title='image "./operacumindicibu06ciceuoft_0496.png"; bbox 0 0 2076 2860; ppageno 0'>
   <div class='ocr_carea' id='block_1_1' title="bbox 443 182 1502 237">
    <p class='ocr_par' dir='ltr' id='par_1_1' title="bbox 443 182 1502 237">
     <span class='ocr_line' id='line_1_1' title="bbox 443 182 1502 237; baseline -0.009 -8"><span class='ocrx_word' id='word_1_1' title='bbox 443 190 519 237; x_wconf 76' lang='lat'>480</span> <span class='ocrx_word' id='word_1_2' title='bbox 777 182 1502 222; x_wconf 84' lang='lat' dir='ltr'><strong>ORATIONUM</strong></span> 
     </span>
    </p>
   </div>
   <div class='ocr_carea' id='block_1_2' title="bbox 433 284 1838 1072">
    <p class='ocr_par' dir='ltr' id='par_1_2' title="bbox 440 284 1835 408">
     <span class='ocr_line' id='line_1_2' title="bbox 499 284 1835 345; baseline -0.007 -13"><span class='ocrx_word' id='word_1_3' title='bbox 499 292 698 345; x_wconf 87' lang='lat' dir='ltr'>Populum</span> <span class='ocrx_word' id='word_1_4' title='bbox 719 302 823 334; x_wconf 89' lang='lat' dir='ltr'>vero,</span> <span class='ocrx_word' id='word_1_5' title='bbox 842 300 937 325; x_wconf 88' lang='lat' dir='ltr'>cum</span> <span class='ocrx_word' id='word_1_6' title='bbox 956 285 1194 338; x_wconf 67' lang='lat' dir='ltr'>inspectante</span> <span class='ocrx_word' id='word_1_7' title='bbox 1215 285 1365 338; x_wconf 88' lang='lat' dir='ltr'>populo</span> <span class='ocrx_word' id='word_1_8' title='bbox 1385 285 1537 323; x_wconf 90' lang='lat' dir='ltr'>collum</span> <span class='ocrx_word' id='word_1_9' title='bbox 1559 285 1680 323; x_wconf 84' lang='lat' dir='ltr'>secuit</span> <span class='ocrx_word' id='word_1_10' title='bbox 1700 284 1835 323; x_wconf 88' lang='lat' dir='ltr'>homi-</span> 
     </span>
     <span class='ocr_line' id='line_1_3' title="bbox 440 351 1495 408; baseline -0.009 -9"><span class='ocrx_word' id='word_1_11' title='bbox 440 361 500 398; x_wconf 84' lang='lat' dir='ltr'>nis</span> <span class='ocrx_word' id='word_1_12' title='bbox 523 360 694 397; x_wconf 78' lang='lat' dir='ltr'>maxime</span> <span class='ocrx_word' id='word_1_13' title='bbox 714 354 929 408; x_wconf 85' lang='lat' dir='ltr'>popularis,</span> <span class='ocrx_word' id='word_1_14' title='bbox 961 353 1099 404; x_wconf 86' lang='lat' dir='ltr'>quanti</span> <span class='ocrx_word' id='word_1_15' title='bbox 1110 351 1279 397; x_wconf 62' lang='lat' dir='ltr'>faceret,</span> <span class='ocrx_word' id='word_1_16' title='bbox 1312 351 1495 390; x_wconf 88' lang='lat' dir='ltr'>ostendit.</span> 
     </span>
    </p>

    <p class='ocr_par' dir='ltr' id='par_1_3' title="bbox 433 417 1837 674">
     <span class='ocr_line' id='line_1_4' title="bbox 496 417 1834 476; baseline -0.006 -13"><span class='ocrx_word' id='word_1_17' title='bbox 496 427 592 468; x_wconf 90' lang='lat' dir='ltr'>Me,</span> <span class='ocrx_word' id='word_1_18' title='bbox 629 436 706 476; x_wconf 85' lang='lat' dir='ltr'>qua</span> <span class='ocrx_word' id='word_1_19' title='bbox 740 420 911 458; x_wconf 88' lang='lat' dir='ltr'>amentia</span> <span class='ocrx_word' id='word_1_20' title='bbox 945 418 1128 456; x_wconf 58' lang='lat' dir='ltr'>inductus</span> <span class='ocrx_word' id='word_1_21' title='bbox 1163 417 1241 462; x_wconf 92' lang='lat' dir='ltr'>est,</span> <span class='ocrx_word' id='word_1_22' title='bbox 1279 427 1323 455; x_wconf 92' lang='lat' dir='ltr'>ut</span> <span class='ocrx_word' id='word_1_23' title='bbox 1358 427 1654 463; x_wconf 88' lang='lat' dir='ltr'>contemneret,</span> <span class='ocrx_word' id='word_1_24' title='bbox 1687 417 1834 456; x_wconf 86' lang='lat' dir='ltr'>consti-</span> 
     </span>
     <span class='ocr_line' id='line_1_5' title="bbox 442 482 1837 540; baseline -0.006 -12"><span class='ocrx_word' id='word_1_25' title='bbox 442 501 547 528; x_wconf 83' lang='lat' dir='ltr'>tuere</span> <span class='ocrx_word' id='word_1_26' title='bbox 570 503 648 526; x_wconf 90' lang='lat' dir='ltr'>non</span> <span class='ocrx_word' id='word_1_27' title='bbox 669 486 836 540; x_wconf 84' lang='lat' dir='ltr'>poffum.</span> <span class='ocrx_word' id='word_1_28' title='bbox 883 486 1032 522; x_wconf 86' lang='lat' dir='ltr'><strong>Utrum</strong></span> <span class='ocrx_word' id='word_1_29' title='bbox 1062 497 1174 535; x_wconf 81' lang='lat' dir='ltr'>aequo</span> <span class='ocrx_word' id='word_1_30' title='bbox 1205 483 1338 520; x_wconf 81' lang='lat' dir='ltr'>animo</span> <span class='ocrx_word' id='word_1_31' title='bbox 1368 482 1543 520; x_wconf 87' lang='lat' dir='ltr'>laturum</span> <span class='ocrx_word' id='word_1_32' title='bbox 1572 484 1757 535; x_wconf 88' lang='lat' dir='ltr'>putavit?</span> <span class='ocrx_word' id='word_1_33' title='bbox 1789 497 1837 520; x_wconf 86' lang='lat' dir='ltr'>an</span> 
     </span>
     <span class='ocr_line' id='line_1_6' title="bbox 440 547 1835 600; baseline -0.005 -7"><span class='ocrx_word' id='word_1_34' title='bbox 440 557 481 593; x_wconf 89' lang='lat' dir='ltr'>in</span> <span class='ocrx_word' id='word_1_35' title='bbox 503 555 570 592; x_wconf 83' lang='lat' dir='ltr'>suo</span> <span class='ocrx_word' id='word_1_36' title='bbox 591 551 891 592; x_wconf 79' lang='lat' dir='ltr'>familiariffimo</span> <span class='ocrx_word' id='word_1_37' title='bbox 913 563 992 587; x_wconf 89' lang='lat' dir='ltr'>non</span> <span class='ocrx_word' id='word_1_38' title='bbox 1014 548 1178 592; x_wconf 84' lang='lat' dir='ltr'>viderat,</span> <span class='ocrx_word' id='word_1_39' title='bbox 1210 561 1274 585; x_wconf 89' lang='lat' dir='ltr'>me</span> <span class='ocrx_word' id='word_1_40' title='bbox 1305 561 1352 585; x_wconf 91' lang='lat' dir='ltr'>ne</span> <span class='ocrx_word' id='word_1_41' title='bbox 1382 547 1552 586; x_wconf 86' lang='lat' dir='ltr'>aliorum</span> <span class='ocrx_word' id='word_1_42' title='bbox 1581 548 1744 600; x_wconf 89' lang='lat' dir='ltr'>quidem</span> <span class='ocrx_word' id='word_1_43' title='bbox 1771 549 1835 586; x_wconf 82' lang='lat' dir='ltr'>in·-</span> 
     </span>
     <span class='ocr_line' id='line_1_7' title="bbox 433 614 1108 674; baseline -0.012 -15"><span class='ocrx_word' id='word_1_44' title='bbox 433 621 556 674; x_wconf 81' lang='lat' dir='ltr'>jurias</span> <span class='ocrx_word' id='word_1_45' title='bbox 579 619 830 657; x_wconf 72' lang='lat' dir='ltr'>mediocriter</span> <span class='ocrx_word' id='word_1_46' title='bbox 851 615 954 668; x_wconf 85' lang='lat' dir='ltr'>poffe</span> <span class='ocrx_word' id='word_1_47' title='bbox 975 614 1075 652; x_wconf 87' lang='lat' dir='ltr'>ferre</span> <span class='ocrx_word' id='word_1_48' title='bbox 1097 616 1108 651; x_wconf 88' lang='lat'>?</span> 
     </span>
    </p>

    <p class='ocr_par' dir='ltr' id='par_1_4' title="bbox 439 679 1836 860">
     <span class='ocr_line' id='line_1_8' title="bbox 495 679 1836 737; baseline -0.006 -12"><span class='ocrx_word' id='word_1_49' title='bbox 495 687 635 731; x_wconf 83' lang='lat' dir='ltr'>Alter,</span> <span class='ocrx_word' id='word_1_50' title='bbox 674 697 812 737; x_wconf 90' lang='lat' dir='ltr'>pecore</span> <span class='ocrx_word' id='word_1_51' title='bbox 847 683 957 721; x_wconf 88' lang='lat' dir='ltr'>omni</span> <span class='ocrx_word' id='word_1_52' title='bbox 993 681 1179 725; x_wconf 81' lang='lat' dir='ltr'>vendito,</span> <span class='ocrx_word' id='word_1_53' title='bbox 1220 689 1259 718; x_wconf 90' lang='lat' dir='ltr'>et</span> <span class='ocrx_word' id='word_1_54' title='bbox 1293 680 1455 718; x_wconf 82' lang='lat' dir='ltr'>saltibus</span> <span class='ocrx_word' id='word_1_55' title='bbox 1491 694 1612 733; x_wconf 88' lang='lat' dir='ltr'>prope</span> <span class='ocrx_word' id='word_1_56' title='bbox 1646 679 1836 726; x_wconf 67' lang='lat' dir='ltr'>addictis,</span> 
     </span>
     <span class='ocr_line' id='line_1_9' title="bbox 440 746 1836 808; baseline -0.006 -16"><span class='ocrx_word' id='word_1_57' title='bbox 440 754 607 808; x_wconf 85' lang='lat' dir='ltr'>pastores</span> <span class='ocrx_word' id='word_1_58' title='bbox 641 753 797 796; x_wconf 87' lang='lat' dir='ltr'>retinet,</span> <span class='ocrx_word' id='word_1_59' title='bbox 830 763 877 788; x_wconf 85' lang='lat' dir='ltr'>ex</span> <span class='ocrx_word' id='word_1_60' title='bbox 910 748 1055 802; x_wconf 88' lang='lat' dir='ltr'>quibus</span> <span class='ocrx_word' id='word_1_61' title='bbox 1089 749 1141 785; x_wconf 86' lang='lat' dir='ltr'>ait</span> <span class='ocrx_word' id='word_1_62' title='bbox 1174 747 1224 792; x_wconf 85' lang='lat' dir='ltr'>se,</span> <span class='ocrx_word' id='word_1_63' title='bbox 1257 761 1351 785; x_wconf 88' lang='lat' dir='ltr'>cum</span> <span class='ocrx_word' id='word_1_64' title='bbox 1383 746 1492 792; x_wconf 87' lang='lat' dir='ltr'>velit,</span> <span class='ocrx_word' id='word_1_65' title='bbox 1529 747 1660 785; x_wconf 78' lang='lat' dir='ltr'>subito</span> <span class='ocrx_word' id='word_1_66' title='bbox 1691 746 1836 799; x_wconf 88' lang='lat' dir='ltr'>fugiti-</span> 
     </span>
     <span class='ocr_line' id='line_1_10' title="bbox 439 818 1056 860; baseline -0.013 0"><span class='ocrx_word' id='word_1_67' title='bbox 439 835 581 860; x_wconf 88' lang='lat' dir='ltr'>vorum</span> <span class='ocrx_word' id='word_1_68' title='bbox 603 819 755 857; x_wconf 89' lang='lat' dir='ltr'>bellum</span> <span class='ocrx_word' id='word_1_69' title='bbox 776 818 1056 855; x_wconf 74' lang='lat' dir='ltr'>excitaturum.</span> 
     </span>
    </p>

    <p class='ocr_par' dir='ltr' id='par_1_5' title="bbox 438 880 1838 1072">
     <span class='ocr_line' id='line_1_11' title="bbox 496 880 1835 935; baseline -0.005 -10"><span class='ocrx_word' id='word_1_70' title='bbox 496 887 610 925; x_wconf 83' lang='lat' dir='ltr'><strong>Alter</strong></span> <span class='ocrx_word' id='word_1_71' title='bbox 644 885 803 923; x_wconf 83' lang='lat' dir='ltr'>induxit</span> <span class='ocrx_word' id='word_1_72' title='bbox 837 897 952 927; x_wconf 90' lang='lat' dir='ltr'>eum,</span> <span class='ocrx_word' id='word_1_73' title='bbox 985 891 1110 935; x_wconf 89' lang='lat' dir='ltr'>quem</span> <span class='ocrx_word' id='word_1_74' title='bbox 1140 881 1298 934; x_wconf 89' lang='lat' dir='ltr'>potuit,</span> <span class='ocrx_word' id='word_1_75' title='bbox 1331 889 1375 918; x_wconf 89' lang='lat' dir='ltr'>ut</span> <span class='ocrx_word' id='word_1_76' title='bbox 1410 890 1569 933; x_wconf 85' lang='lat' dir='ltr'>repente</span> <span class='ocrx_word' id='word_1_77' title='bbox 1602 880 1835 933; x_wconf 83' lang='lat' dir='ltr'>gladiatores</span> 
     </span>
     <span class='ocr_line' id='line_1_12' title="bbox 438 946 1835 1007; baseline -0.006 -15"><span class='ocrx_word' id='word_1_78' title='bbox 438 953 589 1007; x_wconf 87' lang='lat' dir='ltr'>populo</span> <span class='ocrx_word' id='word_1_79' title='bbox 620 966 700 990; x_wconf 90' lang='lat' dir='ltr'>non</span> <span class='ocrx_word' id='word_1_80' title='bbox 733 950 886 988; x_wconf 86' lang='lat' dir='ltr'>debitos</span> <span class='ocrx_word' id='word_1_81' title='bbox 921 948 1189 1001; x_wconf 85' lang='lat' dir='ltr'>polliceretur,</span> <span class='ocrx_word' id='word_1_82' title='bbox 1221 960 1320 999; x_wconf 85' lang='lat' dir='ltr'>quos</span> <span class='ocrx_word' id='word_1_83' title='bbox 1348 947 1429 1000; x_wconf 87' lang='lat' dir='ltr'>ipse</span> <span class='ocrx_word' id='word_1_84' title='bbox 1457 947 1669 985; x_wconf 85' lang='lat' dir='ltr'>consularis</span> <span class='ocrx_word' id='word_1_85' title='bbox 1698 946 1835 985; x_wconf 86' lang='lat' dir='ltr'>candi-</span> 
     </span>
     <span class='ocr_line' id='line_1_13' title="bbox 438 1012 1838 1072; baseline -0.006 -14"><span class='ocrx_word' id='word_1_86' title='bbox 438 1020 550 1057; x_wconf 81' lang='lat' dir='ltr'>datus</span> <span class='ocrx_word' id='word_1_87' title='bbox 572 1018 782 1072; x_wconf 83' lang='lat' dir='ltr'>perspexit,</span> <span class='ocrx_word' id='word_1_88' title='bbox 814 1024 853 1054; x_wconf 89' lang='lat' dir='ltr'>et</span> <span class='ocrx_word' id='word_1_89' title='bbox 879 1015 993 1067; x_wconf 87' lang='lat' dir='ltr'>legit,</span> <span class='ocrx_word' id='word_1_90' title='bbox 1024 1023 1063 1052; x_wconf 93' lang='lat' dir='ltr'>et</span> <span class='ocrx_word' id='word_1_91' title='bbox 1094 1014 1219 1052; x_wconf 85' lang='lat' dir='ltr'>emit:</span> <span class='ocrx_word' id='word_1_92' title='bbox 1253 1012 1439 1065; x_wconf 82' lang='lat' dir='ltr'>praesente</span> <span class='ocrx_word' id='word_1_93' title='bbox 1470 1013 1620 1066; x_wconf 88' lang='lat' dir='ltr'>populo</span> <span class='ocrx_word' id='word_1_94' title='bbox 1652 1013 1838 1051; x_wconf 89' lang='lat' dir='ltr'>Romano</span> 
     </span>
    </p>
   </div>
   <div class='ocr_carea' id='block_1_3' title="bbox 438 1083 1835 1203">
    <p class='ocr_par' dir='ltr' id='par_1_6' title="bbox 438 1083 1835 1203">
     <span class='ocr_line' id='line_1_14' title="bbox 438 1083 675 1124; baseline -0.008 -1"><span class='ocrx_word' id='word_1_95' title='bbox 438 1085 587 1124; x_wconf 63' lang='lat' dir='ltr'>faCfflm</span> <span class='ocrx_word' id='word_1_96' title='bbox 608 1083 675 1122; x_wconf 92' lang='lat' dir='ltr'>est.</span> 
     </span>
     <span class='ocr_line' id='line_1_15' title="bbox 494 1143 1835 1203; baseline -0.007 -14"><span class='ocrx_word' id='word_1_97' title='bbox 494 1150 794 1203; x_wconf 83' lang='lat' dir='ltr'>Qarnobrem,</span> <span class='ocrx_word' id='word_1_98' title='bbox 825 1160 964 1199; x_wconf 87' lang='lat' dir='ltr'>augere</span> <span class='ocrx_word' id='word_1_99' title='bbox 1003 1146 1122 1183; x_wconf 89' lang='lat' dir='ltr'>etiam</span> <span class='ocrx_word' id='word_1_100' title='bbox 1161 1144 1358 1182; x_wconf 86' lang='lat' dir='ltr'>mercedes</span> <span class='ocrx_word' id='word_1_101' title='bbox 1399 1144 1425 1181; x_wconf 92' lang='lat' dir='ltr'>s1</span> <span class='ocrx_word' id='word_1_102' title='bbox 1460 1144 1607 1189; x_wconf 87' lang='lat' dir='ltr'>vultis,</span> <span class='ocrx_word' id='word_1_103' title='bbox 1645 1143 1835 1195; x_wconf 72' lang='lat' dir='ltr'>QMu-</span> 
     </span>
    </p>
   </div>
   <div class='ocr_carea' id='block_1_4' title="bbox 433 1208 1836 2523">
    <p class='ocr_par' dir='ltr' id='par_1_7' title="bbox 437 1208 1836 1403">
     <span class='ocr_line' id='line_1_16' title="bbox 437 1208 1835 1269; baseline -0.006 -13"><span class='ocrx_word' id='word_1_104' title='bbox 437 1218 547 1256; x_wconf 90' lang='lat' dir='ltr'>cium</span> <span class='ocrx_word' id='word_1_105' title='bbox 577 1215 745 1269; x_wconf 88' lang='lat' dir='ltr'>perverti</span> <span class='ocrx_word' id='word_1_106' title='bbox 776 1214 905 1265; x_wconf 87' lang='lat' dir='ltr'>legem</span> <span class='ocrx_word' id='word_1_107' title='bbox 937 1211 1156 1263; x_wconf 88' lang='lat' dir='ltr'>impedire,</span> <span class='ocrx_word' id='word_1_108' title='bbox 1194 1220 1238 1247; x_wconf 87' lang='lat' dir='ltr'>ut</span> <span class='ocrx_word' id='word_1_109' title='bbox 1268 1209 1390 1261; x_wconf 85' lang='lat' dir='ltr'>coepit</span> <span class='ocrx_word' id='word_1_110' title='bbox 1412 1211 1435 1235; x_wconf 38' lang='grc' dir='ltr'>ἐξ</span> <span class='ocrx_word' id='word_1_111' title='bbox 1458 1209 1607 1247; x_wconf 89' lang='lat' dir='ltr'>senten.</span> <span class='ocrx_word' id='word_1_112' title='bbox 1644 1208 1722 1246; x_wconf 89' lang='lat' dir='ltr'>cos.</span> <span class='ocrx_word' id='word_1_113' title='bbox 1761 1209 1835 1247; x_wconf 81' lang='lat' dir='ltr'>Sed</span> 
     </span>
     <span class='ocr_line' id='line_1_17' title="bbox 437 1274 1836 1338; baseline -0.006 -15"><span class='ocrx_word' id='word_1_114' title='bbox 437 1299 511 1338; x_wconf 88' lang='lat' dir='ltr'>ego</span> <span class='ocrx_word' id='word_1_115' title='bbox 531 1297 575 1322; x_wconf 91' lang='lat' dir='ltr'>ea</span> <span class='ocrx_word' id='word_1_116' title='bbox 594 1284 680 1335; x_wconf 89' lang='lat' dir='ltr'>lege</span> <span class='ocrx_word' id='word_1_117' title='bbox 699 1289 910 1319; x_wconf 86' lang='lat' dir='ltr'>contentus</span> <span class='ocrx_word' id='word_1_118' title='bbox 933 1278 1033 1322; x_wconf 87' lang='lat' dir='ltr'>sum,</span> <span class='ocrx_word' id='word_1_119' title='bbox 1065 1290 1143 1330; x_wconf 88' lang='lat' dir='ltr'>qua</span> <span class='ocrx_word' id='word_1_120' title='bbox 1172 1276 1269 1314; x_wconf 83' lang='lat' dir='ltr'>duos</span> <span class='ocrx_word' id='word_1_121' title='bbox 1301 1274 1479 1314; x_wconf 88' lang='lat' dir='ltr'>consules</span> <span class='ocrx_word' id='word_1_122' title='bbox 1510 1275 1727 1328; x_wconf 77' lang='lat' dir='ltr'>designatos</span> <span class='ocrx_word' id='word_1_123' title='bbox 1756 1289 1836 1314; x_wconf 86' lang='lat' dir='ltr'>uno</span> 
     </span>
     <span class='ocr_line' id='line_1_18' title="bbox 438 1344 1020 1403; baseline -0.015 -14"><span class='ocrx_word' id='word_1_124' title='bbox 438 1361 614 1403; x_wconf 88' lang='lat' dir='ltr'>tempore</span> <span class='ocrx_word' id='word_1_125' title='bbox 635 1347 809 1386; x_wconf 84' lang='lat' dir='ltr'>damnari</span> <span class='ocrx_word' id='word_1_126' title='bbox 831 1344 1020 1383; x_wconf 86' lang='lat' dir='ltr'>vidimus.</span> 
     </span>
    </p>

    <p class='ocr_par' dir='ltr' id='par_1_8' title="bbox 435 1407 1832 1531">
     <span class='ocr_line' id='line_1_19' title="bbox 491 1407 1832 1469; baseline -0.005 -16"><span class='ocrx_word' id='word_1_127' title='bbox 491 1417 627 1468; x_wconf 86' lang='lat' dir='ltr'>Atque</span> <span class='ocrx_word' id='word_1_128' title='bbox 660 1422 704 1451; x_wconf 91' lang='lat' dir='ltr'>ut</span> <span class='ocrx_word' id='word_1_129' title='bbox 738 1411 856 1469; x_wconf 82' lang='lat' dir='ltr'>istum</span> <span class='ocrx_word' id='word_1_130' title='bbox 887 1410 1087 1454; x_wconf 88' lang='lat' dir='ltr'>omittam,</span> <span class='ocrx_word' id='word_1_131' title='bbox 1118 1409 1160 1446; x_wconf 88' lang='lat' dir='ltr'>in</span> <span class='ocrx_word' id='word_1_132' title='bbox 1192 1407 1368 1446; x_wconf 84' lang='lat' dir='ltr'>exercitu</span> <span class='ocrx_word' id='word_1_133' title='bbox 1402 1407 1560 1458; x_wconf 86' lang='lat' dir='ltr'>Syllano</span> <span class='ocrx_word' id='word_1_134' title='bbox 1592 1407 1832 1459; x_wconf 88' lang='lat' dir='ltr'>praedonem,</span> 
     </span>
     <span class='ocr_line' id='line_1_20' title="bbox 435 1473 1544 1531; baseline -0.009 -11"><span class='ocrx_word' id='word_1_135' title='bbox 435 1482 476 1520; x_wconf 85' lang='lat' dir='ltr'>in</span> <span class='ocrx_word' id='word_1_136' title='bbox 499 1480 664 1519; x_wconf 89' lang='lat' dir='ltr'>introitu</span> <span class='ocrx_word' id='word_1_137' title='bbox 686 1478 958 1531; x_wconf 83' lang='lat' dir='ltr'>gladiatorem,</span> <span class='ocrx_word' id='word_1_138' title='bbox 990 1475 1031 1512; x_wconf 88' lang='lat' dir='ltr'>in</span> <span class='ocrx_word' id='word_1_139' title='bbox 1053 1474 1214 1513; x_wconf 62' lang='lat' dir='ltr'>victoria</span> <span class='ocrx_word' id='word_1_140' title='bbox 1235 1473 1544 1526; x_wconf 86' lang='lat' dir='ltr'>quadrigarium.</span> 
     </span>
    </p>

    <p class='ocr_par' dir='ltr' id='par_1_9' title="bbox 433 1538 1835 1793">
     <span class='ocr_line' id='line_1_21' title="bbox 491 1538 1834 1592; baseline -0.006 -7"><span class='ocrx_word' id='word_1_141' title='bbox 491 1549 553 1585; x_wconf 89' lang='lat' dir='ltr'>Te</span> <span class='ocrx_word' id='word_1_142' title='bbox 588 1558 693 1590; x_wconf 90' lang='lat' dir='ltr'>vero,</span> <span class='ocrx_word' id='word_1_143' title='bbox 727 1543 916 1588; x_wconf 89' lang='lat' dir='ltr'>Catilina,</span> <span class='ocrx_word' id='word_1_144' title='bbox 953 1540 1204 1579; x_wconf 89' lang='lat' dir='ltr'>consulatum</span> <span class='ocrx_word' id='word_1_145' title='bbox 1240 1539 1402 1592; x_wconf 88' lang='lat' dir='ltr'>sperare,</span> <span class='ocrx_word' id='word_1_146' title='bbox 1434 1548 1500 1577; x_wconf 90' lang='lat' dir='ltr'>aut</span> <span class='ocrx_word' id='word_1_147' title='bbox 1535 1538 1721 1590; x_wconf 87' lang='lat' dir='ltr'>cogitare,</span> <span class='ocrx_word' id='word_1_148' title='bbox 1754 1552 1834 1577; x_wconf 91' lang='lat' dir='ltr'>non</span> 
     </span>
     <span class='ocr_line' id='line_1_22' title="bbox 434 1597 1835 1668; baseline -0.006 -17"><span class='ocrx_word' id='word_1_149' title='bbox 434 1613 664 1668; x_wconf 85' lang='lat' dir='ltr'>prodigium</span> <span class='ocrx_word' id='word_1_150' title='bbox 698 1620 815 1664; x_wconf 87' lang='lat' dir='ltr'>atque</span> <span class='ocrx_word' id='word_1_151' title='bbox 850 1617 1081 1663; x_wconf 87' lang='lat' dir='ltr'>portentum</span> <span class='ocrx_word' id='word_1_152' title='bbox 1115 1607 1199 1645; x_wconf 90' lang='lat' dir='ltr'>est?</span> <span class='ocrx_word' id='word_1_153' title='bbox 1242 1597 1286 1644; x_wconf 42' lang='grc' dir='ltr'>Αμ</span> <span class='ocrx_word' id='word_1_154' title='bbox 1313 1606 1460 1658; x_wconf 88' lang='lat' dir='ltr'>quibus</span> <span class='ocrx_word' id='word_1_155' title='bbox 1495 1605 1603 1643; x_wconf 90' lang='lat' dir='ltr'>enim</span> <span class='ocrx_word' id='word_1_156' title='bbox 1638 1605 1772 1657; x_wconf 85' lang='lat' dir='ltr'>petis?</span> <span class='ocrx_word' id='word_1_157' title='bbox 1813 1619 1835 1643; x_wconf 89' lang='lat' dir='ltr'>a</span> 
     </span>
     <span class='ocr_line' id='line_1_23' title="bbox 434 1670 1833 1733; baseline -0.005 -16"><span class='ocrx_word' id='word_1_158' title='bbox 434 1678 684 1733; x_wconf 88' lang='lat' dir='ltr'>principibus</span> <span class='ocrx_word' id='word_1_159' title='bbox 721 1676 924 1715; x_wconf 83' lang='lat' dir='ltr'>civitatis?</span> <span class='ocrx_word' id='word_1_160' title='bbox 956 1674 1025 1728; x_wconf 91' lang='lat' dir='ltr'>qui</span> <span class='ocrx_word' id='word_1_161' title='bbox 1056 1674 1146 1719; x_wconf 90' lang='lat' dir='ltr'>tibi,</span> <span class='ocrx_word' id='word_1_162' title='bbox 1179 1687 1273 1711; x_wconf 89' lang='lat' dir='ltr'>cum</span> <span class='ocrx_word' id='word_1_163' title='bbox 1307 1674 1357 1711; x_wconf 87' lang='lat' dir='ltr'>L.</span> <span class='ocrx_word' id='word_1_164' title='bbox 1381 1672 1588 1710; x_wconf 86' lang='lat' dir='ltr'>Volcatius</span> <span class='ocrx_word' id='word_1_165' title='bbox 1620 1670 1756 1709; x_wconf 88' lang='lat' dir='ltr'>consul</span> <span class='ocrx_word' id='word_1_166' title='bbox 1791 1671 1833 1710; x_wconf 90' lang='lat' dir='ltr'>in</span> 
     </span>
     <span class='ocr_line' id='line_1_24' title="bbox 433 1734 1821 1793; baseline -0.006 -10"><span class='ocrx_word' id='word_1_167' title='bbox 433 1745 598 1784; x_wconf 76' lang='lat' dir='ltr'>consilio</span> <span class='ocrx_word' id='word_1_168' title='bbox 620 1742 764 1787; x_wconf 85' lang='lat' dir='ltr'>fuiffet,</span> <span class='ocrx_word' id='word_1_169' title='bbox 798 1755 846 1779; x_wconf 94' lang='lat' dir='ltr'>ne</span> <span class='ocrx_word' id='word_1_170' title='bbox 866 1734 1027 1793; x_wconf 88' lang='lat' dir='ltr'>petendi</span> <span class='ocrx_word' id='word_1_171' title='bbox 1048 1739 1212 1792; x_wconf 86' lang='lat' dir='ltr'>quidem</span> <span class='ocrx_word' id='word_1_172' title='bbox 1232 1738 1462 1791; x_wconf 86' lang='lat' dir='ltr'>potestatem</span> <span class='ocrx_word' id='word_1_173' title='bbox 1483 1737 1556 1775; x_wconf 83' lang='lat' dir='ltr'>effe</span> <span class='ocrx_word' id='word_1_174' title='bbox 1577 1737 1789 1775; x_wconf 87' lang='lat' dir='ltr'>voluerunt</span> <span class='ocrx_word' id='word_1_175' title='bbox 1807 1738 1821 1775; x_wconf 92' lang='lat'>?</span> 
     </span>
    </p>

    <p class='ocr_par' dir='ltr' id='par_1_10' title="bbox 437 1803 1832 1923">
     <span class='ocr_line' id='line_1_25' title="bbox 492 1803 1832 1858; baseline -0.006 -10"><span class='ocrx_word' id='word_1_176' title='bbox 492 1812 529 1848; x_wconf 94' lang='lat' dir='ltr'>A</span> <span class='ocrx_word' id='word_1_177' title='bbox 551 1808 825 1848; x_wconf 82' lang='lat' dir='ltr'>senatoribus?</span> <span class='ocrx_word' id='word_1_178' title='bbox 858 1807 928 1858; x_wconf 89' lang='lat' dir='ltr'>qui</span> <span class='ocrx_word' id='word_1_179' title='bbox 960 1815 998 1843; x_wconf 92' lang='lat' dir='ltr'>te</span> <span class='ocrx_word' id='word_1_180' title='bbox 1029 1805 1259 1843; x_wconf 67' lang='lat' dir='ltr'>auctoritate</span> <span class='ocrx_word' id='word_1_181' title='bbox 1280 1804 1358 1848; x_wconf 85' lang='lat' dir='ltr'>sua,</span> <span class='ocrx_word' id='word_1_182' title='bbox 1390 1803 1602 1856; x_wconf 87' lang='lat' dir='ltr'>spoliatum</span> <span class='ocrx_word' id='word_1_183' title='bbox 1622 1816 1832 1841; x_wconf 86' lang='lat' dir='ltr'>ornamen-</span> 
     </span>
     <span class='ocr_line' id='line_1_26' title="bbox 437 1867 1803 1923; baseline -0.007 -9"><span class='ocrx_word' id='word_1_184' title='bbox 437 1877 486 1915; x_wconf 86' lang='lat' dir='ltr'>tis</span> <span class='ocrx_word' id='word_1_185' title='bbox 508 1874 712 1917; x_wconf 87' lang='lat' dir='ltr'>omnibus,</span> <span class='ocrx_word' id='word_1_186' title='bbox 744 1872 923 1910; x_wconf 65' lang='lat' dir='ltr'>vinctum</span> <span class='ocrx_word' id='word_1_187' title='bbox 943 1884 1043 1923; x_wconf 90' lang='lat' dir='ltr'>pene</span> <span class='ocrx_word' id='word_1_188' title='bbox 1063 1869 1263 1907; x_wconf 86' lang='lat' dir='ltr'>Africanis</span> <span class='ocrx_word' id='word_1_189' title='bbox 1285 1868 1505 1906; x_wconf 87' lang='lat' dir='ltr'>oratoribus</span> <span class='ocrx_word' id='word_1_190' title='bbox 1527 1867 1770 1906; x_wconf 83' lang='lat' dir='ltr'>tradiderunt</span> <span class='ocrx_word' id='word_1_191' title='bbox 1789 1869 1803 1905; x_wconf 91' lang='lat'>?</span> 
     </span>
    </p>

    <p class='ocr_par' dir='ltr' id='par_1_11' title="bbox 493 1934 1341 1992">
     <span class='ocr_line' id='line_1_27' title="bbox 493 1934 1341 1992; baseline -0.009 -13"><span class='ocrx_word' id='word_1_192' title='bbox 493 1941 557 1980; x_wconf 84' lang='lat' dir='ltr'>Ab</span> <span class='ocrx_word' id='word_1_193' title='bbox 579 1938 745 1992; x_wconf 88' lang='lat' dir='ltr'>equestri</span> <span class='ocrx_word' id='word_1_194' title='bbox 766 1937 902 1975; x_wconf 88' lang='lat' dir='ltr'>ordine</span> <span class='ocrx_word' id='word_1_195' title='bbox 922 1938 934 1974; x_wconf 87' lang='lat'>?</span> <span class='ocrx_word' id='word_1_196' title='bbox 967 1950 1086 1989; x_wconf 89' lang='lat' dir='ltr'>quem</span> <span class='ocrx_word' id='word_1_197' title='bbox 1109 1934 1308 1973; x_wconf 88' lang='lat' dir='ltr'>trucidasti</span> <span class='ocrx_word' id='word_1_198' title='bbox 1328 1935 1341 1971; x_wconf 91' lang='lat'>?</span> 
     </span>
    </p>

    <p class='ocr_par' dir='ltr' id='par_1_12' title="bbox 437 1998 1830 2121">
     <span class='ocr_line' id='line_1_28' title="bbox 495 1998 1830 2059; baseline -0.006 -15"><span class='ocrx_word' id='word_1_199' title='bbox 495 2009 531 2045; x_wconf 93' lang='lat' dir='ltr'><strong>A</strong></span> <span class='ocrx_word' id='word_1_200' title='bbox 552 2005 668 2059; x_wconf 86' lang='lat' dir='ltr'>plebe</span> <span class='ocrx_word' id='word_1_201' title='bbox 686 2005 699 2041; x_wconf 90' lang='lat'>?</span> <span class='ocrx_word' id='word_1_202' title='bbox 731 2003 797 2041; x_wconf 89' lang='lat' dir='ltr'>cui</span> <span class='ocrx_word' id='word_1_203' title='bbox 827 2001 1094 2055; x_wconf 58' lang='lat' dir='ltr'>spectaculum</span> <span class='ocrx_word' id='word_1_204' title='bbox 1113 2000 1307 2053; x_wconf 86' lang='lat' dir='ltr'>ejusmodi</span> <span class='ocrx_word' id='word_1_205' title='bbox 1329 2009 1395 2037; x_wconf 87' lang='lat' dir='ltr'>tua</span> <span class='ocrx_word' id='word_1_206' title='bbox 1415 1998 1624 2037; x_wconf 84' lang='lat' dir='ltr'>crudelitas</span> <span class='ocrx_word' id='word_1_207' title='bbox 1647 1999 1830 2051; x_wconf 67' lang='lat' dir='ltr'>praebust,</span> 
     </span>
     <span class='ocr_line' id='line_1_29' title="bbox 437 2065 1747 2121; baseline -0.008 -9"><span class='ocrx_word' id='word_1_208' title='bbox 437 2083 481 2112; x_wconf 91' lang='lat' dir='ltr'>ut</span> <span class='ocrx_word' id='word_1_209' title='bbox 501 2084 619 2111; x_wconf 87' lang='lat' dir='ltr'>nemo</span> <span class='ocrx_word' id='word_1_210' title='bbox 639 2070 718 2108; x_wconf 88' lang='lat' dir='ltr'>fine</span> <span class='ocrx_word' id='word_1_211' title='bbox 736 2070 847 2107; x_wconf 67' lang='lat' dir='ltr'>luctu</span> <span class='ocrx_word' id='word_1_212' title='bbox 866 2067 1049 2121; x_wconf 87' lang='lat' dir='ltr'>aspicere,</span> <span class='ocrx_word' id='word_1_213' title='bbox 1082 2067 1160 2105; x_wconf 88' lang='lat' dir='ltr'>fine</span> <span class='ocrx_word' id='word_1_214' title='bbox 1181 2067 1334 2118; x_wconf 88' lang='lat' dir='ltr'>gemitu</span> <span class='ocrx_word' id='word_1_215' title='bbox 1354 2065 1562 2110; x_wconf 83' lang='lat' dir='ltr'>recordari,</span> <span class='ocrx_word' id='word_1_216' title='bbox 1594 2065 1715 2118; x_wconf 78' lang='lat' dir='ltr'>posset</span> <span class='ocrx_word' id='word_1_217' title='bbox 1733 2066 1747 2102; x_wconf 85' lang='lat'>?</span> 
     </span>
    </p>

    <p class='ocr_par' dir='ltr' id='par_1_13' title="bbox 436 2130 1831 2310">
     <span class='ocr_line' id='line_1_30' title="bbox 491 2130 1831 2190; baseline -0.005 -15"><span class='ocrx_word' id='word_1_218' title='bbox 491 2136 613 2190; x_wconf 87' lang='lat' dir='ltr'>Qod</span> <span class='ocrx_word' id='word_1_219' title='bbox 651 2144 795 2188; x_wconf 87' lang='lat' dir='ltr'>caput,</span> <span class='ocrx_word' id='word_1_220' title='bbox 826 2134 945 2172; x_wconf 90' lang='lat' dir='ltr'>etiam</span> <span class='ocrx_word' id='word_1_221' title='bbox 984 2142 1073 2171; x_wconf 90' lang='lat' dir='ltr'>tum</span> <span class='ocrx_word' id='word_1_222' title='bbox 1112 2132 1277 2185; x_wconf 89' lang='lat' dir='ltr'>plenum</span> <span class='ocrx_word' id='word_1_223' title='bbox 1315 2131 1454 2170; x_wconf 88' lang='lat' dir='ltr'>animae</span> <span class='ocrx_word' id='word_1_224' title='bbox 1493 2139 1533 2169; x_wconf 90' lang='lat' dir='ltr'>et</span> <span class='ocrx_word' id='word_1_225' title='bbox 1567 2130 1752 2183; x_wconf 87' lang='lat' dir='ltr'>spiritus,</span> <span class='ocrx_word' id='word_1_226' title='bbox 1783 2131 1831 2168; x_wconf 87' lang='lat' dir='ltr'>ad</span> 
     </span>
     <span class='ocr_line' id='line_1_31' title="bbox 436 2196 1830 2257; baseline -0.006 -15"><span class='ocrx_word' id='word_1_227' title='bbox 436 2204 599 2257; x_wconf 89' lang='lat' dir='ltr'>Syllam,</span> <span class='ocrx_word' id='word_1_228' title='bbox 632 2201 754 2255; x_wconf 88' lang='lat' dir='ltr'>usque</span> <span class='ocrx_word' id='word_1_229' title='bbox 783 2201 831 2238; x_wconf 87' lang='lat' dir='ltr'>ab</span> <span class='ocrx_word' id='word_1_230' title='bbox 852 2199 1036 2252; x_wconf 88' lang='lat' dir='ltr'>Janiculo</span> <span class='ocrx_word' id='word_1_231' title='bbox 1066 2198 1113 2237; x_wconf 86' lang='lat' dir='ltr'>ad</span> <span class='ocrx_word' id='word_1_232' title='bbox 1142 2198 1265 2238; x_wconf 82' lang='lat' dir='ltr'>aedem</span> <span class='ocrx_word' id='word_1_233' title='bbox 1285 2197 1504 2251; x_wconf 88' lang='lat' dir='ltr'>Apollinis,</span> <span class='ocrx_word' id='word_1_234' title='bbox 1536 2196 1720 2235; x_wconf 86' lang='lat' dir='ltr'>manibus</span> <span class='ocrx_word' id='word_1_235' title='bbox 1749 2196 1830 2249; x_wconf 90' lang='lat' dir='ltr'>ipse</span> 
     </span>
     <span class='ocr_line' id='line_1_32' title="bbox 436 2269 1099 2310; baseline -0.014 0"><span class='ocrx_word' id='word_1_236' title='bbox 436 2271 512 2310; x_wconf 89' lang='lat' dir='ltr'>suis</span> <span class='ocrx_word' id='word_1_237' title='bbox 535 2269 693 2308; x_wconf 87' lang='lat' dir='ltr'>detulit.</span> <span class='ocrx_word' id='word_1_238' title='bbox 1094 2276 1099 2279; x_wconf 49' lang='lat'><em>*</em></span> 
     </span>
    </p>

    <p class='ocr_par' dir='ltr' id='par_1_14' title="bbox 434 2328 1829 2523">
     <span class='ocr_line' id='line_1_33' title="bbox 491 2328 1829 2387; baseline -0.006 -14"><span class='ocrx_word' id='word_1_239' title='bbox 491 2334 634 2387; x_wconf 84' lang='lat' dir='ltr'>Qid?</span> <span class='ocrx_word' id='word_1_240' title='bbox 676 2343 720 2372; x_wconf 90' lang='lat' dir='ltr'>tu</span> <span class='ocrx_word' id='word_1_241' title='bbox 759 2342 870 2386; x_wconf 88' lang='lat' dir='ltr'>potes</span> <span class='ocrx_word' id='word_1_242' title='bbox 910 2333 951 2370; x_wconf 91' lang='lat' dir='ltr'>in</span> <span class='ocrx_word' id='word_1_243' title='bbox 990 2331 1212 2370; x_wconf 79' lang='lat' dir='ltr'>defensione</span> <span class='ocrx_word' id='word_1_244' title='bbox 1247 2340 1313 2368; x_wconf 85' lang='lat' dir='ltr'>tua</span> <span class='ocrx_word' id='word_1_245' title='bbox 1347 2330 1502 2374; x_wconf 88' lang='lat' dir='ltr'>dicere,</span> <span class='ocrx_word' id='word_1_246' title='bbox 1538 2328 1644 2381; x_wconf 91' lang='lat' dir='ltr'>quod</span> <span class='ocrx_word' id='word_1_247' title='bbox 1683 2328 1745 2366; x_wconf 90' lang='lat' dir='ltr'>illi</span> <span class='ocrx_word' id='word_1_248' title='bbox 1780 2341 1829 2365; x_wconf 91' lang='lat' dir='ltr'>ne</span> 
     </span>
     <span class='ocr_line' id='line_1_34' title="bbox 435 2394 1828 2452; baseline -0.006 -12"><span class='ocrx_word' id='word_1_249' title='bbox 435 2402 621 2441; x_wconf 84' lang='lat' dir='ltr'>dixerunt</span> <span class='ocrx_word' id='word_1_250' title='bbox 640 2401 653 2438; x_wconf 85' lang='lat'>?</span> <span class='ocrx_word' id='word_1_251' title='bbox 685 2413 770 2452; x_wconf 83' lang='lat' dir='ltr'>quae</span> <span class='ocrx_word' id='word_1_252' title='bbox 792 2399 867 2437; x_wconf 90' lang='lat' dir='ltr'>tibi</span> <span class='ocrx_word' id='word_1_253' title='bbox 889 2399 1016 2437; x_wconf 89' lang='lat' dir='ltr'>dicere</span> <span class='ocrx_word' id='word_1_254' title='bbox 1038 2412 1116 2436; x_wconf 90' lang='lat' dir='ltr'>non</span> <span class='ocrx_word' id='word_1_255' title='bbox 1138 2397 1290 2435; x_wconf 89' lang='lat' dir='ltr'>licebit.</span> <span class='ocrx_word' id='word_1_256' title='bbox 1322 2397 1376 2434; x_wconf 89' lang='lat' dir='ltr'>Et</span> <span class='ocrx_word' id='word_1_257' title='bbox 1390 2395 1500 2449; x_wconf 86' lang='lat' dir='ltr'>paulo</span> <span class='ocrx_word' id='word_1_258' title='bbox 1513 2394 1616 2448; x_wconf 78' lang='lat' dir='ltr'>post.-</span> <span class='ocrx_word' id='word_1_259' title='bbox 1643 2394 1828 2446; x_wconf 87' lang='lat' dir='ltr'>Denique</span> 
     </span>
     <span class='ocr_line' id='line_1_35' title="bbox 434 2458 1826 2523; baseline -0.007 -15"><span class='ocrx_word' id='word_1_260' title='bbox 434 2470 496 2510; x_wconf 89' lang='lat' dir='ltr'>illi</span> <span class='ocrx_word' id='word_1_261' title='bbox 531 2480 669 2521; x_wconf 84' lang='lat' dir='ltr'>negare</span> <span class='ocrx_word' id='word_1_262' title='bbox 704 2475 944 2523; x_wconf 87' lang='lat' dir='ltr'>potuerunt,</span> <span class='ocrx_word' id='word_1_263' title='bbox 975 2475 1014 2505; x_wconf 90' lang='lat' dir='ltr'>et</span> <span class='ocrx_word' id='word_1_264' title='bbox 1048 2472 1316 2518; x_wconf 80' lang='lat' dir='ltr'>negaverunt3</span> <span class='ocrx_word' id='word_1_265' title='bbox 1354 2472 1398 2502; x_wconf 86' lang='lat' dir='ltr'>tu</span> <span class='ocrx_word' id='word_1_266' title='bbox 1434 2461 1510 2504; x_wconf 81' lang='lat' dir='ltr'>tibi</span> <span class='ocrx_word' id='word_1_267' title='bbox 1541 2475 1591 2500; x_wconf 89' lang='lat' dir='ltr'>ne</span> <span class='ocrx_word' id='word_1_268' title='bbox 1624 2458 1826 2499; x_wconf 83' lang='lat' dir='ltr'>inficiandi</span> 
     </span>
    </p>
   </div>
  </div>
 </body>
</html>
