2076 2860
416 191 493 246 318
767 187 846 226 IN
904 185 971 225 M.
1030 185 1459 226 ANTONIUM

415 294 476 340 fit,
508 305 632 345 augur
661 304 682 328 a
714 289 868 342 collega
895 288 1068 342 requiro,
1112 289 1199 334 Sed,
1233 302 1281 327 ne
1310 288 1412 328 forte
1446 303 1494 328 ex
1524 289 1662 330 multis
1694 291 1809 331 rebus

415 359 530 412 gestis
559 358 622 396 M.
647 356 817 395 Antonii
847 368 932 393 rem
962 368 1082 393 unam
1111 354 1423 408 pulcherrimam
1453 355 1641 395 tranfiliat
1668 357 1808 403 oratio,

413 425 461 464 ad
483 423 716 477 Lupercalia
734 422 952 461 veniamus.

471 490 669 529 XXXIV.
702 489 799 528 Non
835 488 1071 534 diffimulat,
1105 489 1237 527 Patres
1272 488 1514 542 conscripti:
1546 500 1705 543 apparet
1739 490 1812 530 effe

414 566 688 596 commotum:
722 555 846 600 sudat,
869 554 1014 608 pallet:
1039 554 1251 608 quidlibet,
1274 554 1394 593 modo
1415 569 1464 593 ne
1484 556 1654 602 nauseet,
1676 556 1809 603 faciat,

415 623 524 677 quod
551 624 593 661 in
623 623 781 675 porticu
811 621 991 659 Minutia
1019 621 1130 660 fecit.
1164 623 1263 672 Qae
1295 621 1421 673 potest
1449 621 1522 660 effe
1551 623 1812 675 turpitudinis

415 699 533 728 tantae
554 688 726 727 defenfio
744 689 758 726 ?
791 688 924 741 Cupio
944 687 1076 726 audire
1092 707 1104 733 3
1124 696 1182 731 ,ut
1202 687 1355 726 videam
1371 717 1381 733 ,
1414 687 1484 725 ubi
1511 687 1678 727 rhetoris
1706 698 1815 728 tanta

414 769 586 801 merces,
619 755 689 794 ubi
710 768 872 808 campus
896 754 1138 799 Leontinus,
1170 762 1365 807 appareat.
1411 753 1575 792 Sedebat
1595 755 1637 793 in
1659 755 1811 794 Rostris

416 822 568 875 collega
588 830 694 866 tuuS,
718 821 884 859 amiClus
906 830 997 873 toga
1016 834 1225 874 purpure-a,
1249 820 1289 858 in
1312 820 1403 858 sella
1424 834 1549 866 aurea,
1571 830 1779 860 coronatus
1799 836 1809 861 τ

416 888 616 927 adscendis
631 907 643 933 3
666 887 817 927 accedis
838 887 886 925 ad
907 886 1039 925 sellam
1057 906 1068 932 ³
1105 888 1178 940 (ita
1197 899 1277 925 eras
1300 888 1520 940 Lupercus,
1543 896 1588 925 ut
1610 896 1648 926 te
1667 887 1812 926 consu-

414 955 496 994 lem
527 954 599 994 ess‘e
631 954 851 993 meminisse
882 953 1060 1004 deberes)
1095 953 1273 992 diadema
1300 952 1483 992 ostendis.
1517 954 1705 993 Gemitus
1728 962 1814 993 toto

416 1020 518 1060 foro.
552 1020 670 1060 Unde
690 1020 868 1059 diadema
886 1021 898 1057 ?
931 1033 1010 1058 non
1031 1019 1141 1058 enim
1162 1020 1360 1072 abjestum
1380 1019 1598 1065 sustuleras,
1621 1019 1685 1058 sed
1705 1028 1812 1058 attu-

415 1088 513 1127 leras
535 1087 655 1126 domo
675 1087 912 1126 meditatum
933 1095 972 1125 et
992 1086 1212 1139 cogitatum
1232 1085 1372 1124 scelus.
1391 1087 1458 1125 Tu
1480 1085 1659 1124 diadema
1679 1086 1813 1140 impo-

417 1154 535 1193 nebas
565 1167 660 1192 cum
690 1153 878 1207 plangore
907 1152 1047 1206 populi
1064 1172 1075 1198 ς
1108 1152 1176 1191 ille
1206 1165 1300 1191 cum
1330 1151 1467 1205 plausu
1496 1152 1712 1205 rejiciebat.
1745 1154 1815 1192 Tu

416 1233 510 1273 ergo
530 1233 647 1265 unuS,
680 1219 875 1264 scelerate,
907 1219 1090 1257 inventus
1111 1231 1166 1263 eS‚
1196 1218 1280 1271 qui,
1304 1230 1397 1256 curn
1418 1219 1552 1256 audior
1572 1218 1683 1271 regni
1702 1217 1811 1264 effes,

388 1275 390 1277 ,
417 1300 524 1333 eum,
560 1300 681 1340 quem
701 1286 897 1338 collegam
919 1285 1029 1338 regni
1050 1283 1235 1329 habebas,
1267 1283 1478 1322 dominum
1499 1282 1642 1322 habere
1661 1284 1781 1323 velles
1797 1303 1811 1331 5

415 1362 456 1392 et
475 1353 583 1392 idem
603 1362 787 1398 tentares,
818 1350 916 1405 quid
936 1350 1110 1404 populus
1131 1351 1336 1389 Romanus
1357 1348 1458 1388 ferre
1478 1358 1517 1388 et
1544 1350 1625 1403 pati
1645 1350 1783 1404 poffet.

473 1421 529 1459 At
550 1420 668 1459 etiam
689 1417 999 1457 misericordiam
1020 1417 1201 1471 captabas
1221 1432 1229 1455 :
1264 1416 1427 1470 supplex
1459 1425 1496 1455 te
1526 1416 1574 1455 ad
1602 1416 1719 1471 pedes
1740 1417 1813 1455 ab-

410 1487 577 1540 jiciebas
597 1501 605 1525 :
630 1486 726 1540 quid
747 1493 884 1539 petens
904 1486 917 1523 ?
942 1493 985 1523 ut
1006 1483 1163 1523 servires
1183 1485 1196 1523 ?
1228 1484 1328 1523 Tibi
1350 1484 1417 1522 uni
1441 1492 1605 1537 peteres,
1628 1484 1699 1537 qui
1719 1485 1774 1523 ita
1792 1498 1814 1523 a

416 1567 539 1606 puero
559 1554 724 1598 vixeras,
756 1560 801 1590 ut
833 1551 967 1591 omnia
998 1559 1184 1605 paterere,
1216 1558 1261 1588 ut
1292 1548 1409 1588 facile
1436 1550 1623 1590 servires:
1655 1564 1677 1589 a
1697 1550 1813 1590 nobis

415 1619 647 1674 populoque
676 1619 859 1658 Romano
890 1618 1121 1657 mandatum
1147 1617 1187 1656 id
1209 1625 1314 1655 certe
1333 1629 1413 1655 non
1434 1615 1620 1655 habebas.
1654 1617 1691 1654 O
1712 1630 1814 1671 prae-

415 1686 562 1726 claram
581 1686 692 1725 illam
714 1685 984 1740 eloquentiam
1005 1693 1114 1724 tuam
1130 1714 1140 1730 ‚
1173 1697 1267 1723 cum
1296 1696 1334 1723 es
1366 1683 1494 1722 nudus
1525 1684 1782 1723 concionatus
1801 1684 1812 1722 !

417 1753 528 1805 Qid
548 1752 625 1792 hoc
647 1753 801 1806 turpius
819 1753 831 1791 ?
855 1751 952 1806 quid
972 1751 1143 1791 foedius?
1167 1750 1264 1804 quid
1286 1749 1490 1804 suppliciis
1511 1750 1698 1790 omnibus
1720 1751 1812 1804 dig-

416 1819 535 1872 nius?
559 1832 657 1858 num
677 1820 870 1872 expectaS,
894 1817 990 1856 dum
1011 1826 1048 1855 te
1069 1817 1238 1855 stimulis
1259 1816 1438 1855 fodiam?
1461 1816 1544 1855 haec
1565 1825 1617 1863 te,
1640 1817 1666 1855 fi
1689 1817 1812 1855 ullam

416 1893 569 1939 partem
601 1883 720 1923 habes
753 1884 903 1929 sensus,
935 1884 1097 1928 lacerat,
1129 1881 1213 1921 haec
1246 1891 1424 1920 cruentat
1456 1883 1595 1921 oratio.
1637 1883 1810 1938 Vereor,

417 1963 466 1988 ne
486 1949 726 1989 imminuam
746 1949 922 1988 virorum
943 1946 1189 1987 summorum
1210 1948 1402 2001 gloriam:
1436 1947 1565 1986 dicam
1587 1957 1717 1986 tamen
1738 1947 1811 1986 do-

416 2016 499 2055 lore
519 2024 760 2055 commotus.
794 2014 905 2068 Qid
924 2014 1144 2068 indignius,
1168 2027 1288 2068 quam
1308 2014 1435 2053 vivere
1456 2027 1562 2060 eum,
1585 2014 1657 2067 qui
1677 2014 1812 2068 impo-

418 2081 536 2121 suerit
568 2082 760 2128 diadema,
793 2094 886 2121 cum
920 2094 1056 2120 ornnes
1092 2080 1288 2120 fateantur
1315 2080 1405 2134 jure
1437 2079 1690 2119 interfectum
1725 2079 1812 2126 effe,

417 2150 489 2202 qui
509 2149 695 2202 abjecerit
714 2150 726 2187 ?

474 2217 531 2255 At
551 2216 670 2255 etiam
686 2215 853 2255 adscribi
869 2214 979 2269 juffit
1000 2214 1040 2254 in
1058 2214 1178 2261 fastis,
1196 2214 1242 2253 ad
1264 2213 1511 2268 Lupercalia,
1536 2214 1584 2252 C.
1598 2213 1769 2252 CAEsAR
1779 2226 1811 2258 1,

417 2282 592 2322 difflatori
609 2291 782 2337 perpetuo
795 2312 806 2328 ,
838 2283 900 2321 M.
931 2282 1159 2327 Antonium,
1191 2279 1376 2335 confidem,
1400 2280 1527 2334 populi
1537 2279 1637 2334 jufflc
1665 2293 1814 2333 regnum

417 2348 583 2404 detubffl,
616 2351 791 2405 Caestzrem
811 2349 870 2389 uti
885 2347 1034 2403 noluJffi.
1067 2350 1156 2401 Jam
1172 2349 1255 2401 jam
1277 2348 1444 2386 minime
1465 2348 1601 2393 miror,
1625 2356 1664 2385 te
1683 2347 1812 2385 otium

419 2418 675 2470 perturbare3
708 2432 787 2456 non
815 2416 935 2456 modo
963 2416 1102 2456 urbem
1129 2415 1262 2461 odisse,
1295 2415 1357 2454 sed
1385 2416 1503 2454 ctiam
1524 2415 1686 2459 lucem;
1718 2425 1811 2451 cum

419 2485 688 2539 perditiffimis
709 2484 929 2525 latronibus
950 2497 1031 2524 non
1052 2483 1179 2522 solum
1201 2482 1248 2521 de
1275 2482 1352 2528 die,
1385 2481 1448 2520 sed
1475 2482 1594 2520 etiam
1621 2481 1662 2518 in
1691 2479 1811 2523 diem,
