2076 2860
522 145 657 183 PRo
719 146 768 184 L.
832 145 1044 184 eoRN.
1107 146 1356 185 BALBO.
1570 162 1643 202 143

296 242 413 281 XXI.
447 243 600 295 Itaque,
633 256 726 280 cum
750 243 886 295 paucis
907 243 1018 280 annis
1040 242 1126 296 post
1145 243 1247 282 hanc
1269 244 1439 283 civitatis
1461 245 1645 283 donatio-

241 322 333 347 nem
354 310 542 347 acerrima
561 309 608 347 de
629 309 787 347 civitate
808 309 984 362 quaestio,
1003 310 1160 349 Licinia
1175 320 1213 349 et
1229 311 1372 349 Mucia
1391 312 1492 364 lege,
1515 312 1644 350 venis—

240 374 320 421 set;
344 389 443 414 num
464 376 552 429 quis
573 389 726 420 eorum,
746 376 815 428 qui
837 376 884 414 de
904 375 1103 415 foederatis
1125 378 1353 417 civitatibus
1375 379 1466 417 effet
1487 380 1645 417 civitate

239 441 423 488 donatus,
440 443 484 481 in
498 442 701 495 judicium
722 442 775 480 est
796 445 987 481 vocatus?
1011 445 1120 482 Nam
1143 445 1368 498 Spoletinus
1386 447 1435 485 L.
1453 446 1645 485 Matrini-

239 521 300 554 us,
323 522 425 547 unus
447 522 495 548 ex
515 510 579 554 iis,
606 523 705 562 quos
730 509 778 547 C.
803 509 957 548 issarius
979 511 1139 549 civitate
1160 511 1346 558 donaffet,
1369 512 1472 551 dixit
1492 513 1645 551 causam

239 588 287 613 ex
307 575 466 613 colonia
484 576 641 620 Latina,
664 576 706 613 in
726 576 866 628 primis
889 576 1001 614 firma
1021 586 1061 614 et
1080 577 1238 617 illustri.
1254 580 1387 631 Qem
1409 593 1504 618 cum
1523 578 1645 618 diser-

240 651 302 680 tus
323 641 447 681 homo
469 643 517 681 L.
542 642 738 680 Antistius
760 643 969 689 accusaret,
989 644 1216 697 Spoletinus
1237 644 1354 691 dixit,
1377 645 1550 685 fundum
1570 661 1644 699 po-

239 709 383 761 pulum
405 709 657 762 Spoletinum
678 723 757 747 non
779 709 852 747 effe
872 709 1050 756 fastum3
1084 710 1241 749 videbat
1260 712 1383 757 enim,
1407 713 1576 765 populos
1599 713 1645 751 de

240 775 309 813 suo
334 777 440 828 jure,
472 789 551 814 non
584 775 631 814 de
664 775 809 821 nostrO,
841 775 987 814 fundos
1021 776 1107 814 fieri
1139 776 1261 816 solere
1279 793 1288 816 :
1322 778 1400 824 sed,
1433 793 1526 817 cum
1560 781 1645 832 lege

240 842 413 895 Apuleia
451 843 616 880 coloniae
656 855 735 880 non
775 841 895 880 effent
934 842 1108 882 dedustae
1125 873 1136 888 ,
1169 857 1247 896 qua
1286 845 1372 897 lege
1412 846 1644 885 Saturninus

242 909 291 947 C.
314 909 448 947 Mario
468 909 638 953 tulerat,
670 917 714 946 ut
744 909 785 946 in
816 908 985 962 singulas
1014 910 1189 948 colonias
1213 920 1343 949 ternos
1366 912 1469 950 cives
1492 913 1644 951 Roma-

240 988 311 1013 nos
342 974 469 1013 facere
501 975 646 1027 poffet,
678 975 846 1027 negabat
879 975 956 1014 hoc
990 976 1254 1024 beneficium,
1288 992 1326 1016 re
1359 978 1439 1032 ipsa
1471 979 1644 1026 sublata,

239 1041 365 1079 valere
386 1041 540 1079 debere.

297 1108 416 1147 Nihil
437 1108 558 1147 habet
579 1108 851 1147 similitudinis
868 1109 937 1148 ista
951 1110 1145 1149 accusatio
1162 1126 1170 1149 :
1196 1111 1258 1148 sed
1276 1121 1407 1150 tamen
1425 1122 1531 1151 tanta
1550 1128 1645 1152 auc-

240 1175 375 1213 toritas
397 1175 439 1213 in
463 1176 510 1213 C.
528 1175 661 1213 Mario
681 1174 774 1220 fuit,
799 1184 842 1213 ut
864 1189 943 1214 non
965 1190 1034 1229 per
1054 1178 1104 1215 L.
1123 1177 1315 1223 Craffum,
1333 1179 1493 1217 affinem
1514 1179 1643 1227 suum,

238 1239 448 1279 hominem
469 1241 697 1279 incredibili
716 1241 967 1294 eloquentia,
999 1243 1063 1280 sed
1084 1244 1218 1295 paucis
1242 1244 1321 1296 ipse
1341 1245 1468 1283 verbis
1490 1246 1645 1286 causam

239 1307 351 1346 illam
371 1308 560 1360 gravitate
580 1308 645 1346 sua
665 1307 899 1354 defenderit,
922 1318 961 1347 et
981 1310 1171 1362 probarit.
1192 1312 1294 1362 Qis
1316 1313 1423 1350 enim
1444 1313 1549 1358 effet,
1569 1315 1643 1364 Ju-

240 1373 370 1420 dices,
402 1376 472 1427 qui
503 1375 807 1428 imperatoribus
841 1375 980 1414 nostris
1013 1377 1054 1414 in
1089 1377 1218 1422 bello,
1251 1378 1291 1415 in
1321 1379 1425 1423 acie,
1458 1380 1498 1417 in
1532 1394 1643 1418 exer-

239 1441 339 1487 citu,
371 1441 568 1480 deleaum
600 1442 787 1488 virtutis;
820 1444 889 1496 qui
923 1443 1053 1489 sociis,
1086 1445 1155 1496 qui
1185 1444 1401 1490 foederatis,
1433 1447 1474 1484 in
1506 1446 1643 1485 defen-

239 1507 366 1546 denda
386 1508 591 1560 republica
609 1508 736 1546 nostra
757 1509 864 1560 spem
885 1511 1154 1562 praemiorum,
1177 1511 1275 1563 eripi
1297 1511 1442 1549 vellet?
1476 1513 1596 1564 Qod
1618 1514 1643 1551 fi

239 1573 373 1611 vultus
397 1574 446 1611 C.
470 1574 608 1618 Marii,
641 1575 667 1611 fi
689 1587 780 1618 vox,
813 1574 839 1611 fi
870 1575 938 1612 ille
968 1576 1245 1627 imperatorius
1275 1577 1388 1614 ardor
1417 1578 1641 1624 oculorum,

239 1638 268 1677 fi
288 1647 461 1677 recentes
482 1638 694 1691 triumphi,
718 1639 743 1676 fi
765 1639 930 1691 praesens
951 1640 1075 1677 valuit
1095 1641 1269 1693 aspet‘tus
1284 1660 1295 1686 ς
1328 1642 1451 1680 valeat
1472 1645 1642 1682 auctori-

241 1713 327 1750 tas,.
342 1705 497 1743 valeant
516 1718 573 1743 res
594 1705 722 1758 gestae,
754 1705 878 1744 valeat
899 1707 1105 1752 memoria,
1136 1707 1260 1745 valeat
1281 1707 1480 1747 fortiflimi
1501 1721 1539 1748 et
1560 1711 1642 1748 cla-

241 1770 377 1809 riffimi
398 1772 472 1809 viri
493 1785 640 1810 nomen
662 1780 866 1811 aeternum.
913 1773 970 1810 Sit
1000 1772 1078 1810 hoc
1099 1773 1310 1812 discrimen
1333 1775 1435 1813 inter
1455 1777 1643 1828 gratiosos

239 1837 360 1883 cives,
391 1847 508 1890 atque
528 1836 664 1883 fortes,
699 1847 742 1876 ut
772 1838 833 1876 illi
863 1838 942 1877 vivi
972 1838 1156 1878 fruantur
1176 1840 1319 1893 opibus
1341 1841 1447 1886 suis3
1481 1841 1641 1889 horum,

237 1902 359 1941 etiam
378 1912 643 1948 mortuorum,
679 1903 723 1956 (fi
755 1904 965 1957 quisquam
994 1903 1114 1958 hujus
1143 1906 1303 1960 imperii
1333 1906 1512 1945 defensor
1540 1910 1643 1948 mori

239 1968 382 2021 potest)
405 1970 511 2008 vivat
531 1971 738 2008 auctoritas
761 1971 1013 2009 immortalis.

296 2036 434 2073 XXII.
459 2036 597 2088 Qid?
617 2036 694 2074 Cn.
710 2036 940 2088 Pompeius,
959 2047 1081 2089 pater,
1099 2037 1215 2076 rebus
1234 2039 1374 2076 Italico
1392 2039 1497 2078 bello
1513 2042 1641 2079 maxi-

240 2102 316 2140 mis
338 2102 468 2154 gestis,
493 2103 538 2141 P.
556 2103 740 2148 Caefimn,
763 2104 940 2156 equitem
962 2105 1207 2151 Romanum,
1231 2106 1361 2144 virum
1383 2107 1549 2153 bonum,
1573 2109 1643 2161 qui

240 2167 340 2206 vivit
369 2169 591 2213 Ravennae,
623 2168 814 2207 foederato
843 2183 891 2208 ex
919 2171 1084 2223 populo,
1117 2185 1248 2210 nonne
1269 2173 1428 2211 civitate
1449 2174 1641 2212 donavit?

239 2232 369 2286 quid?
401 2233 582 2272 cohortes
603 2234 696 2272 duas
719 2236 912 2275 universas
936 2238 1213 2276 Camertium?
1246 2238 1372 2291 quid?
1406 2239 1641 2277 Heraclien-

242 2301 341 2339 fium
373 2301 573 2353 legionem
606 2302 651 2340 P.
688 2303 867 2349 Craffus,
900 2304 960 2342 vir
993 2306 1268 2358 ampliffimus,
1301 2320 1349 2344 ex
1381 2320 1424 2344 ea
1455 2308 1638 2352 civitate,

241 2379 416 2419 quacum
436 2380 558 2420 prope
578 2366 768 2420 singulare
789 2368 919 2408 foedus
942 2370 1084 2421 Pyrrhi
1105 2372 1367 2424 temporibus,
1392 2373 1440 2410 C.
1458 2373 1641 2410 Fabricio

241 2433 414 2479 consule,
437 2434 562 2473 ictum
582 2437 771 2487 putatur?
795 2436 892 2489 quid
912 2438 923 2474 ?
956 2438 1239 2477 Massiliensem
1259 2439 1485 2477 Aristonem
1507 2439 1639 2490 Sylla?
