2076 2860
342 202 389 241 82
816 198 1261 235 ORATIO

340 295 617 335 familiaritatis
639 297 787 334 crimen
819 294 961 333 haereat
980 310 988 333 ε
1022 294 1075 332 est
1094 295 1202 332 enim
1223 306 1435 332 commune
1467 307 1560 331 cum
1582 294 1737 339 multis,

340 373 378 401 et
399 377 493 402 cum
513 362 746 416 quibusdam
767 361 886 399 etiam
907 361 1037 399 bonis.
1061 361 1132 399 Me
1153 360 1298 413 ipsum,
1320 373 1384 397 me
1404 361 1583 413 inquam,
1605 373 1738 412 quon-

342 431 430 468 dam
451 444 549 483 pene
570 430 637 468 ille
658 429 827 481 decepit,
857 441 949 466 cum
970 437 1008 466 et
1029 429 1125 466 civis
1147 428 1248 466 mihi
1272 429 1413 473 bonus,
1441 436 1479 465 et
1499 428 1644 479 optimi
1665 441 1737 465 cu-

336 497 478 550 jusque
499 495 680 548 cupiduS,
712 504 750 532 et
778 494 915 532 firmus
935 496 1085 532 amicus
1115 508 1158 532 ac
1180 494 1322 539 fidelis,
1353 494 1564 532 videretur.
1612 493 1738 545 Cujus

341 576 413 614 ego
434 562 607 600 facinora
627 561 752 598 oculis
774 562 898 613 prius,
921 574 1041 612 quam
1062 561 1264 613 opinione,
1288 560 1471 598 manibus
1493 569 1596 605 ante,
1619 572 1739 612 quam

341 627 573 679 suspicione,
605 625 859 679 deprehendi.
896 626 1022 678 Cujus
1044 626 1085 663 in
1106 626 1259 678 magnis
1280 626 1444 663 catervis
1472 626 1691 663 amicorum
1713 623 1739 662 fi

341 693 419 732 fuit
450 695 569 732 etiam
591 693 753 737 Caelius,
784 693 908 744 magis
941 691 1009 736 est,
1042 700 1086 729 ut
1118 691 1197 744 ipse
1229 691 1389 729 moleste
1410 691 1508 729 ferat
1533 690 1666 729 erraffe
1687 690 1737 735 se,

341 760 455 798 ficuti
487 773 775 811 nonnunquam
806 759 847 796 in
867 758 1005 796 eodem
1037 756 1202 795 homine
1226 771 1290 795 me
1311 771 1470 810 quoque
1491 758 1630 795 erroris
1661 757 1741 794 mei

340 827 524 879 poenitet,
546 838 665 878 quam
686 833 730 863 ut
750 824 858 862 istius
879 824 1063 862 amicitiae
1084 824 1234 861 crimen
1257 823 1502 861 reformidet.

397 892 493 930 VII.
527 893 664 944 Itaque
685 904 706 929 a
725 890 942 929 maledictis
959 889 1161 943 pudicitiae
1182 889 1229 927 ad
1245 890 1332 941 conj
1341 889 1528 926 urationis
1550 887 1742 926 invidiam

342 958 467 996 oratio
478 957 532 996 est
547 957 666 995 vestra
687 956 852 1009 delapsa.
878 955 1061 993 Posuistis
1076 956 1198 1000 enim,
1214 964 1330 1008 atque
1352 954 1391 992 id
1409 963 1539 992 tamen
1561 953 1740 992 tituban-

343 1033 400 1062 ter
419 1033 458 1062 et
479 1023 656 1068 strictim,
680 1022 963 1074 conjurationis
985 1020 1108 1066 hunc,
1131 1030 1290 1074 propter
1310 1021 1526 1058 amicitiam
1541 1019 1739 1065 Catilinae,

342 1091 576 1144 participem
597 1089 709 1129 fuisse
727 1104 736 1127 :
769 1090 808 1127 in
835 1102 916 1141 quo
937 1102 1015 1127 non
1037 1088 1157 1126 modo
1177 1088 1327 1126 crimen
1349 1101 1428 1125 non
1460 1086 1645 1131 haerebat,
1677 1085 1742 1123 sed

342 1159 409 1195 vix
430 1157 560 1195 diserti
581 1156 835 1194 adolescentis
857 1154 1076 1194 cohaerebat
1093 1155 1230 1193 oratio.
1255 1155 1338 1206 Qi
1359 1154 1467 1192 enim
1483 1161 1614 1191 tantus
1631 1151 1742 1190 furor

345 1224 385 1261 in
404 1223 557 1261 Caelio?
592 1222 698 1276 quod
720 1231 875 1260 tantum
895 1230 961 1260 aut
982 1222 1023 1259 in
1051 1221 1228 1259 moribus
1250 1230 1465 1273 naturaque
1485 1219 1644 1263 vuanS‚
1675 1227 1742 1257 aut

347 1289 386 1326 in
417 1303 455 1326 re
486 1298 602 1341 atque
634 1287 818 1326 fortuna?
852 1287 918 1325 ubi
942 1287 1111 1339 denique
1142 1285 1195 1323 est
1227 1287 1268 1324 in
1300 1285 1368 1323 ista
1389 1285 1606 1338 suspicione
1628 1284 1743 1322 Caelii

347 1369 490 1393 nomen
512 1355 690 1393 auditum
708 1357 720 1392 ?
756 1355 944 1394 Nimium
964 1354 1091 1392 multa
1112 1352 1158 1391 de
1180 1367 1218 1391 re
1246 1353 1412 1391 minime
1432 1352 1553 1390 dubia
1571 1351 1739 1403 loquor:

346 1420 422 1459 hoc
445 1432 574 1459 tamen
596 1421 700 1465 dico,
719 1434 797 1458 non
821 1420 940 1458 modo
962 1420 987 1457 fi
1010 1420 1135 1457 socius
1157 1419 1457 1470 conjurationis,
1489 1417 1552 1455 sed
1574 1417 1644 1455 nisi
1661 1417 1745 1458 ini<

346 1487 576 1525 miciffimus
597 1487 705 1524 istius
727 1486 894 1531 sceleris,
917 1485 1061 1530 fuiffet,
1093 1498 1297 1537 nunquam
1319 1484 1601 1536 conjurationis
1622 1496 1742 1520 accu-

346 1554 491 1592 satione
511 1553 812 1591 adolescentiam
833 1552 940 1590 suam
960 1552 1205 1604 potiffimum
1226 1550 1500 1589 commendare
1520 1549 1716 1588 voluiffet.

400 1620 536 1673 Qod‚
558 1618 663 1657 haud
684 1619 777 1664 scio,
809 1632 856 1656 an
878 1618 924 1656 de
945 1618 1100 1656 ambitu
1131 1626 1169 1655 et
1197 1617 1244 1655 de
1271 1616 1507 1655 criminibus
1529 1615 1609 1654 istis
1631 1615 1742 1653 soda-

342 1688 443 1725 lium
464 1700 507 1724 ac
529 1685 798 1739 sequestrium,
831 1685 1020 1738 quoniam
1040 1682 1119 1722 huc
1141 1683 1280 1729 incidi,
1310 1683 1488 1721 similiter
1505 1681 1743 1735 responden-

344 1754 439 1791 dum
461 1763 612 1806 putem.
657 1753 878 1803 Nunquam
899 1752 1005 1788 enim
1028 1759 1108 1788 tam
1131 1750 1278 1788 Caelius
1298 1763 1431 1787 amens
1453 1749 1598 1795 fuiffet,
1626 1758 1684 1794 ut,
1716 1749 1742 1787 fi

346 1819 380 1857 se
408 1817 663 1869 isto-infinito
690 1816 843 1854 ambitu
865 1814 1198 1859 commaculasset,
1229 1815 1402 1852 ambitus
1428 1815 1596 1852 alterum
1623 1828 1741 1852 accu-

347 1885 467 1928 sarem
500 1897 625 1935 neque
647 1883 729 1934 ejus
752 1880 842 1919 faeci
878 1881 917 1918 in
949 1880 1071 1935 altero
1100 1879 1363 1932 suspicionem
1395 1888 1598 1931 quaereret,
1630 1881 1742 1931 cujus

347 1951 426 2003 ipse
448 1949 517 1987 fibi
540 1958 767 2002 perpetuam
788 1944 1181 2000 licentiam'optaret5
1207 1959 1293 1991 nec,
1316 1945 1342 1983 fi
1360 1945 1430 1983 fibi
1451 1945 1567 1983 semel
1585 1946 1742 1997 pericu-

348 2017 431 2054 lum
453 2016 625 2053 ambitus
648 2014 894 2053 subeundum
918 2022 1085 2067 putaret,
1110 2012 1188 2065 ipse
1215 2013 1381 2050 alterum
1406 2013 1550 2050 iterum
1570 2011 1743 2050 ambitus

347 2083 513 2120 crimine
533 2080 743 2119 arcesseret.
768 2079 888 2131 Qod
909 2092 1135 2132 quanquam
1157 2091 1227 2116 nec
1245 2078 1447 2131 sapienter,
1463 2086 1501 2115 et
1522 2090 1585 2116 me
1602 2078 1742 2122 invito,

347 2147 468 2192 facit3
502 2156 631 2185 tamen
653 2145 706 2184 est
726 2144 917 2197 ejusmodi
947 2145 1192 2197 cupiditatis,
1227 2153 1270 2182 ut
1302 2144 1426 2196 magis
1448 2143 1624 2181 insectari
1643 2143 1742 2180 alte-

349 2214 427 2252 rius
451 2212 733 2256 innocentiam,
756 2225 875 2264 quam
896 2210 942 2248 de
964 2211 1000 2248 se
1021 2209 1159 2248 timide
1179 2211 1365 2262 cogitare,
1388 2210 1578 2248 videatur.

405 2280 528 2323 Nam,
546 2277 652 2331 quod
673 2291 721 2318 aes
738 2277 911 2315 alienum
928 2277 1127 2330 obje&um
1148 2276 1217 2321 est,
1235 2276 1413 2328 sumptus
1431 2274 1664 2328 reprehenfi,
1683 2283 1743 2312 ta-

350 2345 451 2383 bulae
467 2345 670 2396 flagitatam
693 2342 835 2387 videte,
852 2356 970 2395 quam
989 2355 1110 2394 pauca
1127 2341 1392 2394 respondeam.
1416 2341 1605 2386 Tabulas,
1620 2341 1744 2393 quiin

350 2413 467 2465 patris
489 2411 675 2464 potestate
695 2410 762 2454 est,
781 2409 908 2447 nullas
924 2409 1101 2447 conficit.
1125 2408 1333 2446 versuram
1355 2422 1558 2462 nunquam
1580 2408 1745 2445 omnino

351 2479 444 2517 fecit
465 2477 601 2516 ullam.
635 2478 823 2529 Sumptus
847 2477 960 2514 unius
985 2475 1135 2528 generis
1160 2475 1335 2526 objectus
1358 2475 1425 2520 est,
1459 2474 1712 2514 habitationis
1732 2488 1742 2512 ι
