2076 2860
497 175 572 214 268
973 174 1419 212 ORATIO

497 290 614 329 porro
632 305 643 322 ,
680 275 749 328 qui
785 274 904 313 modo
938 274 1078 327 populi
1113 274 1286 312 Romani
1322 287 1467 312 nomen
1503 273 1653 312 audivit
1670 302 1682 318 ,
1718 274 1898 327 Dejotari

499 342 717 394 integritas,
749 340 931 393 gravitas,
955 341 1095 386 virtus,
1128 340 1239 385 fides,
1263 353 1341 378 non
1363 339 1495 377 audita
1516 339 1600 377 est?
1634 339 1755 391 Qod
1775 340 1899 392 igitur

497 406 651 446 facinus
687 419 758 444 nec
793 407 835 444 in
866 405 1074 444 hominem
1104 405 1400 459 imprudentem
1431 405 1565 443 cadere
1595 405 1742 458 poffet,
1774 420 1896 459 prop-

499 483 558 511 ter
577 481 729 511 metum
750 471 949 525 praesentis
970 471 1099 517 exitii,
1123 485 1194 510 nec
1216 471 1257 509 in
1279 470 1559 516 facinorosum,
1589 470 1661 508 nisi
1681 471 1771 509 effet
1792 471 1898 510 idem

499 537 781 576 amentiffimus
800 556 811 583 ς
844 536 885 575 id
904 551 972 575 vos
993 546 1032 575 et
1053 550 1074 574 a
1097 537 1181 575 viro
1202 537 1356 590 optimo
1371 566 1382 582 ,
1414 545 1453 575 et
1480 537 1527 574 ab
1547 535 1712 574 homine
1731 537 1899 576 minime

498 603 631 649 stulto,
663 604 884 656 cogitatum
904 603 976 641 effe
997 602 1241 655 confingitis.

555 670 612 708 At
633 683 752 723 quam
773 683 853 707 non
875 669 994 707 modo
1017 682 1095 707 non
1117 668 1361 707 credibiliter
1376 698 1387 714 ,
1419 668 1482 707 sed
1511 683 1558 707 ne
1579 668 1786 722 suspiciose
1806 668 1899 722 qui·

500 735 606 774 dem.
640 737 770 781 Cum,
803 736 958 788 inquit,
992 735 1031 773 in
1067 734 1282 772 Castellum
1315 735 1511 773 Luceium
1542 735 1726 781 veniffes,
1757 744 1797 773 et
1826 734 1898 772 do-

500 815 613 840 mum
636 802 751 854 regis,
774 801 940 854 hospitis
964 802 1036 846 tui,
1060 800 1301 846 divertiss'e55
1326 801 1437 839 locus
1458 810 1538 838 erat
1559 800 1736 853 quidam,
1758 801 1800 839 in
1821 813 1902 853 quo

500 878 609 906 erant
629 882 673 906 ea
692 868 907 921 compofita
922 898 932 913 ‚
965 867 1109 920 quibus
1132 881 1197 905 rex
1221 877 1257 905 te
1279 881 1483 905 munerare
1504 867 1772 906 constituerat.
1806 867 1902 905 Huc

502 943 541 972 te
561 948 581 972 e
602 934 756 980 balneo,
779 935 887 987 prius
909 947 1028 987 quam
1050 934 1316 977 accumbereS,
1340 933 1482 971 ducere
1503 933 1681 972 volebat:
1715 933 1773 971 ibi
1793 933 1902 971 enim

502 1008 611 1037 erant
640 1000 793 1045 armati,
826 1000 894 1051 qui
929 1009 965 1037 te
997 998 1278 1043 interficerent,
1311 999 1351 1035 in
1385 1012 1430 1035 eo
1463 998 1546 1051 ipso
1578 998 1667 1036 loco
1699 998 1899 1036 collocati.

504 1066 568 1104 En
589 1066 762 1111 crimen,
794 1079 840 1103 en
863 1065 994 1110 causa,
1027 1078 1097 1102 cur
1118 1078 1249 1116 regem
1270 1063 1485 1116 fugitivus,
1518 1064 1728 1102 dominum
1750 1064 1900 1109 servus,

503 1131 671 1170 accuset.
705 1133 792 1184 Ego
813 1130 1053 1175 mehercule,
1087 1131 1136 1168 C.
1160 1130 1300 1175 Caesar,
1332 1130 1463 1175 initio,
1496 1144 1589 1168 cum
1610 1130 1663 1168 est
1682 1131 1728 1169 ad
1750 1144 1813 1168 me
1834 1130 1903 1168 ista

504 1198 615 1236 causa
635 1197 780 1242 delata,
814 1197 1061 1249 Phidippum
1083 1195 1306 1240 medicum,
1339 1195 1491 1234 servum
1513 1197 1688 1249 regium,
1717 1197 1788 1250 qui
1809 1210 1903 1234 cum

504 1263 642 1316 legatis
674 1263 808 1301 miffus
841 1263 945 1308 esset,
977 1263 1024 1300 ab
1057 1262 1129 1300 isto
1161 1261 1403 1300 adolescente
1432 1262 1505 1300 effe
1534 1272 1796 1315 corruptum3
1828 1261 1902 1300 hac

505 1328 724 1382 suspicione
745 1329 830 1367 sum
850 1329 1071 1381 percussus:
1096 1327 1298 1365 medicum
1319 1327 1492 1365 indicem
1514 1327 1758 1373 subornabit,
1780 1327 1905 1381 finget

505 1395 690 1434 videlicet
711 1395 871 1448 aliquod
892 1395 1043 1433 crimen
1063 1395 1219 1432 veneni.
1253 1393 1334 1432 Etfi
1356 1408 1375 1431 a
1395 1396 1556 1432 veritate
1578 1395 1710 1447 longe,
1734 1404 1864 1434 tamen
1885 1409 1907 1433 a

505 1462 787 1500 consuetudine
807 1461 1044 1499 criminandi
1066 1474 1144 1498 non
1166 1459 1356 1505 multum,
1389 1474 1446 1498 res
1468 1459 1717 1500 abhorrebat.

563 1528 673 1580 Qid
693 1529 746 1566 ait
766 1527 944 1566 medicus
964 1529 976 1565 ?
1009 1526 1111 1565 nihil
1133 1526 1179 1564 de
1200 1540 1365 1564 veneno.
1398 1527 1453 1564 At
1475 1526 1515 1564 id
1537 1527 1619 1565 fieri
1639 1527 1786 1580 potuit,
1818 1528 1902 1580 pri-

506 1608 573 1632 mo
593 1595 790 1633 occultius
811 1595 851 1632 in
874 1595 1035 1647 potione
1051 1623 1061 1639 ,
1094 1594 1154 1632 vel
1185 1593 1226 1631 in
1247 1593 1339 1631 cibo
1357 1609 1365 1631 :
1400 1593 1540 1632 deinde
1561 1595 1679 1632 etiam
1699 1595 1904 1647 impunius

508 1661 573 1706 fit,
606 1661 734 1714 quod,
766 1674 860 1699 curn
881 1661 933 1699 est
954 1660 1126 1706 factum,
1159 1660 1291 1712 negari
1313 1660 1452 1713 potest.
1487 1661 1526 1698 Si
1546 1661 1676 1713 palam
1699 1669 1737 1699 te
1757 1661 1904 1699 intere-

509 1727 663 1773 miffet;
696 1728 879 1766 omnium
913 1728 954 1765 in
990 1727 1026 1765 se
1061 1727 1242 1779 gentium
1280 1741 1358 1765 non
1390 1727 1517 1766 solum
1547 1727 1662 1773 odia,
1694 1727 1757 1766 sed
1787 1728 1906 1767 etiam

509 1807 640 1838 arma,
671 1793 945 1831 convertisset:
979 1793 1005 1830 si
1033 1806 1211 1836 veneno;
1244 1794 1354 1842 Jovis
1386 1793 1494 1831 illius
1516 1793 1679 1845 quidem
1700 1792 1905 1846 hospitalis

510 1872 656 1896 numen
680 1872 884 1910 nunquam
906 1858 1028 1895 celare
1058 1857 1268 1910 potuiffet,
1300 1857 1481 1895 homines
1512 1857 1666 1896 fortasse
1696 1859 1902 1898 celavisset.

511 1923 631 1976 Qod
650 1924 775 1975 igitur
794 1932 832 1961 et
853 1923 1049 1961 occultius
1071 1923 1219 1967 conari,
1241 1932 1280 1960 et
1300 1923 1451 1961 efficere
1473 1924 1641 1969 cautius,
1672 1924 1832 1976 potuit;
1865 1925 1906 1963 id

512 1991 602 2036 tibi,
633 1998 671 2028 et
692 1989 848 2027 medico
868 1989 1027 2034 callido,
1049 1998 1087 2026 et
1109 1989 1229 2034 serVO,
1253 1998 1296 2027 ut
1318 1989 1494 2042 putabat,
1526 1989 1647 2035 fideli,
1676 2004 1755 2028 non
1777 1990 1905 2028 credi-

512 2057 569 2094 dit
588 2075 598 2101 3
632 2055 678 2092 de
698 2055 831 2100 armis,
855 2055 901 2092 de
921 2054 1039 2100 ferro,
1063 2055 1108 2093 de
1130 2055 1293 2100 infidiis,
1317 2055 1440 2093 celare
1462 2064 1499 2093 te
1520 2055 1678 2094 noluit?
1712 2057 1766 2094 At
1787 2069 1908 2109 quam

513 2122 646 2160 festive
667 2122 817 2159 crimen
839 2122 1091 2160 contexitur?
1125 2123 1214 2159 Tua
1235 2131 1287 2167 te,
1311 2122 1457 2174 inquit,
1480 2121 1613 2160 eadem
1635 2135 1720 2174 quae
1742 2122 1907 2175 semper,

513 2188 671 2226 fortuna
691 2187 877 2225 servavit:
911 2187 1096 2240 negavisti
1119 2197 1205 2225 tum
1228 2197 1265 2225 te
1286 2188 1475 2240 inspicere
1496 2188 1610 2227 velle.

571 2254 663 2291 VII.
689 2253 798 2304 Qid
816 2252 969 2305 postea?
988 2267 1034 2290 an
1053 2253 1278 2305 Dejotarus,
1295 2268 1333 2291 re
1350 2254 1420 2291 illo
1438 2263 1613 2306 tempore
1628 2267 1706 2292 non
1724 2252 1908 2306 perfecta,

513 2320 705 2357 continuo
727 2318 872 2356 dimifit
893 2319 1111 2356 exercitum
1129 2320 1142 2355 ?
1165 2319 1299 2357 nullus
1320 2328 1399 2357 erat
1420 2320 1519 2358 alius
1541 2320 1748 2358 insidiandi
1769 2319 1908 2357 locus?

516 2388 568 2423 At
590 2384 728 2422 eodem
751 2393 787 2421 te
803 2413 813 2429 ,
846 2398 938 2421 cum
960 2383 1182 2422 coenaviffes
1198 2413 1208 2428 ‚
1242 2384 1462 2422 rediturum
1484 2385 1664 2431 dixeras5
1696 2385 1828 2437 itaque
1848 2383 1909 2422 fe·-

514 2451 613 2490 cisti.
654 2451 805 2489 Horam
829 2464 947 2488 unam
968 2460 1033 2489 aut
1055 2450 1148 2488 duas
1169 2449 1308 2489 codem
1329 2451 1417 2490 loco
1438 2459 1630 2497 armatos,
1663 2460 1706 2489 ut
1726 2450 1910 2489 collocati
