2076 2860
325 160 447 211 ᾗ432
705 153 1433 194 0RAT-10NUM

553 330 635 367 ΕΤ
684 337 894 364 EADEM
943 337 1012 362 DE
1061 335 1129 361 RE
1177 335 1375 362 PAULO
1425 336 1587 362 POST.

432 442 488 477 [t
510 436 773 490 spect-oculum
795 434 896 472 illud
927 433 1097 471 duorum
1126 433 1417 486 designatorum
1448 433 1672 480 consulum,
1703 447 1769 471 ca-

375 505 572 548 lamitate,
606 517 667 548 re,
700 512 738 540 et
775 511 951 553 tempore
985 499 1138 537 salubre
1171 513 1214 537 ac
1250 498 1527 545 necessarium,
1559 513 1699 552 genere
1732 507 1771 537 et

375 570 557 622 exemplo
579 568 765 607 miserum
786 581 828 605 ac
851 565 1066 611 funestum,
1097 564 1335 604 videremus.

431 636 542 688 Qid
577 649 649 686 ego
684 648 791 673 nunc
827 633 902 671 tibi
937 632 1180 685 argumentis
1216 631 1493 685 respondeam,
1525 631 1630 685 poffe
1664 630 1771 676 fieri,

376 712 419 741 ut
454 703 553 740 alius
587 702 730 754 aliquis
768 688 977 739 Cornelius
1013 699 1085 745 fit,
1122 699 1193 752 qui
1228 697 1370 736 habeat
1404 698 1682 737 Philerotem?
1714 710 1772 736 res

374 769 534 821 vulgare
562 781 706 806 nomen
727 767 799 805 effe
821 766 1048 811 Philerotis,
1082 765 1290 803 Cornelios
1323 778 1414 803 vero
1445 765 1500 803 ita
1531 764 1696 809 multos,
1730 772 1773 802 ut

370 837 455 887 jam
475 835 594 872 etiam
616 833 833 885 collegium
853 832 1114 870 constitutum
1135 831 1195 870 fit.

434 902 490 939 At
511 901 618 938 enim
643 900 809 938 extremi
840 913 882 937 ac
914 898 1146 936 difficillimi
1177 898 1365 951 temporis
1396 911 1533 936 vocem
1564 896 1690 941 illam,
1723 897 1773 934 C.

380 967 558 1012 Corneli,
590 966 793 1004 consulem
820 966 978 1004 mittere
1007 964 1184 1017 coegisti,
1216 964 1286 1017 qui
1316 963 1607 1017 rempublicam
1634 963 1777 1001 salvam

379 1034 453 1073 effe
473 1033 635 1078 vellent,
669 1042 712 1070 ut
733 1032 779 1070 ad
800 1032 931 1084 legem
951 1030 1222 1084 accipiendam
1242 1030 1424 1069 adessent.

437 1100 601 1138 Plebem
622 1113 670 1137 ex
691 1098 912 1136 Maniliana
931 1097 1145 1135 offenfione
1164 1096 1307 1134 victam
1337 1105 1376 1133 et
1407 1095 1599 1133 domitam
1620 1093 1692 1132 effe
1713 1092 1775 1130 di-

379 1167 465 1211 cit;
497 1174 585 1203 ante
606 1164 748 1202 vestros
770 1176 891 1201 annos
913 1171 1074 1215 propter
1100 1161 1209 1199 illius
1239 1161 1391 1199 tribuni
1418 1160 1546 1213 plebis
1575 1160 1777 1198 temerita-

382 1243 462 1270 tem
485 1230 588 1284 poffe
609 1230 766 1275 adduci,
798 1238 842 1266 ut
873 1228 1039 1266 omnino
1070 1241 1118 1265 ne
1145 1227 1254 1264 illius
1282 1226 1469 1279 potestate
1493 1226 1776 1263 abalienemur.

383 1298 466 1349 Qi
501 1296 753 1335 restituerunt
787 1309 872 1333 eam
903 1293 1149 1346 potestatem,
1181 1293 1350 1331 alterum
1382 1291 1484 1330 nihil
1518 1305 1644 1330 unum
1676 1290 1780 1344 poffe

383 1374 519 1403 contra
539 1363 703 1408 multos,
736 1351 905 1400 alterum
925 1361 1043 1412 longe
1063 1359 1200 1398 abesse.

437 1432 568 1469 Tanta
600 1429 722 1481 igitur
755 1428 796 1466 in
829 1427 908 1465 illis
941 1427 1066 1464 virtus
1099 1425 1192 1471 fuit,
1225 1434 1269 1463 ut
1300 1439 1403 1463 anno
1436 1433 1512 1463 XVI
1550 1425 1636 1478 post
1671 1437 1778 1477 reges

382 1498 562 1540 exactos,
594 1504 756 1548 propter
790 1493 956 1531 nimiam
991 1491 1305 1530 dominationem
1341 1492 1592 1544 potentium,
1625 1490 1779 1529 secede-

383 1572 483 1607 rent,
516 1562 620 1614 leges
653 1561 813 1599 sacratas
843 1559 913 1612 ipfi
945 1558 1016 1596 fibi
1047 1557 1307 1603 restituerent,
1340 1557 1437 1595 duos
1470 1557 1650 1595 tribunos
1671 1570 1779 1595 crea-

385 1637 484 1673 rent,
514 1637 692 1666 montem
714 1627 832 1664 illum
854 1634 958 1665 trans
980 1625 1194 1670 Anienem,
1217 1624 1287 1677 qui
1309 1623 1427 1661 hodie
1448 1637 1562 1661 mons
1585 1623 1686 1662 sacer
1706 1637 1780 1661 no-

384 1695 570 1739 minatur,
604 1694 643 1731 in
677 1706 757 1746 quo
788 1691 927 1729 armati
960 1690 1229 1736 consederant,
1262 1699 1411 1728 aeternae
1440 1690 1640 1728 memoriae
1671 1689 1782 1727 causa

384 1760 666 1798 consecrarent.
718 1760 855 1809 Itaque
896 1757 1095 1809 auspicato
1130 1757 1281 1809 postero
1315 1770 1418 1794 anno
1452 1756 1589 1794 decem
1629 1755 1781 1794 tribuni

384 1827 510 1880 plebis
533 1825 707 1864 comitiis
728 1824 887 1861 curiatis
909 1824 1027 1860 creati
1049 1822 1152 1861 sunt.

441 1894 553 1930 Tum
587 1889 813 1942 interposita
846 1888 921 1926 fide
955 1902 1024 1940 per
1059 1898 1134 1926 tres
1171 1888 1334 1939 legatos,
1370 1888 1625 1940 amplissimos
1660 1888 1779 1932 viros,

387 1959 559 1997 Romam
591 1956 730 1993 armati
762 1963 1003 1992 reverterunt
1022 1952 1036 1992 ε’
1065 1954 1105 1991 in
1138 1954 1339 1992 Aventino
1371 1953 1656 1992 consederunt:
1690 1953 1782 1991 inde

387 2023 523 2062 armati
559 2022 598 2059 in
637 2020 884 2074 Capitolium
919 2028 1137 2057 venerunt:
1171 2019 1308 2057 decem
1341 2019 1521 2057 tribunos
1555 2019 1682 2071 plebis
1714 2033 1782 2073 per

390 2087 636 2142 pontificem,
668 2086 775 2139 quod
797 2085 1041 2138 magistratus
1064 2085 1198 2123 nullus
1219 2094 1313 2130 erat,
1345 2094 1586 2123 creaverunt.

443 2155 577 2193 Etiam
598 2152 680 2191 haec
703 2152 917 2190 recentiora
938 2161 1122 2203 praetereo
1141 2167 1149 2189 :
1183 2165 1327 2203 ponam
1358 2151 1602 2203 principium
1619 2149 1781 2203 justiffi-

390 2235 462 2259 mae
491 2219 700 2263 libertatis,
733 2217 898 2256 Cassiam
917 2236 926 2261 ;
960 2231 1036 2270 qua
1057 2218 1141 2269 lege
1163 2217 1439 2269 suffragiorum
1461 2217 1518 2254 vis
1540 2216 1783 2269 potestasque

388 2287 589 2326 convaluit
609 2301 617 2324 :
651 2285 810 2323 alteram
834 2283 1027 2329 Caffiam5
1061 2297 1146 2335 quae
1168 2284 1306 2336 populi
1323 2284 1475 2336 judicia
1495 2283 1680 2322 firmavit.

888 2360 997 2400 Dicit
1026 2360 1066 2399 de
1094 2360 1277 2400 nobilibus.

443 2440 525 2492 Qi
568 2453 646 2477 non
686 2437 806 2476 modo
845 2451 939 2475 cum
979 2437 1109 2488 Sylla,
1142 2451 1277 2476 verum
1313 2438 1457 2482 etiam,
1489 2436 1562 2475 illo
1597 2444 1781 2480 mortuo,
