2076 2860
330 201 374 227 12
799 187 1242 225 ORATIO

324 280 462 319 abeffet
485 282 610 318 millia
630 280 805 334 paffuum
827 281 1020 320 ducenta:
1053 282 1160 334 quod
1180 282 1269 320 ess‘et
1290 281 1401 320 ausus
1423 296 1494 335 pro
1515 282 1613 328 cive,
1636 296 1708 336 pro

325 347 423 384 bene
446 347 586 385 merito
607 347 704 391 cive,
737 360 806 398 pro
828 347 970 392 amico,
1002 361 1073 400 pro
1095 349 1310 400 republica,
1342 348 1554 400 deprecari.

379 414 495 451 XIII.
530 413 638 464 Qid
654 412 729 450 hoc
746 411 908 451 homine
924 412 1069 452 facias?
1092 424 1157 452 aut
1174 428 1253 466 quo
1269 415 1397 452 civem
1414 415 1711 467 importunum,

323 488 388 516 aut
409 492 486 530 quo
507 480 637 531 potius
658 478 809 516 hostem
832 488 912 517 tam
933 479 1176 525 sceleratum,
1200 481 1362 519 reserves
1380 483 1391 518 ?
1415 482 1498 533 qui,
1518 490 1561 518 ut
1582 481 1705 519 omit—

325 555 402 582 tam
425 554 571 588 caetera,
603 558 686 596 quae
708 543 795 581 sunt
820 545 856 582 ei
877 559 971 582 cum
992 546 1143 598 collega
1163 546 1330 584 immani
1350 547 1587 599 impuroque
1607 560 1706 585 con-

316 612 331 661 j
341 611 452 647 uncta
472 619 586 662 atque
606 610 848 654 communia,
866 608 943 648 hoc
960 624 1086 649 unum
1102 611 1220 650 habet
1236 613 1457 665 proprium,
1475 622 1520 651 ut
1540 612 1705 665 expule-

321 675 371 712 rit
392 688 437 712 ex
461 675 568 718 urbe,
601 675 794 727 relegarit,
816 688 895 712 non
916 675 1006 713 dico
1026 676 1201 728 equitem
1223 678 1466 722 Romanum,
1490 692 1568 716 non
1590 692 1706 716 orna-

323 739 512 777 tiffimum
533 749 649 792 atque
669 741 871 792 optimum
889 741 1018 778 virum
1034 771 1044 786 ‚
1076 755 1154 779 non
1180 742 1458 780 amiciffimum
1480 743 1707 796 reipublicae

321 806 449 844 civem
465 836 475 852 ,
508 820 586 844 non
608 807 678 844 illo
700 807 781 859 ipso
804 817 979 859 tempore
1001 821 1076 845 una
1095 822 1188 846 cum
1210 809 1341 846 senatu
1356 838 1368 854 ‚
1399 818 1438 847 et
1466 823 1560 847 cum
1591 810 1706 848 bonis

321 871 522 915 omnibus,
555 871 685 909 casum
715 872 832 909 amici
863 872 994 923 reique
1023 872 1194 925 publicae
1223 873 1455 925 lugentem3
1488 874 1550 912 sed
1579 874 1709 913 civem

323 937 577 982 Romanum,
608 937 684 975 fine
719 938 802 976 ullo
830 937 1010 990 judicio,
1047 947 1112 977 aut
1146 938 1299 984 edicto,
1336 953 1383 978 ex
1415 940 1538 992 patria
1570 940 1707 978 consul

321 1003 490 1053 ejecerit.

376 1066 494 1106 Nihil
515 1069 691 1106 acerbius
712 1069 806 1107 socii
828 1070 960 1108 Latini
981 1069 1080 1109 ferre
1101 1070 1205 1109 soliti
1226 1071 1333 1117 sunt,
1361 1085 1494 1124 quam,
1527 1071 1567 1109 id
1599 1071 1707 1124 quod

321 1146 474 1184 perraro
495 1134 637 1171 accidit
653 1164 664 1179 ,
696 1148 743 1172 cx
765 1135 859 1173 urbe
880 1136 984 1174 exire
1005 1151 1025 1174 a
1045 1136 1272 1175 consulibus
1289 1138 1436 1189 juberi.
1470 1139 1604 1189 Atque
1625 1137 1708 1175 illis

323 1208 408 1235 tum
429 1208 507 1236 erat
529 1199 674 1237 reditus
697 1201 736 1237 in
759 1199 840 1238 suas
861 1202 1052 1247 civitates,
1068 1202 1114 1240 ad
1135 1203 1221 1240 suos
1239 1203 1333 1241 lares
1351 1203 1585 1248 familiare53
1609 1204 1711 1241 etin.

321 1264 391 1302 illo
412 1265 616 1302 communi
637 1265 893 1304 incommodo
914 1268 1022 1305 nulla
1038 1268 1077 1306 in
1096 1282 1335 1320 quemquam
1352 1269 1508 1321 propria
1529 1270 1704 1321 ignomi-

321 1329 384 1366 nia
405 1331 639 1368 nominatim
661 1331 834 1370 cadebat.
859 1333 951 1371 Hoc
973 1348 1062 1372 vero
1083 1334 1178 1385 quid
1199 1334 1251 1372 est
1269 1336 1281 1372 ?
1299 1335 1579 1373 exterminabit
1600 1335 1703 1373 cives

322 1394 521 1433 Romanos
538 1395 663 1434 edicto
680 1397 813 1435 consul
836 1411 856 1434 a
873 1397 947 1436 suis
966 1399 1054 1437 Diis
1072 1400 1278 1451 penatibus
1296 1401 1308 1437 ?
1331 1401 1501 1453 expellet
1518 1414 1537 1438 a
1552 1401 1701 1453 patria?

319 1459 463 1512 deliget
485 1475 604 1512 quem
624 1462 751 1507 volet,
783 1463 984 1502 damnabit
1004 1474 1121 1516 atque
1141 1466 1271 1517 ejiciet
1293 1467 1530 1504 nominatim
1549 1467 1561 1504 ?
1594 1467 1677 1504 Hic
1692 1496 1702 1511 ,

321 1525 343 1561 si
368 1539 541 1577 unquam
563 1540 628 1564 vos
651 1541 713 1565 eos
728 1558 738 1573 ‚
770 1529 839 1580 qui
859 1543 965 1567 nunc
987 1530 1074 1568 estis
1096 1531 1135 1568 in
1159 1531 1381 1583 republica,
1411 1531 1494 1570 fore
1514 1532 1706 1585 putasset,

319 1590 343 1627 sl
365 1590 533 1642 denique
555 1592 768 1644 imaginem
792 1594 1038 1645 judiciorum
1068 1606 1134 1634 aut
1164 1597 1417 1636 simulacrum
1446 1598 1606 1649 aliquod
1635 1597 1703 1635 fu-

319 1664 451 1693 turum
474 1657 512 1694 in
535 1657 690 1696 civitate
712 1659 910 1711 reliquum
931 1661 1178 1707 credidifi'et3
1204 1675 1378 1714 unquam
1399 1663 1510 1701 ausus
1532 1663 1622 1701 effet
1643 1663 1701 1702 se-

318 1730 452 1758 natum
484 1721 530 1758 de
560 1724 759 1774 republica
790 1725 942 1769 tollere,
973 1727 1155 1776 equitum
1185 1728 1460 1766 Romanorum
1488 1742 1620 1780 preces
1642 1729 1702 1767 as-

319 1787 482 1837 pernari,
515 1787 662 1827 civium
696 1789 864 1841 denique
896 1791 1092 1836 omnium,
1126 1793 1235 1830 novis
1265 1802 1303 1831 et
1333 1793 1519 1832 inauditis
1548 1795 1700 1840 edictis,

314 1852 377 1902 jus
400 1852 700 1904 libertatemque
721 1864 936 1906 pervertere
956 1857 968 1893 ?

374 1917 453 1954 Etfi
477 1931 539 1954 me
560 1919 819 1958 attentiffimis
842 1921 996 1965 animis,
1022 1921 1172 1960 summa
1192 1936 1285 1961 cum
1308 1924 1564 1976 benignitate,
1587 1926 1703 1964 audi-

318 1981 380 2026 tis,
414 1982 572 2032 Judices
590 2003 602 2028 ς
641 1994 769 2023 tamen
803 1999 947 2031 vereor,
985 2001 1032 2024 ne
1064 1989 1152 2039 quis
1186 1987 1287 2026 forte
1319 1989 1486 2028 vestrum
1519 1991 1701 2037 miretur,

317 2048 412 2099 quid
434 2048 516 2087 haec
538 2064 623 2087 mea
643 2052 765 2089 oratio
788 2061 867 2090 tam
889 2053 1005 2105 longa
1024 2067 1066 2092 ac
1090 2063 1169 2092 tam
1190 2055 1266 2093 alte
1294 2057 1456 2108 repetita
1483 2058 1602 2103 velit,
1634 2068 1701 2097 aut

315 2114 411 2164 quid
438 2114 484 2151 ad
515 2115 557 2152 P.
582 2116 703 2154 Sextii
731 2117 883 2156 causam
910 2132 1061 2164 eorum,
1092 2121 1160 2171 qui
1188 2129 1276 2159 ante
1304 2120 1422 2174 hujus
1452 2123 1700 2162 tribunatum

314 2179 602 2230 rempublicam
636 2192 837 2228 vexarunt,
874 2183 1013 2222 delicta
1044 2186 1278 2237 pertineant.
1317 2187 1425 2226 Mihi
1458 2198 1590 2227 autem
1622 2189 1699 2229 hoc

316 2245 555 2296 propolitum
577 2246 629 2284 est
650 2247 862 2293 ostendere,
894 2251 1025 2287 omnia
1046 2252 1204 2289 consilia
1226 2253 1270 2290 P.
1285 2253 1422 2298 Sextii,
1445 2264 1700 2308 mentemque

316 2310 433 2347 totius
458 2311 675 2350 tribunatus
698 2312 797 2351 hanc
820 2313 943 2360 fuiffe,
977 2325 1018 2353 ut
1039 2316 1189 2355 afflicta:
1209 2327 1247 2356 et
1268 2319 1427 2370 perditae
1456 2321 1695 2373 reipublicae,

312 2384 503 2426 quantum
525 2377 668 2428 poffet,
702 2378 933 2418 mederetur.
981 2382 1064 2426 Ac,
1098 2383 1122 2420 si
1146 2384 1184 2420 in
1207 2385 1447 2436 exponendis
1471 2387 1701 2425 vulneribus

314 2441 390 2477 illis
412 2440 458 2478 de
480 2455 542 2480 me
564 2443 645 2495 ipso
666 2444 776 2496 plura
797 2445 924 2484 dicere
947 2447 1106 2486 videbor
1121 2478 1132 2494 ,
1165 2450 1354 2502 ignoscite
1373 2467 1382 2490 :
1416 2466 1506 2491 nam
1527 2463 1565 2492 et
1586 2454 1698 2492 illam
