2076 2860
605 181 1367 222 CONSULARIBUS.
1621 193 1722 220 121*

284 294 463 334 unquam
483 278 551 318 hic
573 278 707 332 potuit
727 277 799 315 effe
820 277 1004 329 princeps
1021 305 1031 321 ‚
1064 277 1135 329 qui
1165 277 1350 316 maluerit
1379 276 1452 316 effe
1473 276 1691 330 popularis.

285 347 359 385 Sed
378 346 578 390 homines,
610 354 678 383 aut
699 353 861 397 propter
881 343 1119 395 dignitatem
1141 343 1249 382 suam
1271 344 1385 386 diffifi
1407 344 1478 397 ipfi
1508 344 1596 389 fibi,
1628 355 1696 380 aut

283 422 445 467 propter
465 412 714 465 reliquorum
734 411 1064 449 obtredtationem
1085 410 1134 448 ab
1164 410 1284 464 hujus
1315 410 1465 450 ordinis
1497 411 1693 464 conjunc-

283 480 392 518 tione
413 479 587 532 depulfi,
621 477 717 531 saepe
747 491 794 515 ex
825 476 903 515 hoc
930 486 1049 530 portu
1079 477 1116 516 se
1138 477 1178 515 in
1201 478 1292 516 illos
1314 477 1456 516 fluetus
1479 491 1601 531 prope
1622 490 1693 515 ne-

283 546 442 584 cefl‘ario
462 545 735 584 contulerunt.
769 544 853 596 Qi
867 574 878 588 ,
910 543 937 581 fi
958 557 1005 582 ex
1028 543 1097 582 illa
1111 544 1325 596 jaCtatione
1346 544 1542 597 cursuque
1562 557 1694 597 popu-

283 613 370 658 lari,
394 612 493 650 bene
513 610 616 664 gesta
637 610 856 664 republica,
879 608 1056 647 referunt
1076 609 1302 663 adspeetum
1325 610 1365 647 in
1387 610 1555 655 curiam,
1577 619 1695 662 atque

282 678 379 718 huic
400 678 646 732 ampliffimae
666 677 853 730 dignitati
874 676 1144 715 commendati
1165 676 1238 715 effe
1259 676 1429 721 volunt;
1462 690 1543 715 non
1574 677 1696 715 modo

283 759 364 784 non
386 745 603 799 repellendi
625 744 729 789 sunt,
761 757 900 782 verum
921 744 1041 782 etiam
1061 742 1289 796 expetendi.

342 813 564 850 Monemur
594 825 615 849 a
645 810 857 848 fortiffimo
889 810 988 855 viro,
1022 819 1141 862 atque
1172 809 1330 862 optimo
1362 809 1447 863 post
1479 809 1695 848 hominum

284 878 520 917 memoriam
540 876 715 921 consule,
748 885 792 914 ut
813 875 1106 928 provideamus,
1139 889 1188 913 ne
1219 876 1381 914 citerior
1414 876 1547 914 Gallia
1579 876 1694 914 nobis

284 945 421 984 invitis
442 943 562 982 alicui
583 943 829 988 decernatur,
852 942 937 995 post
958 956 1023 981 eos
1045 942 1240 988 consules,
1265 943 1335 996 qui
1358 957 1465 980 nunc
1487 953 1604 981 erunt
1624 943 1693 981 de-

283 1011 445 1064 fignati3
478 1018 750 1063 perpetuoque
770 1007 932 1062 posthac
952 1008 1000 1046 ab
1023 1009 1086 1053 iis,
1110 1009 1180 1061 qui
1201 1008 1310 1047 hunc
1331 1008 1514 1047 ordinem
1535 1022 1694 1063 oppug-

285 1087 396 1123 nent,
428 1076 611 1131 populari
632 1089 675 1114 ac
698 1075 928 1114 turbulenta
949 1076 1099 1114 ratione
1121 1084 1314 1114 teneatur.
1359 1077 1494 1128 Qam
1514 1090 1588 1128 ego
1609 1077 1695 1130 pla-

284 1158 376 1198 gam
396 1144 464 1183 etfi
487 1157 566 1182 non
588 1152 820 1188 contemno,
853 1143 985 1181 Patres
1008 1141 1238 1196 conscripti,
1270 1142 1486 1195 praesertim
1517 1143 1695 1182 monitus

285 1226 307 1250 a
326 1210 607 1265 sapientiffimo
637 1209 797 1248 consule
813 1239 823 1255 ,
855 1223 877 1247 a
906 1208 1208 1262 diligentiffimo
1228 1209 1388 1247 custode
1409 1210 1516 1263 pacis
1537 1220 1577 1248 et
1597 1211 1695 1256 otii,

286 1288 419 1317 tamen
440 1276 714 1316 vehementius
736 1276 905 1314 arbitror
925 1276 1302 1329 pertimescendum,
1329 1277 1355 1314 fi
1377 1275 1593 1315 hominum
1614 1277 1697 1315 cla-

286 1345 526 1384 riffimorum
547 1357 592 1381 ac
613 1342 976 1396 potentiffimorum
997 1352 1064 1381 aut
1085 1342 1278 1381 honorem
1301 1343 1500 1389 minuero,
1526 1354 1594 1383 aut
1615 1343 1696 1382 stu-

287 1413 401 1452 dium
420 1425 512 1464 erga
531 1409 640 1449 hunc
662 1410 844 1449 ordinem
865 1410 1086 1464 repudiaro.
1127 1411 1235 1449 Nam
1257 1420 1301 1448 ut
1324 1412 1373 1449 C.
1388 1411 1536 1462 Julius,
1560 1411 1695 1449 omni-

288 1480 362 1518 bus
384 1492 404 1516 a
425 1477 558 1516 senatu
579 1477 739 1515 eximiis
761 1486 827 1514 aut
849 1477 961 1515 novis
984 1476 1099 1514 rebus
1122 1486 1283 1514 ornatus
1300 1506 1310 1521 ,
1343 1490 1412 1528 per
1433 1491 1573 1514 manus
1594 1476 1698 1515 hanc

287 1545 534 1600 provinciam
555 1543 681 1582 tradat
700 1544 762 1588 ei,
795 1543 861 1581 cui
882 1543 1051 1581 minime
1072 1556 1140 1580 vos
1162 1543 1292 1581 velitis
1310 1561 1321 1587 ς
1355 1556 1424 1595 per
1444 1557 1566 1596 quem
1587 1543 1697 1581 ordi-

288 1627 380 1652 nem
402 1611 482 1664 ipse
501 1610 780 1663 ampliffimam
803 1610 849 1647 fit
869 1609 1039 1661 gloriam
1060 1609 1310 1654 consecutus,
1345 1610 1380 1646 ei
1403 1623 1451 1648 ne
1472 1609 1698 1650 libertatem

290 1679 455 1733 quidem
477 1678 689 1730 relinquat,
718 1676 861 1714 adduci
881 1676 929 1714 ad
950 1675 1229 1729 suspicandum
1251 1675 1364 1714 nullo
1386 1677 1507 1715 modo
1526 1677 1697 1730 possum.

290 1746 505 1790 Postremo,
529 1758 610 1797 quo
631 1743 798 1797 quisque
818 1744 953 1781 animo
974 1741 1133 1781 futurus
1156 1742 1216 1788 fit,
1239 1743 1393 1788 nescim
1426 1743 1525 1796 quid
1547 1744 1700 1798 sperem

288 1814 429 1852 video:
463 1811 637 1865 praestare
664 1810 742 1849 hoc
773 1811 925 1849 senator
945 1810 1085 1856 debeo,
1117 1820 1314 1863 quantum
1335 1810 1506 1862 possum,
1539 1825 1588 1851 ne
1608 1814 1699 1865 quis

288 1881 348 1920 vir
377 1879 504 1918 clarus
520 1908 531 1924 ‚
563 1886 630 1916 aut
659 1887 800 1930 potens
816 1907 827 1922 ,
858 1876 955 1915 huic
985 1876 1117 1915 ordini
1133 1878 1223 1929 jure
1245 1877 1355 1915 irasci
1378 1877 1482 1930 poffe
1504 1878 1696 1918 videatur.

290 1949 425 2000 Atque
445 1944 522 1983 hoc
538 1973 549 1990 ,
582 1944 608 1982 fi
630 1943 924 1983 inimiciffimus
945 1943 1063 1983 effem
1084 1944 1135 1982 C.
1161 1942 1325 1989 Caesari,
1358 1943 1545 1983 sentirem
1566 1954 1699 1984 tamen

287 2012 516 2067 reipublicae
537 2011 663 2049 causa.

345 2080 483 2118 XVII.
517 2077 591 2116 Sed
612 2091 691 2116 non
713 2077 888 2115 alienum
908 2076 981 2114 effe
1001 2077 1171 2115 arbitror
1187 2106 1196 2121 ,
1229 2091 1310 2130 quo
1341 2077 1474 2115 minus
1508 2077 1603 2130 saepe
1632 2088 1699 2117 aut

291 2145 519 2198 interpeller
539 2157 559 2181 a
580 2143 785 2182 nonnullis
802 2172 812 2188 ,
844 2152 912 2181 aut
938 2143 1151 2182 tacitorum
1172 2143 1462 2182 existimatione
1484 2143 1698 2197 reprehen-

291 2213 372 2256 dar,
394 2212 591 2265 explicare
613 2211 797 2256 breviter,
815 2224 902 2263 quae
919 2209 1021 2249 mihi
1039 2211 1084 2249 fit
1106 2211 1205 2250 ratio
1226 2221 1264 2249 et
1286 2211 1396 2249 causa
1417 2225 1511 2250 cum
1534 2212 1696 2251 Caesare.

292 2280 353 2317 Ac
374 2279 553 2331 primum
574 2276 676 2314 illud
698 2285 855 2329 tempus
876 2276 1158 2316 familiaritatis
1189 2287 1227 2315 et
1255 2277 1553 2316 consuetudinis
1569 2308 1580 2323 ,
1614 2291 1700 2330 quae

292 2344 395 2384 mihi
416 2358 511 2382 cum
532 2343 605 2382 illo
620 2373 631 2389 ‚
663 2358 749 2397 quae
770 2343 881 2382 fratri
904 2358 992 2383 meo
1009 2374 1019 2390 ,
1052 2358 1139 2397 quae
1162 2346 1211 2383 C.
1233 2345 1401 2382 Varroni
1419 2375 1428 2390 ‚
1462 2345 1700 2383 consobrino

292 2411 449 2456 nostro,
480 2410 530 2448 ab
564 2410 749 2448 omnium
782 2410 959 2448 nostrum
992 2410 1252 2449 adolescentia
1284 2410 1388 2455 fuit,
1423 2411 1698 2463 praetermitto.

295 2477 552 2530 Posteaquam
573 2475 660 2514 sum
680 2476 840 2529 penitus
861 2477 902 2515 in
926 2477 1215 2528 rempublicam
1239 2476 1444 2529 ingreffus,
1478 2478 1530 2514 ita
1550 2475 1699 2515 diffenli

378 2545 446 2583 To
459 2557 513 2584 M.
545 2543 619 2583 VI.
1359 2544 1415 2594 Q
