2076 2860
697 173 1274 212 PHILIPPICA
1352 175 1426 214 IX.
1686 191 1762 229 399

365 292 455 318 vero
475 279 558 331 ejus
587 291 666 315 non
688 277 974 322 monumentis,
1008 277 1070 315 sed
1103 277 1212 316 luctu
1245 278 1424 331 publico,
1456 279 1528 318 effe
1560 280 1762 320 honoran-

363 346 455 384 dam
476 353 670 398 putarem.
704 345 827 382 Nunc
849 353 981 382 autem
1001 344 1091 397 quis
1113 344 1285 390 dubitat,
1312 346 1408 399 quin
1432 348 1467 385 ei
1487 348 1609 386 vitam
1630 349 1762 388 abstu-

364 413 455 451 lerit
474 411 556 464 ipsa
576 411 721 463 legatio
739 412 752 448 ?
786 412 928 449 Secum
953 412 1061 449 enim
1082 411 1151 449 ille
1172 422 1342 450 mortem
1363 414 1508 452 extulit
1528 430 1536 453 t
1570 429 1705 469 quam,
1738 417 1763 455 fi

363 478 574 518 nobiscum
594 478 842 524 remanfiffet‚
874 478 939 516 sua
960 492 1066 524 cura,
1093 479 1238 532 optimi
1259 479 1348 526 filii,
1371 480 1598 521 fideliffimae
1620 486 1762 537 conju—

362 546 425 599 gis
446 545 668 598 diligentia,
699 546 820 583 vitare
840 544 1039 597 potuifl‘et.
1084 546 1140 583 At
1160 546 1242 591 ille,
1275 560 1369 585 cum
1390 548 1553 595 videret,
1586 550 1612 588 fi
1634 550 1763 590 vestrae

361 612 587 651 auctoritati
608 625 686 650 non
708 611 904 664 paruiffet,
927 611 1153 650 diffimilem
1174 612 1210 650 se
1226 612 1409 651 futurum
1432 614 1512 660 sui;
1537 617 1590 654 fin
1612 618 1762 670 paruis-

363 678 434 723 set,
457 691 603 716 munus
625 677 696 716 fibi
716 677 818 715 illud
839 691 910 730 pro
931 678 1134 730 republica
1154 677 1378 731 susceptum
1399 681 1488 720 vitae
1510 681 1630 721 finem
1652 683 1761 730 fore3

364 745 508 783 maluit
539 744 581 782 in
613 744 791 782 maximo
818 743 1045 796 reipublicae
1073 743 1301 782 discrimine
1322 747 1439 792 mori,
1472 761 1591 800 quam
1613 750 1761 796 minus,

362 825 485 864 quam
511 811 711 864 potuiffet,
742 811 865 849 videri
887 810 1115 864 reipublicae
1135 810 1336 864 profuiffe.
1379 813 1527 852 Multis
1549 816 1611 854 illi
1632 817 1672 855 in
1695 832 1762 856 ur-

364 877 498 923 bibus,
531 891 607 930 qua
634 877 709 915 iter
727 876 911 922 faciebat,
943 876 1145 915 reficiendi
1166 877 1203 915 se
1223 887 1262 916 et
1282 880 1445 917 curandi
1466 881 1632 934 potestas
1654 882 1761 924 fuit:

358 942 493 981 aderat
514 941 719 995 hospitum
740 942 924 981 invitatio
944 941 1118 980 liberalis
1139 956 1212 995 pro
1232 942 1425 996 dignitate
1446 945 1592 984 summi
1614 948 1702 995 viri,
1726 959 1764 989 et

361 1021 501 1046 eorum
522 1006 710 1052 hortati0‚
732 1009 802 1060 qui
824 1021 901 1045 una
920 1018 1029 1046 erant
1050 1008 1166 1054 miffi,
1184 1008 1231 1047 ad
1253 1011 1593 1063 requiescendum,
1617 1024 1655 1053 et
1676 1016 1765 1055 vitae

358 1074 439 1113 *suae
460 1073 762 1112 consulendum.
806 1074 862 1111 At
883 1073 951 1111 ille
971 1087 1198 1127 properanS,
1230 1074 1431 1123 festinans,
1464 1080 1646 1118 mandata
1672 1082 1763 1120 nos-

359 1150 424 1180 tra
453 1140 647 1179 conficere
679 1140 864 1193 cupiens,
897 1140 939 1178 in
970 1138 1044 1178 hac
1080 1141 1316 1188 constantia,
1347 1145 1489 1182 morbo
1521 1146 1763 1195 adversante,

362 1207 634 1260 perseveravit.
683 1207 808 1258 Cujus
845 1220 939 1244 cum
973 1206 1144 1245 adventu
1178 1208 1352 1247 maxime
1386 1212 1638 1263 perturbatus
1673 1215 1764 1253 effet

363 1273 581 1317 Antonius,
600 1271 707 1325 quod
728 1285 784 1317 ea,
803 1286 888 1324 quae
910 1271 981 1310 fibi
996 1272 1101 1324 jufl‘u
1123 1273 1247 1311 vestro
1264 1275 1604 1324 denuntiarentur,
1627 1283 1763 1320 aueto-

361 1339 479 1378 ritate
510 1346 619 1376 erant
648 1346 686 1376 et
716 1337 907 1376 sententia
937 1338 1041 1376 Serv.
1067 1339 1233 1391 Sulpicii
1264 1341 1503 1389 constituta;
1537 1345 1761 1393 declaravit,

359 1420 485 1460 quam
504 1405 642 1444 odiffet
664 1404 855 1450 senatum,
887 1419 982 1443 cum
1012 1407 1211 1445 auctorem
1241 1407 1394 1447 senatus
1425 1412 1648 1451 extinctum
1677 1414 1764 1453 laete

361 1482 483 1526 atque
511 1472 723 1510 insolenter
752 1472 860 1510 tulit.
906 1472 1002 1510 Non
1030 1472 1153 1524 igitur
1174 1475 1298 1527 magis
1322 1476 1534 1516 Octavium
1556 1480 1761 1533 Leptines,

362 1552 438 1577 nec
470 1537 703 1576 Veientium
736 1552 802 1575 rex
836 1551 924 1582 eos,
957 1551 1056 1590 quos
1090 1539 1210 1577 modo
1243 1542 1468 1588 nominavi,
1501 1557 1620 1596 quam
1655 1547 1760 1586 Serv.

359 1604 590 1658 Sulpicium
610 1603 759 1641 occidit
779 1604 995 1641 Antonius.
1035 1605 1071 1642 Is
1094 1606 1200 1643 enim
1224 1606 1399 1658 profecto
1421 1620 1589 1647 mortem
1612 1613 1762 1659 attulit,

361 1671 435 1725 qui
455 1670 567 1709 causa
586 1670 725 1708 mortis
747 1669 839 1709 fuit.
879 1671 1078 1722 roirca
1109 1672 1226 1710 etiam
1260 1673 1306 1710 ad
1338 1674 1573 1726 posteritatis
1606 1692 1761 1718 memo-

364 1737 463 1775 riam
483 1737 678 1790 pertinere
699 1736 880 1781 arbitror,
912 1746 1056 1782 extare,
1089 1738 1196 1789 quod
1227 1737 1347 1777 fuerit
1376 1740 1423 1778 de
1453 1740 1530 1779 hoc
1562 1742 1667 1782 bello
1690 1746 1761 1797 ju-

362 1803 517 1841 dicium
538 1802 705 1841 senatus.
738 1802 827 1840 Erit
848 1802 956 1840 enim
977 1802 1099 1841 statua
1118 1803 1199 1856 ipsa
1219 1804 1340 1851 testis,
1373 1806 1526 1846 bellum
1547 1817 1626 1847 tam
1647 1824 1763 1863 grave

362 1869 491 1915 fuisse,
523 1879 567 1908 ut
588 1868 706 1922 legati
727 1869 910 1907 interitus
932 1868 1094 1908 honoris
1115 1872 1348 1910 memoriam
1370 1873 1603 1914 consecutus
1626 1876 1687 1916 fit.

422 1935 495 1974 IV.
528 1935 650 1987 Qod
671 1935 698 1973 fi
719 1935 1011 1973 excusationem
1033 1936 1138 1974 Serv.
1164 1937 1347 1990 Sulpicii,
1378 1939 1509 1978 Patres
1531 1942 1761 1997 conscripti,

365 2002 573 2055 legationis
603 2002 794 2040 obeundae
824 2002 1016 2040 recordari
1038 2003 1257 2049 volueritis,
1290 2006 1400 2044 nulla
1420 2006 1617 2047 dubitatio
1639 2011 1761 2049 relin-

362 2078 524 2121 quetur,
556 2069 653 2121 quin
689 2067 839 2106 honore
873 2069 1044 2114 mortui,
1076 2083 1196 2122 quam
1227 2071 1317 2110 vivo
1348 2072 1534 2126 injuriam
1570 2075 1760 2124 fecimus,

360 2134 589 2173 sarciamus.
628 2135 709 2172 Vos
740 2135 863 2180 enim,
896 2135 1028 2174 Patres
1050 2137 1278 2190 conscripti,
1314 2140 1448 2192 (grave
1469 2142 1576 2180 dictu
1597 2143 1664 2189 est,
1698 2145 1759 2183 sed

365 2200 581 2238 dicendum
614 2200 762 2252 tamen)
798 2214 880 2247 vos,
912 2202 1090 2255 inquam,
1123 2204 1228 2243 Serv.
1253 2205 1476 2258 Sulpicium
1504 2210 1583 2247 vita
1612 2210 1757 2262 privas-

366 2266 433 2305 tis.
478 2267 612 2318 Qem
640 2279 735 2304 cum
763 2266 945 2306 videretis
977 2283 1016 2307 re
1047 2270 1171 2322 magis
1193 2271 1395 2318 morbum,
1427 2287 1547 2326 quam
1568 2277 1757 2322 oratione,

362 2331 643 2378 excusantem5
676 2346 755 2370 non
776 2347 843 2372 vos
865 2334 1028 2387 quidem
1048 2336 1225 2375 crudeles
1246 2337 1390 2384 fuistis,
1416 2340 1531 2392 (quid
1552 2343 1659 2379 enim
1679 2343 1758 2380 mi-

366 2411 440 2437 nus
461 2398 501 2436 in
523 2396 632 2437 hunc
652 2398 832 2439 ordinem
853 2402 1038 2441 convenit
1057 2402 1091 2453 Ρ)
1115 2402 1193 2449 sed,
1210 2417 1304 2443 cum
1328 2405 1526 2457 speraretis
1547 2406 1649 2444 nihil
1670 2407 1755 2446 effe.
