2076 2860
678 160 1255 205 PHILIPPICA
1332 159 1407 198 xi.
1603 125 1741 207 '419

344 273 481 313 oculos
504 270 724 325 proponitis
743 270 754 306 ?
784 268 967 306 Primum
988 265 1085 303 duos
1107 264 1277 316 collegas
1300 260 1572 300 Antoniorum
1594 268 1633 296 et
1655 259 1743 297 Do-

345 338 512 383 labellae,
536 335 741 376 Nuculam
762 343 800 371 et
822 334 1061 376 Lentonem,
1085 330 1207 368 Italiae
1229 327 1413 365 divisores
1435 326 1520 378 lege
1540 339 1596 370 ea,
1624 337 1744 376 quam

347 405 498 443 senatus
531 415 599 455 per
628 401 710 438 vim
740 399 861 437 latam
884 396 1106 450 judicavit:
1140 407 1311 448 quorum
1333 393 1430 430 alter
1451 398 1743 429 commentatus

345 470 400 508 est
420 470 581 513 mimos,
604 467 700 505 alter
720 465 802 517 egit
823 463 1068 515 tragoediam.
1113 460 1225 513 Qid
1256 459 1385 497 dicam
1417 458 1464 495 de
1492 456 1628 509 Apulo
1656 456 1744 493 Do-

346 537 462 575 mitio
483 537 494 573 ?
527 535 639 587 cujus
662 533 765 571 bona
785 530 905 569 modo
926 529 1144 582 proscripta
1163 527 1245 565 vidi
1264 542 1272 565 :
1306 534 1413 563 tanta
1444 532 1746 577 procuratorum

347 603 401 642 est
421 602 677 655 negligentia.
721 600 778 637 At
808 597 875 636 hic
907 610 1033 650 nuper
1065 595 1204 633 sororis
1238 592 1322 631 filio
1354 590 1504 630 infudit
1532 602 1744 632 venenum,

348 684 429 708 non
461 668 583 706 dedit.
632 665 705 705 Sed
737 678 815 703 non
848 663 1006 717 poffunt
1038 675 1118 700 non
1150 659 1314 713 prodige
1344 658 1487 701 vivere,
1520 656 1589 708 qui
1622 653 1747 693 nostra

350 737 453 773 bona
473 735 640 788 sperant,
673 745 767 771 curn
787 729 1000 769 effundunt
1030 727 1109 765 sua.
1150 725 1248 763 Vidi
1279 723 1399 761 etiam
1432 723 1478 760 P.
1503 721 1621 759 Decii
1651 733 1746 758 auc-

349 804 522 847 tionem,
554 799 753 838 clariffimi
788 798 889 836 viri:
923 795 1015 848 qui,
1048 794 1245 845 majorum
1279 788 1462 842 exempla
1496 787 1745 840 persequens,

349 883 419 922 pro
449 868 577 905 alieno
607 866 643 904 se
673 878 744 904 aere
774 863 945 901 devovit.
991 862 1162 912 Emptor
1191 867 1322 895 tamen
1355 856 1396 894 in
1421 869 1465 893 ea
1483 854 1662 892 auctione
1683 852 1747 890 in-

348 944 488 972 ventus
510 933 562 971 est
584 945 715 970 nemo.
751 929 973 967 Hominem
995 925 1227 969 ridiculum,
1256 923 1326 975 qui
1347 921 1383 959 se
1404 921 1509 959 exire
1529 932 1601 958 aere
1621 919 1748 956 alieno

350 1010 464 1053 putet
484 999 601 1052 posse,
634 1011 727 1035 cum
749 995 891 1033 vendat
911 994 1048 1031 aliena.

406 1067 514 1105 Nam
547 1063 645 1115 quid
676 1076 749 1114 ego
782 1061 830 1098 de
856 1059 1063 1098 Trebellio
1096 1057 1257 1095 dicam?
1291 1068 1412 1107 quem
1443 1053 1535 1090 ultae
1566 1050 1751 1089 videntur

350 1131 462 1171 furiae
484 1131 739 1168 debitorum:
772 1126 974 1164 vindicem
1002 1125 1111 1162 enim
1141 1121 1367 1160 tabularum
1396 1131 1587 1157 novarum
1607 1129 1750 1154 novam

350 1198 528 1237 tabulam
548 1196 737 1235 vidimus.
781 1192 892 1244 Qid
920 1191 967 1229 de
988 1193 1042 1229 T.
1068 1189 1215 1228 Planco
1234 1189 1247 1225 ?
1279 1199 1399 1239 quem
1421 1183 1750 1238 praestantiffimus

353 1266 466 1310 civis,
489 1263 652 1316 Aquila,
677 1260 873 1298 Pollentia
893 1257 1062 1310 expulit,
1084 1265 1123 1294 et
1144 1254 1309 1308 quidem
1329 1266 1441 1291 crure
1462 1250 1611 1289 fracto:
1644 1248 1752 1302 quod

354 1332 509 1370 utinam
530 1338 618 1367 ante
639 1327 700 1365 illi
721 1325 934 1369 accidisset,
966 1336 1014 1361 ne
1043 1321 1124 1360 huc
1146 1320 1269 1359 redire
1291 1318 1475 1372 potuiffet
1494 1317 1502 1354 !
1536 1318 1691 1355 Lumen
1714 1323 1753 1353 et

353 1397 470 1435 decus
504 1396 612 1434 illius
646 1393 841 1432 exercitus
874 1403 973 1443 pene
1006 1387 1189 1442 praeterii,
1223 1387 1272 1424 C.
1297 1384 1478 1423 Annium
1512 1383 1751 1425 Cimbrum,

352 1462 528 1515 Lyfidici
550 1460 696 1503 filium,
721 1457 950 1510 Lysldicum
970 1455 1100 1507 ipsum
1123 1454 1265 1491 Graeco
1286 1451 1420 1495 verbo,
1452 1449 1640 1502 quoniam
1661 1460 1751 1485 om·-

356 1530 419 1568 nia
434 1530 524 1582 jura
544 1526 715 1564 diffolvit
733 1539 742 1562 ε
776 1524 847 1561 nis1
868 1521 971 1560 forte
986 1522 1075 1573 jure
1097 1520 1345 1557 Germanum
1368 1515 1533 1554 Cimber
1553 1513 1716 1552 occidit.

408 1595 516 1632 Cum
547 1591 649 1630 hanc
681 1600 720 1628 et
751 1588 870 1641 hujus
898 1586 1050 1640 generis
1083 1584 1239 1636 copiam
1271 1591 1419 1620 tantam
1448 1578 1589 1617 habeat
1618 1579 1751 1615 Anto-

356 1662 460 1705 nius,
492 1657 599 1711 quod
630 1656 754 1695 scelus
780 1655 955 1698 omittet,
987 1665 1081 1690 cum
1102 1648 1313 1688 Dolabella
1334 1646 1452 1685 tantis
1474 1645 1510 1682 se
1530 1644 1752 1682 obstrinxe-

357 1728 408 1766 rit
446 1723 667 1779 parricidiis
682 1752 693 1768 ,
731 1732 982 1774 nequaquam
1017 1717 1099 1770 pari
1137 1716 1338 1753 latronum
1372 1725 1491 1750 manu
1530 1719 1570 1748 et
1607 1709 1752 1761 copia?

358 1794 636 1845 Qapropter,
677 1797 722 1826 ut
757 1786 904 1825 invitus
941 1784 1038 1836 saepe
1072 1780 1223 1820 diffenfi
1259 1793 1280 1817 a
1313 1778 1380 1828 Q
1401 1776 1543 1821 Fufio,
1580 1776 1635 1812 ita
1667 1775 1756 1813 sum

358 1861 440 1912 ejus
463 1857 662 1896 sententiae
684 1855 854 1892 libenter
874 1850 1054 1889 affensus.
1098 1849 1161 1886 Ex
1191 1857 1269 1899 quo
1294 1845 1471 1898 judicare
1493 1842 1659 1886 debetis,
1691 1854 1755 1878 me

359 1940 437 1965 non
459 1938 552 1963 cum
574 1922 737 1961 homine
759 1920 894 1964 solere,
927 1917 989 1956 sed
1011 1930 1104 1955 cum
1125 1913 1249 1958 causa,
1282 1910 1472 1950 diffidere.
1516 1910 1653 1960 Itaque
1675 1921 1755 1945 non

358 1991 539 2030 assentior
560 1989 704 2032 solum,
736 1986 798 2025 sed
819 1985 937 2023 etiam
959 1983 1100 2035 gratias
1122 1994 1210 2032 ago,
1243 1976 1452 2029 QFufio.
1501 1975 1618 2014 Dixit
1647 1974 1754 2012 enim

360 2057 528 2095 severam
546 2085 557 2100 ,
593 2066 749 2106 gravem
768 2081 779 2096 ,
817 2048 1020 2102 republica
1058 2047 1220 2098 dignam
1260 2042 1492 2082 sententiam
1516 2056 1525 2080 :
1561 2039 1755 2092 judicavit

359 2122 512 2161 hostem
547 2118 827 2159 Dolabellam:
874 2115 975 2153 bona
1009 2114 1092 2166 ejus
1129 2110 1281 2150 censuit
1315 2109 1476 2162 publice
1516 2105 1752 2159 poffidenda.

361 2190 454 2239 Qo
475 2200 570 2226 cum
590 2185 679 2223 addi
701 2183 802 2222 nihil
825 2180 961 2234 poffet,
997 2179 1112 2232 (quid
1141 2178 1250 2216 enim
1279 2175 1448 2213 atrocius
1479 2172 1625 2225 potuit,
1657 2169 1754 2222 quid

362 2253 544 2297 severius,
567 2251 772 2288 decernere
791 2247 825 2298 ?)
858 2247 960 2285 dixit
985 2256 1131 2289 tamen,
1164 2244 1190 2282 fi
1220 2242 1308 2295 quis
1339 2253 1491 2283 eorum,
1523 2238 1590 2290 qui
1613 2235 1697 2288 post
1718 2234 1755 2272 se

364 2319 488 2372 rogati
509 2318 642 2362 essent,
666 2315 883 2368 graviorem
905 2312 1137 2352 sententiam
1158 2307 1339 2352 dixisset,
1364 2308 1405 2344 in
1425 2319 1511 2344 eam
1532 2303 1567 2341 se
1586 2303 1752 2340 iturum.

363 2388 497 2439 Qam
519 2383 760 2422 severitatem
783 2381 872 2434 quis
894 2379 1018 2433 potest
1040 2392 1117 2416 non
1140 2375 1292 2414 laudare
1312 2374 1324 2411 ?

420 2452 515 2490 VII.
540 2451 678 2495 Nune,
697 2448 885 2502 quoniam
906 2444 1026 2484 hostis
1048 2442 1311 2496 estjudicatus
1331 2436 1553 2480 Dolabella,
1577 2432 1682 2472 bello
1701 2431 1754 2469 est

1270 2506 1307 2542 G
1329 2518 1355 2556 g
1375 2516 1400 2555 g
1432 2515 1452 2541 2
