2076 2860
354 246 426 272 122
670 233 774 271 DE
845 229 1424 269 PROVINCIIS

347 330 395 366 ab
417 329 488 366 illo
503 358 513 374 ,
546 338 590 366 ut
621 329 660 365 in
690 326 952 379 disjunctione
975 326 1174 364 sententia>
1195 326 1398 378 conj-un6H
1420 335 1554 363 ‘tamen
1573 322 1749 362 amicitia

347 409 610 433 maneremus.
646 393 794 431 Consul
826 393 893 430 ille
923 393 1004 445 egit
1034 407 1094 431 eas
1120 407 1205 438 res,
1238 406 1403 445 quamn]
1428 406 1490 430 me
1512 391 1745 445 participem

349 461 421 499 esse
461 461 587 498 voluit
606 475 613 498 :
649 460 794 512 quibus
834 473 907 511 ego
946 459 974 496 fi
1014 460 1146 497 minus
1178 450 1414 497 ‘afl'entiem
1429 488 1439 504 ‚
1473 468 1603 496 tamen
1638 456 1747 494 illius

349 526 451 565 mihi
467 526 668 578 judicium
690 534 848 577 gratum
869 524 942 562 effe
962 524 1143 563 debebat.
1191 526 1263 562 Me
1284 525 1367 568 ille,
1399 534 1442 562 ut
1464 523 1747 576 quinquevira-

349 603 437 630 tum
472 592 690 644 acciperem
705 621 716 636 ,
755 591 906 643 rogavit
925 606 933 629 :
972 605 1036 629 me
1075 591 1116 629 in
1152 591 1278 629 tribus
1316 591 1389 629 fibi
1421 589 1747 642 conjun&iffi1nis

349 658 623 697 consulari-bus
659 658 732 696 effe
770 658 926 695 voluit:
969 656 1071 695 mihi
1111 657 1350 709 legationem
1366 686 1376 702 ‚
1418 670 1538 710 quam
1577 656 1720 694 vellem
1735 687 1747 702 ‚

349 734 499 777 quanto
520 737 614 761 cum
634 723 784 761 honore
805 723 949 761 vellem
964 752 975 768 ,
1007 722 1165 762 detulit.
1211 724 1310 774 Qae
1336 736 1408 775 ego
1430 723 1563 760 omn-ia
1583 736 1662 760 non
1683 723 1748 760 in-

349 800 461 844 grato
493 791 642 835 animo,
674 790 737 827 sed
768 789 1030 828 obstinatione
1062 789 1231 842 quadam
1265 789 1485 833 sententiae,
1518 788 1746 841 repudiavi:

349 871 471 910 quam
492 856 684 909 sapienter
704 870 783 894 non
805 855 990 908 disput03
1023 856 1163 894 multis
1184 856 1292 894 enim
1314 869 1392 893 non
1415 855 1590 907 probabo
1609 870 1617 893 ε
1650 868 1749 892 con-

350 923 493 961 stanter
513 922 675 976 quidem
697 931 735 960 et
756 921 912 960 fortiter
931 931 1049 960 certe.
1084 922 1182 973 Qi,
1209 935 1302 959 cum
1325 935 1389 959 me
1409 921 1640 959 firmiffimis
1660 920 1751 973 opi-

351 989 425 1027 bus
458 998 595 1027 contra
626 989 749 1026 scelus
783 989 1041 1026 inimicorum
1069 988 1240 1033 munire,
1272 996 1310 1025 et
1339 988 1545 1040 Populares
1578 987 1752 1040 impetus

352 1056 533 1109 populari
554 1055 730 1107 praefidio
755 1054 1005 1107 propulsare,
1037 1054 1213 1107 poss‘em5
1247 1054 1427 1107 quamvis
1457 1054 1637 1106 excipere
1666 1052 1751 1091 for-

353 1131 506 1166 tunam,
539 1120 668 1158 subire
688 1121 769 1158 vim
791 1130 909 1174 atque
930 1121 1132 1173 injuriam,
1164 1120 1302 1165 malui,
1334 1134 1454 1173 quam
1484 1129 1551 1157 aut
1579 1134 1599 1157 a
1619 1119 1753 1157 vestris

353 1187 594 1226 sanffiffimis
616 1187 818 1224 mentibus
839 1187 1030 1232 diffidere,
1053 1196 1119 1225 aut
1140 1187 1188 1224 de
1208 1200 1297 1224 meo
1318 1186 1416 1224 statu
1437 1186 1645 1224 declinare.
1680 1185 1754 1224 Sed

353 1268 432 1292 non
455 1254 486 1291 is
510 1253 637 1291 solum
657 1262 789 1304 gratus
812 1253 928 1291 debet
948 1252 1036 1298 effe,
1068 1254 1137 1306 qui
1158 1253 1310 1305 accepit
1331 1252 1586 1297 beneficium,
1615 1264 1755 1289 verum·

353 1322 472 1358 etiarn
507 1321 563 1365 is,
596 1320 661 1357 cui
694 1319 858 1372 potestas
889 1319 1108 1372 aecipiendi
1141 1319 1234 1358 fuit.
1276 1320 1365 1372 Ego
1398 1319 1466 1356 issa
1497 1326 1749 1363 ornamenta,

354 1386 500 1439 quibus
534 1385 600 1422 ille
634 1399 696 1422 me
729 1386 906 1430 ornabat,
939 1385 1073 1423 decere
1104 1399 1189 1430 me,
1221 1394 1262 1422 et·
1291 1385 1500 1422 convenire
1533 1385 1581 1422 iis
1614 1384 1750 1428 rebus,

354 1465 450 1504 quas
471 1450 656 1503 gesseram
671 1480 682 1496 ‚
715 1464 793 1488 non
816 1451 1028 1503 putabam:
1063 1451 1180 1488 illum
1203 1450 1364 1503 quidem
1386 1450 1514 1487 amico
1535 1450 1668 1488 animo
1690 1463 1755 1487 me

353 1518 496 1555 habere
527 1517 667 1555 eodem
698 1517 809 1562 loco,
842 1531 921 1569 quo
953 1518 1176 1570 principem
1209 1517 1358 1562 civem,
1392 1516 1504 1554 suum
1538 1529 1752 1569 generum,

354 1584 583 1622 sentiebam.

411 1649 610 1688 Traduxit
625 1649 846 1701 adplebem
864 1649 1077 1687 inimicum
1093 1662 1252 1687 meum:
1277 1649 1351 1686 five
1367 1649 1487 1686 iratus
1509 1647 1626 1693 mihi,
1649 1647 1757 1701 quod

356 1729 418 1754 me
450 1716 581 1753 secum
613 1729 660 1752 ne
691 1714 894 1752 beneficiis
925 1715 1094 1767 quidem·
1118 1715 1275 1753 videbat
1305 1715 1408 1767 poffe
1429 1714 1648 1766 conjungi3
1682 1714 1757 1752 five

356 1791 551 1819 exoratus.
586 1781 651 1818 Ne
672 1779 755 1817 haec
777 1780 939 1832 quidem
961 1779 1040 1817 fuit
1061 1781 1230 1832 injuria:
1256 1795 1346 1818 nam
1368 1781 1497 1833 postea
1517 1795 1595 1825 me,
1619 1789 1663 1818 ut
1684 1780 1754 1818 fibi

356 1847 472 1885 effem
490 1847 644 1898 legatus
660 1875 670 1890 ‚
705 1859 783 1883 non
806 1845 933 1883 solum
955 1846 1066 1883 suasit
1081 1875 1092 1890 ‚
1125 1860 1260 1883 verum
1282 1847 1400 1883 ctiam
1423 1847 1586 1897 rogavit.
1630 1846 1694 1883 Ne
1716 1847 1756 1883 id

358 1912 521 1966 quidem
542 1912 698 1964 accepi:
733 1925 811 1949 non
833 1925 913 1963 quo
935 1912 1108 1953 alienum
1131 1925 1215 1949 mea
1237 1912 1429 1963 dignitate
1450 1911 1669 1956 arbitrarer,
1693 1911 1756 1949 sed

358 1978 465 2031 quod
487 1987 642 2015 tantum
665 1977 892 2029 reipublicae
915 1977 1066 2015 sceleris
1090 1978 1315 2030 impendere
1332 1991 1351 2015 a
1367 1977 1599 2015 consulibus·
1618 1978 1757 2030 proxi-

359 2045 433 2082 mis
456 2057 534 2081 non
557 2043 790 2095 suspicabar.

415 2108 574 2147 XVIII.
608 2109 716 2160 Ergo
737 2107 865 2146 adhuc
888 2110 1012 2161 magis
1034 2109 1086 2146 est
1119 2108 1220 2146 mihi
1242 2109 1456 2147 verendum
1472 2112 1492 2154 ‚'
1516 2122 1563 2147 ne
1584 2122 1671 2147 mea
1691 2109 1755 2147 su—

361 2175 494 2227 perbia
520 2175 560 2211 in
592 2175 700 2212 illius
731 2175 990 2220 liberalitate,
1023 2189 1141 2228 quam
1173 2189 1219 2213 ne
1248 2176 1356 2214 illius
1388 2176 1530 2228 injuria
1560 2177 1600 2213 in
1631 2175 1759 2214 nostra

359 2241 548 2285 amicitia,
573 2240 891 2293 reprehendatur.
926 2242 1031 2279 Ecce
1052 2241 1121 2279 illa
1142 2241 1360 2293 tempestas,
1393 2242 1521 2293 caligo
1543 2242 1755 2287 bonorum,

360 2317 402 2345 et.
420 2307 547 2344 subita
567 2316 684 2359 atque
704 2307 915 2359 improvisa
935 2306 1108 2345 formido
1123 2337 1133 2352 ,
1167 2308 1335 2346 tenebrae
1361 2308 1587 2361 reipu'blicae
1602 2338 1613 2354 ,
1646 2309 1758 2346 ruina

360 2382 477 2425 atque
509 2372 739 2411 incendium
769 2373 968 2411 civitatis:
1002 2382 1124 2411 terror
1155 2373 1320 2425 injectus
1351 2372 1490 2413 Caesari
1518 2374 1565 2412 de
1585 2376 1668 2427 ejus
1690 2387 1757 2412 ac·-

361 2440 425 2484 tis‚
459 2448 587 2477 metus
609 2439 724 2478 caedis
747 2440 861 2478 bonis
889 2440 1104 2485 omnibus3
1139 2440 1346 2478 consulum
1375 2442 1513 2487 scelus,
1545 2441 1755 2494 cupiditaS,

361 2505 519 2558 egestas,
542 2506 713 2546 audacia.
748 2508 785 2545 Si
809 2521 886 2546 non
910 2508 994 2546 sum
1016 2507 1201 2559 a(ljutus;
1227 2521 1303 2545 non
1327 2508 1488 2546 debuit:
1514 2508 1539 2546 fi
1560 2508 1754 2552 desertus;
