2076 2860
354 186 405 224 62
829 181 1271 219 ORATIO

354 281 582 325 accusando,
616 279 676 317 sed
698 278 807 316 nulla
827 291 1002 330 unquam
1023 277 1069 314 de
1089 290 1142 321 re,
1174 275 1301 321 fuisse,
1333 276 1450 329 paulo
1479 284 1568 314 ante
1589 276 1742 329 imprua

354 348 447 385 dens
470 346 644 384 indicasti
662 361 668 383 :
703 345 772 396 qui
792 353 830 381 et
851 345 904 381 T.
925 343 1139 381 Claudium
1161 352 1293 380 tecum
1313 342 1631 388 communicaffe,
1663 351 1703 380 et
1723 355 1743 380 a

357 422 391 451 te
413 412 618 450 consilium
641 410 811 448 Rsextii
833 407 1038 446 accusandi
1059 408 1206 460 petiffe,
1228 418 1267 446 et
1288 408 1601 453 Albinovanum,
1624 421 1744 460 quem

354 488 463 515 antea
483 478 547 515 vix
569 477 642 513 tibi
664 484 805 512 notum
824 474 896 512 effe
917 474 1085 519 dixiffes,
1116 474 1282 512 domum
1303 483 1411 512 tuam
1432 473 1587 519 venisse,
1618 474 1745 512 multa

356 554 485 580 tecum
507 543 700 584 locutum,
731 539 899 577 dixeris:
933 539 1101 591 denique
1121 541 1331 577 conciones
1355 541 1400 578 P.
1425 540 1546 577 Sextii
1567 539 1742 591 scriptas,

354 622 446 661 quas
481 621 605 660 neque
637 605 773 650 nosset,
806 618 932 657 neque
961 605 1127 657 reperire
1156 605 1292 657 posset,
1326 614 1362 643 te
1392 605 1645 643 Albinovano
1674 605 1743 642 de-

353 674 458 718 disse,
476 673 612 726 easque
635 673 674 709 in
695 671 813 723 hujus
832 670 984 725 judicio
1004 669 1076 708 effe
1097 672 1288 708 recitatas.
1309 672 1355 708 In
1377 685 1548 723 quorum
1565 672 1685 709 altero
1706 683 1748 709 esv

352 739 560 784 confessus,
593 753 612 775 a
634 748 670 776 te
690 736 927 775 accusatores
948 736 1019 774 effe
1040 735 1245 773 instruaos
1275 745 1313 773 et
1334 735 1561 775 subornatos
1581 756 1591 782 3
1624 737 1666 774 in
1686 736 1744 774 al-

354 815 435 843 tero
456 804 756 842 inconstantiam
778 812 886 840 tuam
907 816 1000 839 cum
1021 801 1192 846 levitate,
1215 810 1302 839 tum
1321 802 1440 839 etiam
1461 803 1647 854 perjurio,
1665 803 1744 840 im·-

355 871 539 923 plicatam
561 868 733 907 refellisti
754 884 761 906 :
795 882 902 912 cum,
935 880 1056 920 quem
1075 866 1352 905 alienissimum
1372 880 1391 904 a
1413 877 1449 905 te
1469 867 1542 905 effe
1563 866 1718 906 dixisses
1732 897 1742 912 ‚

353 951 443 973 eum
466 935 572 973 domi
593 944 669 973 tuae
690 933 801 972 fuisse
817 952 828 979 ;
861 946 981 985 quem
1010 933 1343 985 praevaricatorem
1370 933 1418 969 ab
1440 933 1556 970 initio
1571 933 1746 985 judicas-

354 1001 423 1045 ses,
456 1002 488 1038 ei
513 1010 563 1045 te,
596 1013 693 1052 quos
716 998 891 1051 rogasset,
923 997 969 1035 ad
990 997 1251 1036 accusandum
1271 997 1393 1036 libros
1415 997 1558 1036 dixeris
1580 998 1735 1037 dedisse.

411 1068 465 1104 II.
499 1067 687 1104 Nimium
717 1079 754 1103 es
786 1063 994 1103 vehemens
1025 1063 1216 1116 feroxque
1244 1071 1406 1102 natura:
1440 1077 1519 1101 non
1547 1072 1661 1116 putas
1690 1063 1746 1102 fas

353 1131 428 1169 csse
447 1131 610 1169 verbnm
632 1145 679 1168 ex
700 1144 764 1168 ore
785 1131 890 1167 exire
914 1118 1172 1182 cujusquam,
1205 1129 1314 1182 quod
1345 1142 1424 1167 non
1451 1129 1678 1181 jucundum
1708 1134 1749 1168 et

355 1198 621 1236 honorificum
642 1197 688 1234 ad
704 1210 812 1235 aures
831 1206 913 1234 tuas
930 1196 1252 1234 accidat.Venisti
1274 1197 1392 1234 iratus
1409 1196 1595 1234 omnibus
1612 1212 1619 1235 :
1640 1195 1748 1249 quod

354 1280 441 1316 ego,
475 1265 587 1302 simul
610 1278 652 1302 ac
675 1273 711 1301 tc
731 1263 901 1316 adspexi,
933 1264 1040 1315 prius
1069 1277 1188 1316 quam
1208 1263 1320 1315 loqui
1341 1262 1506 1315 coepisti,
1538 1277 1632 1301 cum
1659 1271 1750 1301 ante

356 1331 528 1375 Gellius,
562 1330 757 1368 nutricula
777 1330 1047 1368 seditiosorum
1068 1330 1265 1374 omnium,
1295 1329 1564 1367 testimonium
1585 1329 1748 1375 diceret,

357 1396 463 1441 sensi,
496 1407 611 1449 atque
632 1397 785 1449 providi
803 1411 810 1434 :
842 1405 999 1448 repente
1019 1397 1126 1434 enim
1148 1405 1200 1441 te,
1232 1405 1420 1449 tanquam
1440 1395 1593 1448 serpens
1615 1409 1635 1433 e
1656 1395 1747 1434 lati-

357 1463 474 1507 bulis,
493 1463 618 1501 oculis
636 1462 918 1507 eminentibus,
942 1462 1077 1500 inflato
1098 1462 1217 1506 collo,
1241 1461 1404 1499 tumidis
1426 1462 1661 1506 cervicibus,
1684 1462 1748 1500 in-

355 1529 477 1566 tulisti
495 1545 502 1567 :
546 1539 589 1567 ut
610 1528 711 1567 mihi
732 1537 937 1566 renovatus
959 1528 1027 1566 ille
1049 1538 1139 1566 tuus
1161 1529 1201 1565 in
1224 1537 1262 1565 te
1283 1530 1306 1554 ἤιέ
1322 1529 1346 1554 *
1363 1530 1385 1554 ἕξ
1409 1528 1594 1565 Veterem
1614 1541 1750 1566 meum

354 1596 542 1639 amicum,
566 1595 628 1632 sed
650 1604 780 1632 tamen
802 1603 917 1632 tuum
936 1593 1186 1639 familiarem,
1210 1593 1468 1639 defenderim,
1501 1607 1594 1631 cum
1614 1594 1655 1631 in
1676 1592 1751 1632 hac

354 1663 511 1699 civitate
538 1661 781 1714 oppugnatio
809 1660 942 1705 soleat,
974 1673 1052 1713 qua
1077 1668 1122 1699 tu
1149 1673 1255 1697 nunc
1277 1660 1412 1705 uteris,
1444 1663 1750 1713 nonnunquam,

355 1727 526 1765 defensio
547 1741 766 1779 nunquam,
797 1727 1023 1779 vituperari.
1057 1726 1131 1763 Sed
1152 1740 1284 1778 quaero
1304 1739 1324 1763 a
1344 1735 1395 1771 te,
1428 1740 1499 1764 cur
1520 1727 1569 1765 C.
1594 1727 1749 1765 Corne-

356 1793 457 1831 lium
490 1807 569 1830 non
602 1791 866 1829 defenderem.
900 1791 1015 1828 Num
1035 1791 1165 1842 legem
1186 1791 1360 1842 aliquam
1382 1791 1592 1829 Cornelius
1613 1801 1752 1830 contra

356 1858 524 1911 auspicia
545 1857 679 1895 tulerit
698 1871 706 1894 :
740 1870 837 1894 num
858 1856 1020 1900 AEliam,
1055 1869 1153 1893 num
1173 1856 1329 1894 Fufiam
1350 1855 1479 1907 legem
1499 1856 1717 1908 neglexerit
1735 1872 1747 1897 τ

357 1938 454 1962 num
481 1922 632 1961 consuli
659 1923 740 1960 vim
767 1921 969 1960 attulerit:
1004 1935 1101 1959 num
1121 1922 1277 1959 armatis
1299 1920 1530 1959 hominibus
1552 1922 1751 1974 templum

357 1989 550 2027 tenuerit:
584 2002 680 2026 num
702 1986 988 2025 intercessorem
1008 1988 1046 2024 vi
1067 1987 1276 2039 dejecerit:
1309 2001 1406 2025 num
1428 1988 1636 2040 religiones
1657 1988 1755 2040 pol-=

357 2056 473 2094 luerit
490 2070 498 2093 ε
523 2055 699 2093 aerarium
715 2053 957 2092 exhauserit:
982 2052 1268 2107 rempublicam
1288 2053 1624 2107 compilarit.Tua
1642 2054 1748 2100 sunt,

358 2131 424 2159 tua
443 2121 546 2165 sunt,
564 2120 646 2159 haec
663 2121 810 2159 omnia.
827 2120 1014 2158 Cornelio
1030 2120 1222 2173 ejusmodi
1238 2119 1340 2158 nihil
1355 2120 1555 2173 obje6³fflm
1576 2121 1644 2159 est.
1664 2122 1747 2160 Co—

358 2189 485 2226 dicem
509 2187 638 2239 legiffe
658 2187 874 2225 dicebatur.
921 2185 1218 2225 Defendebatur
1232 2216 1243 2232 ‚
1276 2187 1436 2226 testibus
1458 2187 1621 2239 collegis
1643 2187 1719 2225 suis
1734 2216 1746 2234 ,

360 2268 437 2291 non
470 2253 657 2291 recitandi
689 2253 800 2291 causa
830 2252 975 2305 legiffe,
1007 2253 1070 2290 sed
1097 2253 1414 2305 recognoscendi.
1448 2253 1748 2292 Constabatta-

359 2335 464 2365 men,
497 2321 730 2359 Cornelium
749 2320 967 2358 concilium
988 2320 1058 2359 illo
1079 2320 1140 2358 die
1161 2320 1356 2365 dimisisse,
1388 2321 1647 2359 interceffioni
1676 2334 1748 2374 pa·-

359 2387 484 2426 ruiffc.
518 2388 585 2425 Tu
605 2400 715 2432 ver0,
748 2388 811 2425 cui
835 2387 1011 2425 Cornelii
1032 2386 1203 2425 defensio
1223 2387 1401 2441 displicet
1415 2418 1425 2433 ‚
1457 2401 1577 2441 quam
1597 2388 1749 2426 causam

357 2453 405 2492 ad
424 2463 607 2507 patronos
630 2463 732 2500 tuos,
755 2462 821 2493 aut
840 2453 948 2508 quod
967 2466 1025 2501 οε,
1056 2453 1219 2494 afferes?
1251 2452 1396 2508 quibus
1411 2456 1496 2508 jam
1515 2454 1747 2508 praescribis,
