2076 2860
428 218 502 251 m>
905 206 1353 245 ORATIO

429 248 477 266 “““Τ

426 315 669 357 verebamur,
688 311 805 349 nimis
824 307 1052 347 iracundam
1071 305 1249 345 futuram
1269 305 1382 344 fuiffe
1403 306 1621 346 victoriam.
1645 306 1822 359 Qidam

426 383 533 419 enim
555 394 633 417 non
655 377 773 416 modo
795 375 966 419 armatis,
990 373 1054 412 sed
1073 373 1275 411 interdum
1296 374 1415 411 etiam
1436 373 1582 418 otiosis,
1612 374 1822 412 minaban-

427 459 516 492 tur;
551 460 636 490 nee,
669 443 765 497 quid
795 442 960 494 quisque
991 440 1170 485 sensisset,
1202 440 1266 478 sed
1297 440 1366 478 ubi
1386 439 1532 486 fuiffet,
1564 441 1823 494 cogitandum

424 513 495 550 effe
513 512 717 548 dicebant:
742 518 786 546 ut
802 506 906 546 mihi
925 506 1089 559 quidem
1105 506 1312 544 videantur
1333 507 1404 544 Dii
1427 507 1686 552 immortales,
1704 508 1824 545 etiam

426 579 450 616 s1
479 590 611 630 poenas
642 590 663 613 a
693 574 841 628 populo
863 574 1045 611 Romano
1067 573 1118 609 ob
1140 572 1301 625 aliquod
1323 571 1512 609 delidmm
1533 573 1824 625 expetiverunt,

423 644 495 696 qui
515 642 631 680 civile
653 641 806 679 bellum
828 649 984 678 tantum
1013 647 1053 676 et
1083 648 1164 675 tam
1189 637 1415 675 luctuosum
1434 638 1706 677 excitaverunt
1720 668 1732 684 ,
1762 638 1824 677 vel

425 710 566 763 placati
582 710 664 761 jam
680 738 692 753 ‚
723 708 784 746 vel
805 707 925 744 etiam
947 705 1072 744 satiati
1093 703 1307 757 aliquando
1322 733 1333 749 ‚
1365 718 1527 743 omnem
1555 705 1663 758 spem
1689 705 1825 744 salutis

424 777 471 813 ad
492 775 746 814 clementiam
765 773 923 811 vidtoris
944 781 983 810 et
1003 771 1232 824 sapientiam
1253 770 1473 809 contulisse.

483 843 614 893 Qare
646 841 771 893 gaude
799 850 868 878 tuo
896 839 967 876 isto
996 848 1075 876 tam
1103 837 1316 876 excellenti
1345 837 1478 882 bon03
1511 846 1550 875 et
1576 835 1706 875 fruere
1732 849 1827 875 cum

425 908 585 946 fortuna
604 917 642 945 et
663 907 788 959 gloria
803 936 813 951 ,
846 915 934 944 tum
953 905 1072 942 etiam
1094 913 1230 942 natura
1260 913 1300 941 et
1323 903 1501 941 moribus
1524 904 1603 941 tuis
1623 919 1631 942 :
1665 917 1714 942 ex
1745 916 1826 956 quo

426 974 589 1027 quidem
606 974 802 1011 maximus
820 972 872 1009 est
888 969 1354 1023 frti&usjucunditasque
1371 969 1550 1022 sapienti.
1569 971 1719 1009 Caetera
1734 983 1829 1007 cum

426 1049 492 1077 tua
513 1039 788 1084 recordabere3
821 1038 887 1076 etfi
913 1037 1080 1090 persaepe
1100 1037 1253 1081 virtuti,
1287 1045 1416 1074 tamen
1437 1036 1673 1089 plerumque
1694 1035 1826 1073 felici-

426 1107 495 1144 tati
518 1115 592 1144 tuae
608 1136 619 1151 ,
651 1105 989 1157 congratulabere.
1026 1105 1088 1141 De
1109 1103 1223 1141 nobis
1239 1132 1250 1148 ‚
1282 1115 1381 1155 quos
1403 1103 1443 1140 in
1466 1102 1670 1155 republica
1691 1110 1825 1140 tecum

426 1172 541 1210 simul
562 1172 683 1210 salvos
706 1172 777 1210 effe
798 1171 970 1215 voluisti,
1001 1170 1155 1223 quoties
1177 1168 1387 1221 cogitabi5‚
1420 1169 1536 1206 toties
1565 1168 1611 1206 de
1639 1168 1826 1206 maximis

427 1240 505 1276 tuis
528 1238 729 1276 beneficiis
747 1268 756 1282 ‚
790 1238 905 1275 toties
928 1236 975 1274 de
996 1235 1223 1273 incredibili
1248 1235 1482 1272 liberalitate
1499 1263 1509 1279 ‚
1542 1234 1658 1272 toties
1680 1233 1727 1270 de
1747 1233 1826 1271 fin-

426 1304 553 1357 gulari
571 1304 757 1356 sapientia
774 1313 852 1348 tua,
871 1302 1064 1354 cogitabis
1082 1317 1089 1339 :
1110 1315 1196 1354 quae
1213 1314 1292 1338 non
1309 1299 1429 1337 modo
1450 1300 1603 1337 summa
1623 1299 1739 1344 bona,
1763 1299 1828 1337 sed

428 1370 619 1408 nimirum
641 1369 792 1406 audebo
813 1369 873 1406 vel
896 1368 975 1405 sola
994 1367 1137 1404 dicere.
1170 1367 1326 1404 Tantus
1354 1364 1408 1402 est
1435 1365 1543 1402 enim
1570 1363 1754 1417 splendor
1784 1364 1827 1403 in

427 1435 540 1474 laude
562 1449 662 1479 vera,
695 1444 801 1472 tanta
821 1435 862 1471 in
884 1432 1160 1486 magnitudine
1179 1431 1303 1469 animi
1323 1439 1363 1467 et
1383 1430 1535 1467 confilii
1564 1429 1750 1482 dignitas,
1782 1438 1828 1468 ut

426 1501 509 1539 haec
544 1515 565 1539 a
598 1502 743 1539 virtute
774 1500 929 1544 donata,
962 1507 1100 1537 caetera
1127 1511 1148 1534 a
1176 1496 1338 1535 fortuna
1365 1495 1630 1541 commodata,
1662 1494 1734 1533 effe
1763 1496 1826 1533 vi-

428 1568 605 1612 deantur.
631 1568 730 1606 Noli
751 1567 874 1619 igitur
894 1567 935 1604 in
957 1564 1229 1603 conservandis
1251 1563 1366 1600 bonis
1388 1563 1481 1600 viris
1503 1561 1723 1615 defatigari,
1746 1575 1827 1600 non

428 1634 644 1687 cupiditate
665 1633 878 1686 praesertim
906 1640 972 1669 aut
1000 1631 1189 1684 pravitate
1215 1629 1347 1682 aliqua
1376 1628 1515 1681 lapfis,
1547 1628 1611 1666 sed
1640 1628 1830 1681 opinione

428 1701 566 1746 officii,
598 1700 714 1737 stulta
745 1698 912 1743 fortasse,
945 1707 1050 1736 certe
1082 1711 1161 1736 non
1194 1695 1396 1748 improba,
1428 1704 1467 1733 et
1499 1695 1625 1748 specie
1657 1694 1827 1748 quadam

429 1766 670 1818 reipublicae.
704 1766 800 1803 Non
831 1765 940 1803 enim
969 1773 1036 1801 tua
1065 1763 1146 1801 ulla
1175 1762 1293 1814 culpa
1321 1761 1390 1806 est,
1421 1761 1508 1799 fite
1528 1761 1653 1814 aliqui
1677 1761 1828 1799 timue-

430 1841 551 1875 runt;‚
568 1841 782 1882 contraque
798 1830 951 1868 summa
971 1829 1070 1873 laus,
1089 1828 1195 1880 quod
1216 1828 1397 1879 plerique
1414 1828 1581 1865 minime
1603 1827 1828 1866 timendum

430 1897 542 1935 fuiffe
563 1896 775 1934 senserunt.
1057 1946 1060 1950 4

486 1962 581 2002 VII.
615 1963 738 2001 Nunc
759 1975 849 2000 vero
870 1962 985 1999 venio
1005 1959 1052 1997 ad
1072 1958 1332 2012 graviffimam
1350 1957 1564 2010 querelam,
1582 1967 1621 1997 et
1636 1957 1828 1997 atrociffi-

432 2044 537 2069 mam
559 2029 821 2082 suspicionem
843 2038 980 2072 tuam;
1015 2040 1101 2079 quae
1122 2039 1201 2063 non
1224 2025 1298 2063 tibi
1319 2025 1388 2078 ipsi
1410 2025 1534 2077 magis
1550 2055 1561 2070 ,
1594 2038 1713 2078 quam
1735 2037 1829 2063 cum

431 2097 618 2136 omnibus
634 2096 803 2140 civibus,
823 2105 909 2133 tum
926 2095 1097 2132 maxime
1114 2092 1244 2137 nobis,
1263 2093 1332 2145 qui
1348 2106 1369 2130 a
1384 2101 1421 2130 te
1437 2092 1653 2130 conservati
1674 2091 1826 2137 sumus,

434 2162 675 2217 providenda
701 2161 754 2199 est
773 2177 781 2200 ι
815 2174 934 2214 quam
955 2160 1021 2198 etfi
1044 2159 1153 2213 spero
1173 2158 1245 2197 effe
1266 2158 1402 2197 falsam
1418 2187 1429 2203 ,
1462 2171 1667 2211 nunquam
1698 2167 1828 2196 tamen

432 2230 559 2268 verbis
580 2228 815 2267 extenuabo.
849 2229 941 2265 Tua
959 2226 1066 2263 enim
1088 2225 1233 2271 cautio,
1258 2224 1384 2263 nostra
1403 2225 1534 2262 cautio
1554 2224 1632 2262 est:
1657 2233 1715 2269 ut,
1739 2224 1766 2262 fi
1786 2225 1829 2262 in

433 2299 619 2335 alterutro
640 2295 885 2349 peccandum
902 2294 961 2339 fit,
979 2293 1119 2331 malim
1134 2291 1257 2331 videri
1279 2292 1397 2330 nimis
1420 2291 1600 2337 timidus,
1618 2304 1737 2344 quam
1757 2303 1828 2344 pa-

434 2378 521 2402 rum
544 2363 728 2416 prudens.
763 2361 835 2399 Sed
863 2359 1044 2413 quisnam
1070 2358 1124 2396 est
1150 2358 1218 2397 iste
1247 2367 1327 2397 tam
1355 2358 1547 2396 demens?
1580 2358 1642 2396 De
1668 2357 1827 2395 tuisne?

435 2429 583 2468 tametsl
601 2430 669 2481 qui
691 2429 814 2480 magis
837 2427 925 2464 sunt
947 2426 1020 2471 tui,
1038 2438 1158 2479 quam
1174 2425 1320 2477 quibus
1343 2433 1385 2462 tu
1408 2425 1572 2462 salutem
1592 2422 1827 2476 insperanti-

437 2498 508 2534 bus
531 2494 731 2534 reddidisti
749 2495 761 2530 ?
785 2494 850 2531 An
871 2505 919 2532 ex
939 2505 986 2531 eo
1002 2504 1182 2537 numero,
1200 2491 1269 2543 qui
1291 2503 1367 2529 una
1383 2499 1515 2529 tecum
1536 2489 1726 2530 fuerunt?
1749 2499 1828 2525 non
