2076 2860
509 157 646 197 PRO
698 158 748 197 C.
799 157 1106 197 RABIRIO
1158 158 1521 198 POSTUMO.
1642 172 1721 216 235

312 268 350 297 te
369 258 510 297 decem
530 259 659 297 millia
678 259 830 311 objecta
851 258 955 304 sunt,
989 258 1052 297 sed
1073 259 1194 298 etiam
1214 259 1263 297 ab
1283 258 1346 297 his
1368 259 1568 298 aestimata.
1602 259 1720 299 Addo

310 325 413 364 illud
433 325 553 363 etiam
571 340 580 363 ε
614 325 685 377 qui
707 324 867 364 tandem
888 326 1096 371 convenit,
1129 335 1196 364 aut
1217 335 1298 364 tam
1319 327 1427 380 gravi
1448 340 1565 364 onere
1587 326 1717 364 tribu-

310 399 445 428 torum
465 390 512 427 ad
533 399 684 428 tantam
705 391 916 443 pecuniam
938 390 1158 443 cogendam
1179 391 1291 429 mille
1313 391 1511 431 talentum
1535 391 1718 430 acceffio-

310 469 402 494 nem
423 455 496 494 effe
516 455 660 494 factam
676 475 687 502 ς
721 465 788 495 aut
809 457 850 495 in
872 466 981 495 tanta
1000 457 1181 495 mercede
1201 456 1377 496 hominis
1394 487 1404 503 ,
1437 467 1482 496 ut
1511 458 1569 496 vis
1584 488 1595 504 ,
1627 471 1718 495 ava-2

309 522 446 561 riffimi
461 552 473 568 ,
505 522 617 561 mille
653 523 849 561 talentum
885 523 1143 562 deceffionem
1177 524 1250 562 effe
1285 524 1504 563 conceffam
1523 526 1536 563 ?
1574 525 1720 578 Neque

308 589 418 627 enim
433 589 512 628 fuit
529 589 711 635 Gabinii,
729 591 930 629 remittere
947 599 1103 629 tantum
1119 590 1166 628 de
1180 590 1268 636 suo;
1288 605 1360 629 nec
1378 592 1495 644 regis,
1514 592 1720 645 imponere

309 665 466 694 tantum
482 656 564 709 pati
580 656 672 695 suis.
692 656 875 695 Aderunt
891 656 1019 702 testes,
1037 656 1157 710 legati
1173 657 1450 696 Alexandrini.
1476 658 1534 696 Hi
1552 656 1655 696 nihil
1676 657 1718 696 in

310 723 535 761 Gabinium
551 722 760 762 dixerunt:
779 723 906 762 immo
921 722 966 762 hi
984 723 1207 761 Gabinium
1227 723 1499 763 laudaverunt.
1520 725 1604 763 Ubi
1625 738 1718 778 ergo

308 789 378 827 ille
399 802 485 828 mos
506 790 518 827 ?
551 789 623 827 ubi
652 789 895 828 consuetudo
910 789 1191 842 judiciorum?
1223 790 1295 828 ubi
1323 790 1537 844 exempla?
1570 791 1720 829 soletne

308 857 342 894 is
364 855 493 894 dicere
514 855 556 893 in
577 869 669 894 eum
683 885 694 901 ,
727 855 799 908 qui
818 857 1030 908 pecuniam
1051 856 1203 909 redegit
1218 886 1229 902 ‚
1261 857 1332 910 qui
1362 857 1404 896 in
1426 857 1544 895 illum
1559 887 1570 903 ‚
1603 858 1718 910 cujus

308 924 472 962 nomine
503 935 547 961 ea
576 922 746 975 pecunia
776 922 1032 976 redigeretur,
1064 936 1145 962 non
1174 923 1351 962 dixerit?
1383 926 1486 978 Age,
1519 924 1546 963 fi
1567 924 1615 970 is,
1648 925 1719 977 qui

308 1003 389 1027 non
410 989 527 1034 dixit,
560 988 658 1027 solet
674 1007 685 1035 5
718 989 890 1027 etiamne
911 990 943 1028 is
965 989 1076 1036 solet,
1109 990 1180 1043 qui
1201 989 1375 1029 laudavit
1394 992 1406 1029 ?
1440 991 1585 1029 Iisdem
1607 991 1716 1029 testi-

307 1056 408 1102 bus,
440 1065 480 1094 et
511 1055 676 1109 quidem
708 1069 788 1094 non
819 1055 1049 1109 produdfis,
1081 1056 1146 1095 sed
1178 1056 1292 1095 dictis
1326 1057 1485 1097 testium
1517 1058 1714 1104 recitatis,

305 1123 412 1178 quafi
432 1122 685 1177 praejudicata
706 1136 764 1161 res
785 1122 833 1161 ad
853 1121 922 1162 has
944 1123 1074 1162 causas
1096 1122 1240 1162 deferri
1260 1123 1372 1163 solet.

361 1191 461 1230 XII.
494 1191 550 1229 Et
576 1190 630 1229 ait
657 1191 776 1229 etiam
803 1204 915 1229 meus
936 1190 1143 1229 familiaris
1159 1220 1170 1237 ‚
1202 1200 1242 1230 et
1262 1190 1493 1230 necessarius
1509 1221 1520 1237 ‚
1553 1192 1719 1231 eandem

306 1257 462 1296 causam
482 1257 764 1296 Alexandrinis
785 1256 912 1303 fuisse,
931 1271 1002 1296 cur
1022 1258 1227 1296 laudarent
1249 1259 1487 1304 Gabinium,
1507 1273 1593 1312 quae
1614 1258 1717 1298 mihi

307 1323 445 1370 fuerit,
478 1337 549 1362 cur
569 1323 740 1362 eundem
761 1323 1027 1363 defenderem.
1062 1324 1188 1370 Mihi,
1222 1326 1271 1363 C.
1297 1326 1492 1371 Memmi,
1515 1326 1627 1364 causa
1647 1327 1716 1364 de-

307 1389 497 1429 fendendi
519 1390 685 1429 Gabinii
706 1390 785 1429 fuit
806 1392 1078 1430 reconciliatio
1099 1392 1257 1444 gratiae:
1282 1406 1410 1445 neque
1432 1406 1496 1431 me
1517 1407 1608 1431 vero
1627 1407 1715 1446 poe-

307 1458 410 1497 nitet
430 1457 614 1496 mortales
636 1457 884 1503 inimicitias,
908 1458 1162 1511 sempiternas
1184 1458 1394 1504 amicitias,
1416 1458 1574 1498 habere.
1592 1460 1715 1505 Nam,

307 1524 334 1562 fi
356 1537 421 1562 me
442 1523 616 1562 invitum
637 1533 766 1576 putas,
790 1538 838 1561 ne
861 1525 939 1562 Cn.
960 1524 1143 1576 Pompeii
1163 1524 1345 1562 animum
1366 1524 1622 1570 offenderem,
1647 1525 1715 1563 de-

307 1589 471 1628 fendiffe
492 1589 672 1635 causam5
705 1600 744 1627 et
765 1590 898 1635 illum,
931 1598 970 1627 et
991 1603 1069 1635 me,
1093 1589 1347 1628 vehementer
1367 1591 1539 1644 ignoras.
1572 1592 1718 1644 Neque

307 1656 416 1695 enim
443 1656 658 1708 Pompeius
689 1669 753 1694 me
783 1655 849 1694 sua
877 1655 989 1694 causa
1018 1655 1239 1709 quidquam
1260 1655 1387 1695 facere
1407 1657 1588 1696 voluiss‘et
1609 1659 1716 1696 invi-

308 1734 424 1769 tum;
457 1736 586 1776 neque
607 1737 694 1776 ego,
727 1724 792 1761 cui
823 1724 1007 1762 omnium
1037 1723 1189 1762 civium
1218 1723 1377 1762 libertas
1403 1725 1594 1763 cariffima
1614 1724 1715 1763 fuis-

307 1790 376 1836 set,
408 1803 538 1829 meam
568 1789 829 1843 projeciffem.
864 1789 1069 1842 Qamdiu
1102 1790 1396 1829 inimiciffimus
1431 1790 1607 1829 Gabinio
1638 1791 1714 1838 fui,

307 1870 387 1896 non
414 1856 669 1896 amiciffimus
697 1856 799 1896 mihi
827 1871 908 1895 non
937 1857 1152 1910 Pompeius
1181 1856 1287 1895 fuit:
1322 1871 1409 1903 nec,
1441 1857 1572 1911 postea
1596 1872 1716 1912 quam

306 1924 416 1963 illius
432 1925 655 1963 auctoritati
670 1938 756 1963 eam
774 1924 865 1963 dedi
880 1924 1050 1970 veniam,
1067 1939 1188 1978 quam
1204 1925 1339 1971 debui,
1355 1926 1576 1980 quidquam
1592 1927 1715 1965 fimu-

305 1992 383 2031 lavi
399 2011 411 2038 ;
445 2006 493 2030 ne
513 2005 608 2031 cum
628 2005 715 2031 mea
734 1991 899 2045 perfidia
916 1992 980 2031 illi
1006 1992 1126 2031 etiam
1148 1993 1217 2046 ipsi
1238 1992 1409 2032 facerem
1424 2023 1435 2040 ,
1467 1994 1534 2032 cui
1562 1994 1714 2033 benefi-

306 2060 416 2097 cium
437 2058 623 2097 dedissem
637 2087 649 2104 ,
682 2058 884 2111 injuriam.
916 2059 1027 2097 Nam
1047 2073 1126 2098 non
1148 2059 1348 2099 redeundo
1368 2061 1410 2098 in
1431 2061 1598 2113 gratiam
1619 2074 1714 2099 cum

307 2124 488 2170 inimico,
519 2137 599 2162 non
620 2123 820 2162 violabam
841 2124 1107 2177 Pompeium:
1141 2125 1167 2164 fi
1193 2139 1262 2178 per
1282 2140 1374 2164 eum
1405 2126 1587 2165 reductus
1617 2127 1712 2165 infi-

306 2189 410 2228 diose
431 2189 609 2228 rediffem
626 2209 638 2236 ;
671 2203 735 2228 me
767 2190 918 2230 scilicet
950 2192 1122 2231 maxime
1136 2222 1148 2238 ‚
1181 2192 1245 2230 sed
1265 2193 1447 2245 proxime
1468 2193 1586 2232 illum
1608 2207 1711 2246 quo-

307 2270 397 2309 que,
428 2255 666 2295 fefellissem.

364 2322 420 2360 At
455 2321 502 2359 de
536 2335 600 2360 me
634 2323 867 2362 omittamus
887 2339 896 2362 ε
929 2323 975 2361 ad
1007 2324 1298 2363 Alexandrinos
1330 2324 1420 2363 istos
1456 2335 1709 2363 revertamur.

309 2389 430 2440 Qod
451 2388 598 2427 habent
618 2391 686 2428 os?
709 2403 828 2444 quam
850 2390 1077 2430 audaciam?
1100 2392 1236 2437 modo,
1251 2392 1363 2430 vobis
1385 2392 1710 2444 inspectantibus,

310 2456 347 2493 in
366 2455 520 2508 judicio
542 2455 707 2494 Gabinii
728 2458 845 2496 tertio
866 2471 1026 2511 quoque
1046 2459 1165 2497 verbo
1186 2459 1476 2497 excitabantur.
1501 2457 1712 2509 Negabant

1258 2524 1405 2576 ng
