2076 2860
663 226 1239 267 PHILIPPICA
1320 226 1394 264 111.
1652 241 1723 279 331

328 331 501 377 crudele,
521 340 602 369 tam
623 330 834 376 nefarium,
853 330 1013 383 privatis
1032 329 1202 367 consiliis
1219 328 1536 382 propulsabitur?
1560 340 1630 366 cur
1645 341 1725 366 non

328 399 630 451 quamprimum
651 397 813 450 publica
832 396 984 435 accedit
1005 396 1211 434 auctoritas
1232 397 1244 434 ?

385 465 440 502 ΙΙ.
475 466 524 503 C.
557 464 682 502 Caesar
715 463 952 509 adolescens,
984 476 1083 515 pene
1115 463 1248 515 potius
1280 476 1391 515 puer,
1423 460 1650 500 incredibili
1682 473 1725 498 ac

327 530 462 569 divina
482 531 650 581 quadam
672 540 804 569 mente
834 540 951 583 atque
981 531 1141 574 virtute,
1176 539 1278 574 tum,
1309 543 1402 567 cum
1423 528 1594 566 maxime
1616 526 1725 565 furor

327 598 478 636 arderet
499 599 683 644 Antonii,
716 612 890 650 cumque
919 599 1002 650 ejus
1031 611 1051 635 a
1079 596 1297 635 Brundusio
1318 596 1487 634 crudelis
1509 604 1548 633 et
1569 594 1726 648 pestifer

329 665 476 702 reditus
499 666 718 710 timeretur,
751 679 822 702 nec
845 663 1148 718 postulantibus,
1181 676 1252 700 nec
1273 662 1558 715 cogitantibus,
1581 675 1629 699 ne
1650 675 1725 714 op>-

329 731 505 769 tantibus
534 731 698 784 quidem
727 731 855 776 nobis,
887 731 979 782 quia
999 730 1082 768 fieri
1102 728 1206 782 poffe
1227 742 1306 766 non
1327 728 1546 771 videbatur,
1579 727 1724 764 firmis-

327 796 470 835 simum
491 798 711 835 exercitum
727 812 774 836 ex
796 797 942 834 invicto
958 810 1098 848 genere
1119 804 1393 833 veteranorum
1414 794 1593 832 militum
1609 807 1723 831 com-

327 864 490 915 paravit,
522 864 886 916 patrimoniumque
915 863 1028 900 suum
1056 861 1211 899 effudit.
1257 862 1498 913 Qanquam
1529 873 1609 897 non
1638 859 1724 897 sum

328 929 417 967 usus
439 944 484 968 eo
506 930 639 975 verbo,
662 944 742 983 quo
763 929 882 967 debui
902 945 910 967 :
944 943 1023 967 non
1044 928 1152 966 enim
1173 927 1329 973 effudit,
1358 927 1420 965 sed
1441 928 1480 964 in
1504 926 1624 965 salute
1645 926 1724 964 rei-

326 995 497 1047 publicae
518 996 743 1034 collocavit.
773 997 851 1034 Cui
873 1009 1100 1048 quanquam
1120 995 1245 1047 gratia
1265 993 1399 1032 referri
1421 1003 1527 1032 tanta
1547 1007 1625 1031 non
1648 1007 1722 1046 po-

327 1061 412 1106 test,
435 1071 581 1114 quanta
601 1062 791 1107 debetur,
815 1060 995 1099 habenda
1015 1070 1147 1099 tamen
1169 1070 1275 1099 tanta
1293 1060 1360 1106 est,
1385 1069 1571 1113 quantam
1593 1059 1722 1097 maxi-

326 1140 433 1165 mam
455 1128 578 1166 animi
599 1128 719 1166 nostri
739 1142 875 1181 capere
896 1127 1067 1180 poffunt.
1101 1127 1203 1179 Qis
1235 1127 1343 1164 enim
1374 1126 1428 1164 est
1458 1135 1538 1164 tam
1565 1126 1722 1178 ignarus

327 1208 473 1240 rerum,
507 1204 588 1233 tam
618 1194 720 1233 nihil
743 1195 789 1233 de
811 1195 1015 1248 republica
1034 1194 1227 1246 cogitans,
1259 1194 1329 1246 qui
1361 1192 1438 1231 hoc
1468 1207 1546 1231 non
1569 1193 1723 1230 intelli-

326 1270 415 1312 gat3
440 1261 465 1298 fi
488 1261 552 1298 M.
569 1262 770 1299 Antonius
787 1275 808 1298 a
825 1261 1043 1298 Brundusio
1060 1274 1153 1298 cum
1170 1260 1217 1297 iis
1235 1260 1376 1312 copiis,
1394 1273 1489 1312 quas
1507 1259 1543 1297 se
1559 1257 1722 1296 habitu—

330 1341 418 1365 rum
439 1326 616 1379 putabat,
650 1328 836 1371 Romam,
864 1336 907 1364 ut
929 1326 1167 1370 minabatur,
1190 1327 1321 1364 venire
1342 1325 1540 1378 potuiffet,
1563 1325 1723 1363 nullum

325 1406 452 1444 genus
487 1406 579 1430 eum
614 1393 858 1431 crudelitatis
895 1393 1185 1445 praeteriturum
1217 1391 1329 1430 fuisse
1348 1393 1361 1429 Ρ
1393 1392 1541 1445 quippe
1576 1392 1646 1444 qui
1680 1391 1722 1429 in

327 1458 495 1512 hospitis
518 1460 628 1498 tectis
651 1460 859 1498 Brundusii
881 1459 1108 1498 fortiffimos
1131 1459 1248 1504 viros,
1267 1459 1370 1496 cives
1393 1460 1582 1511 optimos,
1597 1459 1721 1512 jugu-

326 1525 397 1563 lari
413 1526 591 1577 jusserit:
616 1540 802 1578 quorum,
825 1535 914 1563 ante
935 1525 1050 1579 pedes
1072 1526 1170 1577 ejus,
1193 1525 1451 1562 morientium
1473 1524 1659 1576 sanguine
1678 1537 1721 1561 os

328 1593 462 1630 uxoris
484 1591 697 1644 respersum
719 1593 791 1630 effe
812 1593 1025 1630 constabat.
1060 1593 1149 1630 Hac
1177 1591 1244 1628 ille
1272 1591 1503 1629 crudelitate
1524 1590 1720 1635 imbutus,

326 1671 420 1696 cum
448 1658 578 1695 multo
609 1659 723 1696 bonis
755 1659 941 1696 omnibus
970 1658 1119 1696 veniret
1147 1657 1296 1702 iratior,
1328 1670 1448 1709 quam
1476 1656 1555 1694 illis
1578 1655 1719 1701 fuerat,

327 1738 426 1777 quos
460 1724 699 1769 trucidarat,
733 1726 797 1762 cui
829 1725 986 1763 tandem
1016 1724 1207 1768 nostrum,
1241 1733 1306 1762 aut
1327 1724 1393 1761 cui
1413 1723 1578 1761 omnino
1600 1722 1720 1769 bono,

325 1790 583 1844 peperciffet?

385 1859 475 1909 Qa
513 1856 616 1909 peste
650 1857 801 1909 privato
841 1857 1004 1895 consilio
1038 1856 1328 1908 rempublicam
1365 1856 1456 1907 (nec
1490 1855 1597 1893 enim
1638 1854 1722 1893 fieri

328 1924 460 1976 potuit
487 1923 616 1973 aliter)
654 1923 777 1961 Caesar
804 1923 1000 1962 liberavit.
1034 1924 1115 1975 Qi
1139 1923 1206 1961 nifi
1231 1923 1269 1960 in
1292 1921 1364 1960 hac
1387 1922 1588 1974 republica
1609 1930 1722 1960 natus

327 1989 443 2035 esset,
476 1989 765 2043 rempublicam
798 1989 938 2028 scelere
973 1990 1142 2027 Antonii
1177 1989 1329 2027 nullam
1363 1988 1611 2027 haberemus.
1659 1990 1722 2026 Sic

326 2055 434 2093 enim
455 2055 662 2108 perspicio,
696 2056 745 2093 fic
762 2055 916 2107 judico,
949 2055 1019 2093 nifi
1040 2068 1141 2093 unus
1163 2055 1383 2093 adolescens
1414 2054 1522 2092 illius
1553 2054 1721 2093 furentis

329 2122 501 2173 impetus
541 2122 903 2174 crudelissimosque
941 2131 1103 2160 conatus
1139 2121 1375 2161 cohibuisset
1390 2151 1400 2167 ,
1434 2122 1721 2175 rempublicam

329 2186 510 2226 funditus
533 2189 780 2226 interituram
801 2187 926 2227 fuiffe.
971 2190 1050 2227 Cui
1078 2189 1240 2241 quidem
1267 2188 1459 2227 hodierno
1480 2189 1557 2233 die,
1591 2189 1720 2226 Patres

329 2253 557 2305 conscripti,
593 2255 717 2305 (nunc
738 2254 845 2292 enim
866 2255 1041 2308 primum
1064 2256 1117 2293 ita
1136 2256 1410 2300 convenimus,
1444 2264 1487 2293 ut
1517 2254 1624 2292 illius
1652 2254 1721 2291 be·-

331 2319 473 2358 neficio
508 2320 701 2372 poffemus
718 2351 728 2366 ,
760 2336 846 2375 quae
882 2322 1110 2361 sentiremus
1128 2352 1137 2367 ,
1175 2323 1297 2360 libere
1332 2322 1477 2372 dicere)
1516 2321 1723 2359 tribuenda

330 2386 383 2424 est
403 2387 625 2432 auctoritas,
658 2397 702 2427 ut
723 2388 1010 2441 rempublicam
1033 2403 1110 2426 non
1133 2389 1251 2426 modo
1282 2403 1302 2425 a
1332 2389 1367 2426 se
1398 2389 1626 2440 susceptam,
1660 2386 1721 2423 scd

329 2453 450 2490 etiam
470 2466 491 2490 a
512 2453 625 2491 nobis
647 2454 979 2499 commendatam,
1013 2455 1125 2506 poffit
1147 2454 1367 2492 defendere.

389 2519 464 2557 ΙΙΙ.
499 2520 586 2558 Nec
608 2533 698 2558 vero
719 2520 766 2558 de
795 2519 950 2573 legione
979 2521 1124 2557 Martia
1148 2520 1354 2572 (quoniam
1376 2519 1496 2571 longo
1518 2517 1722 2556 intervallo

1283 2587 1321 2622 T
1354 2594 1367 2622 t
1399 2598 1420 2624 2
