2076 2860
356 206 429 246 132
831 187 1276 225 ORATIO

351 288 576 333 afficiendi3
612 300 688 324 non
711 284 864 336 gravior
884 285 933 322 L.
959 283 1173 328 Cornelio,
1206 296 1326 336 quam
1353 282 1492 322 multis
1517 282 1610 321 viris
1633 282 1747 321 bonis

351 363 468 406 atque
489 353 674 395 fortibus,
698 349 883 388 constitui
904 350 968 387 lex
989 350 1077 387 vitae
1093 358 1132 387 et
1148 349 1326 387 conditio
1343 348 1511 387 videtur.
1532 349 1599 386 Sin
1615 358 1747 386 autem

352 421 573 458 multorum
604 418 742 460 virtus,
775 416 997 466 ingenium,
1029 415 1269 459 humanitas,
1301 429 1349 453 ex
1376 414 1516 455 infimo
1543 429 1684 467 genere
1710 423 1750 452 et

351 486 519 524 fortunae
540 484 661 536 gradu
683 496 761 520 non
783 481 903 519 modo
924 482 1116 520 amicitias
1138 491 1176 520 et
1197 482 1250 519 rei
1272 481 1478 520 familiaris
1496 481 1628 534 copias
1649 494 1747 519 con-

352 552 481 589 secuta
512 550 578 594 est,
616 548 679 586 sed
709 548 905 586 summam
939 547 1111 592 laudem,
1142 546 1326 592 honores,
1359 547 1541 599 gloriam,
1574 547 1747 598 dignita-

352 626 462 661 tem;
496 629 575 653 non
605 614 788 665 intelligo
804 643 814 658 ,
847 627 917 651 cur
945 613 1078 665 potius
1108 613 1257 650 invidia
1275 613 1468 651 violatura
1487 613 1676 651 virtutem
1697 613 1748 650 L.

353 682 546 726 Cornelii,
564 694 684 733 quam
700 680 860 732 aequitas
882 678 1003 717 vestra
1022 679 1215 731 pudorem
1235 679 1267 730 ej
1277 692 1318 716 us
1340 678 1533 731 adjutura,
1556 678 1747 717 videatur.

354 750 507 801 Itaque,
539 746 646 799 quod
667 746 839 783 maxime
860 744 1076 797 petendum
1097 744 1164 790 est,
1196 758 1217 782 a
1237 744 1349 782 vobis
1371 744 1520 782 idcirco
1541 758 1620 782 non
1642 754 1747 796 pet0‚

353 815 530 866 Judices,
563 827 611 851 ne
645 812 692 850 de
727 812 847 850 vestra
881 812 1081 864 sapientia,
1113 820 1230 864 atque
1260 811 1307 848 de
1337 810 1459 848 vestra
1486 809 1749 855 humanitate,

354 881 534 919 dubitare
553 879 697 917 videar.
740 878 809 916 Est
838 888 970 915 autem
999 877 1230 930 petendum,
1262 890 1310 914 ne
1345 877 1505 915 oderitis
1527 877 1750 929 ingenium,

355 960 404 985 ne
425 945 581 984 inimici
602 945 681 983 fitis
712 944 924 988 industriae,
957 957 1005 980 ne
1035 942 1325 981 humanitatem
1355 943 1672 995 opprimendam,
1705 955 1753 981 ne

355 1013 545 1051 virtutem
567 1010 823 1064 puniendam,
853 1010 1016 1062 putetis.
1050 1009 1157 1047 Illud
1177 1018 1284 1062 peto,
1316 1017 1375 1054 ut,
1407 1009 1434 1046 fi
1455 1009 1608 1047 causam
1629 1008 1753 1061 ipsam

356 1092 424 1132 per
454 1078 490 1116 se
520 1077 676 1115 firmam
706 1075 778 1113 effe
807 1085 845 1113 et
875 1075 1054 1113 stabilem
1074 1075 1266 1120 videritis,
1298 1073 1474 1112 hominis
1496 1074 1614 1127 ipfius
1635 1087 1751 1112 orna-

355 1154 489 1182 menta
503 1144 732 1196 adjumento
748 1141 867 1180 causae
884 1142 1032 1193 potius,
1047 1155 1167 1194 quam
1180 1141 1484 1193 impedimento,
1500 1141 1572 1179 effe
1587 1140 1751 1179 malitis.

414 1210 531 1247 VIII.
565 1208 765 1251 Nascitur,
784 1206 960 1258 Judices,
983 1206 1093 1244 causa
1114 1206 1292 1244 Cornelii
1313 1220 1360 1243 ex
1381 1219 1424 1243 ea
1443 1206 1544 1258 Iege,
1562 1219 1682 1259 quam
1699 1206 1749 1244 L.

359 1275 532 1319 Gellius,
556 1275 633 1311 Cn.
649 1272 874 1317 Cornelius,
897 1286 943 1310 ex
965 1272 1117 1310 senatus
1138 1271 1329 1309 sententia
1349 1272 1547 1310 tulerunt:
1571 1285 1648 1324 qua
1667 1272 1755 1323 Iege

358 1341 537 1380 videmus
560 1341 646 1378 satis
668 1339 739 1378 effe
760 1339 949 1384 sanetum,
982 1339 1041 1376 uti
1062 1339 1166 1377 cives
1189 1339 1361 1377 Romani
1383 1338 1457 1376 sint
1478 1338 1521 1383 ii,
1551 1351 1650 1390 quos
1673 1339 1749 1377 Cn.

360 1407 573 1460 Pompeius
609 1406 655 1443 de
690 1405 841 1443 confilii
877 1404 1066 1442 sententia
1100 1404 1302 1456 sigillatim
1337 1404 1496 1441 civitate
1535 1404 1752 1442 donaverit.

359 1474 565 1512 Donatum
585 1471 657 1509 effe
679 1472 727 1509 L.
753 1470 987 1508 Cornelium
1008 1470 1170 1523 praesens
1194 1470 1406 1522 Pompeius
1427 1469 1553 1514 dicit3
1578 1470 1755 1507 indicant

359 1539 529 1592 publicae
551 1538 692 1576 tabulae
710 1556 720 1582 ;
754 1536 951 1574 accusator
978 1536 1148 1575 fatetur:
1183 1536 1245 1574 sed
1266 1546 1381 1588 negat
1401 1550 1448 1574 ex
1470 1535 1659 1574 foederato
1679 1550 1754 1589 po-

357 1606 453 1657 pulo
474 1617 716 1658 quemquam
737 1602 916 1654 potuiffe,
936 1602 1006 1640 nisi
1028 1603 1059 1640 is
1082 1603 1252 1655 populus
1274 1601 1422 1641 fundus
1443 1601 1568 1641 faetus
1585 1601 1690 1647 effet,
1713 1603 1754 1640 in

356 1671 458 1709 hane
479 1671 682 1708 civitatem
702 1669 848 1707 venire.

413 1737 450 1774 O
474 1736 703 1788 praeclarum
725 1735 979 1786 interpretem
996 1735 1113 1787 juris,
1145 1737 1343 1773 auetorem
1370 1735 1632 1788 antiquitatIS,
1664 1748 1754 1773 cor-

359 1804 546 1839 re&orem
569 1810 685 1852 atque
706 1800 998 1838 emendatorem
1020 1800 1155 1838 nostrae
1176 1801 1369 1838 civitatis!
1394 1802 1463 1852 qui
1481 1800 1581 1838 hanc
1598 1815 1757 1853 poenam

359 1866 575 1904 foederibus
597 1865 787 1902 adscribat
801 1893 812 1908 ,
844 1873 887 1901 ut
909 1864 1090 1902 omnium
1111 1865 1365 1916 praemiorum
1393 1864 1757 1916 beneficiorumque

360 1932 579 1969 nostrorum
601 1939 778 1982 expertes
800 1928 916 1966 faciat
937 1928 1160 1967 foederatos.
1180 1929 1290 1981 Qid
1306 1930 1413 1967 enim
1429 1929 1560 1982 potuit
1577 1929 1656 1967 dici
1677 1930 1757 1967 im-

360 1997 540 2050 peritius,
571 2009 690 2048 quam
712 1994 919 2034 foederatos
942 1995 1109 2048 populos
1132 1994 1216 2033 fieri
1237 1994 1382 2033 fundos
1405 2004 1583 2047 oportere
1603 1996 1615 2033 ?
1649 1996 1757 2034 Nam

360 2064 401 2101 id
423 2077 501 2100 non
523 2062 648 2113 magis
669 2061 722 2098 est
743 2061 948 2114 proprium
969 2060 1264 2106 foederatorum,
1297 2075 1416 2114 quam
1443 2061 1626 2099 omnium
1654 2061 1757 2100 libe-

363 2142 511 2166 rorum.
546 2127 617 2165 Sed
641 2136 769 2164 totum
791 2126 882 2171 hoc,
906 2126 1080 2177 Judices,
1110 2127 1151 2164 in
1173 2140 1214 2165 ea
1235 2126 1313 2165 fuit
1333 2127 1503 2180 positum
1525 2127 1675 2179 semper
1695 2141 1756 2165 ra-

362 2196 471 2232 tione
491 2203 608 2246 atque
630 2193 832 2237 sententia,
865 2202 923 2238 ut,
955 2206 1048 2230 cum
1070 2193 1231 2245 juffiffet
1257 2194 1428 2246 populus
1457 2194 1661 2232 Romanus
1683 2195 1757 2232 ali-

364 2261 484 2313 quid;
505 2261 529 2297 si
547 2260 586 2297 id
603 2258 845 2297 adscivissent
863 2258 956 2296 socii
973 2259 1127 2312 populi,
1144 2273 1187 2297 ac
1205 2260 1353 2304 Latini,
1369 2269 1422 2305 et,
1440 2260 1466 2297 fi
1483 2273 1526 2298 ea
1540 2260 1618 2305 lex,
1637 2274 1757 2313 quam

366 2341 434 2364 nos
457 2326 704 2369 haberemus,
736 2324 870 2362 eadem
900 2325 940 2361 in
972 2325 1120 2377 populo
1150 2325 1299 2378 aliquo,
1331 2335 1518 2378 tanquam
1547 2327 1586 2365 in
1615 2325 1756 2372 fundo,

366 2392 580 2435 resediffet3
614 2401 657 2428 ut
680 2402 765 2428 tum
786 2390 871 2443 lege
891 2389 1025 2428 cadem
1042 2391 1074 2428 is
1096 2391 1266 2444 populus
1289 2401 1511 2431 teneretur:
1546 2406 1625 2430 non
1647 2401 1691 2430 ut
1711 2392 1758 2430 de

367 2459 495 2497 nostro
510 2459 598 2510 jure
619 2457 769 2510 aliquid
790 2457 1061 2502 minueretur5
1096 2457 1158 2495 sed
1189 2467 1231 2496 ut
1260 2458 1319 2496 illi
1347 2458 1485 2511 populi
1506 2467 1571 2497 aut
1586 2459 1675 2510 jure
1695 2471 1756 2504 eo,
