2076 2860
304 182 377 223 106
686 176 1308 222 ORAT10,&c.

357 283 477 336 Qod
498 295 592 320 cum
612 280 731 333 hujus
752 278 864 317 vobis
886 277 1187 319 adolescentiam
1208 275 1490 329 proposueritis
1506 305 1517 321 ,
1549 274 1697 315 consti-

299 350 445 388 tuitote
461 348 572 387 vobis
589 357 677 384 ante
693 345 830 383 oculos
846 345 965 382 etiam
980 343 1098 396 hujus
1116 343 1247 384 miseri
1264 342 1520 387 senectutem,
1534 341 1605 394 qui
1620 340 1698 378 hoc

300 416 420 454 unico
441 414 525 459 filio
546 413 702 456 nititur,
734 411 775 449 in
796 409 916 463 hujus
938 409 1002 462 spe
1023 408 1246 461 requiescit,
1278 407 1397 461 hujus
1426 409 1544 449 unius
1566 407 1699 447 casum

300 480 566 534 pertimescit:
599 491 720 530 quem
740 490 808 515 vos
830 476 1051 529 supplicem
1071 475 1201 514 vestrae
1222 471 1514 520 misericordiae,
1545 473 1700 512 servum

300 547 514 601 potestatis,
546 545 744 597 abjectum
765 557 845 581 non
867 552 947 581 tam
968 541 1015 580 ad
1035 542 1168 595 pedes,
1191 555 1311 594 quam
1332 541 1379 579 ad
1399 555 1529 580 mores
1549 538 1698 578 sensus-

300 627 377 665 que
396 611 555 656 νεὼ-οε,
586 609 647 647 vel
679 608 948 647 recordatione
967 617 1178 661 parentum
1197 607 1428 653 vestrorum,
1459 607 1519 646 vel
1551 605 1699 644 libero—

303 692 390 716 rum
406 676 674 730 jucunditate‚
691 675 919 720 sustentate5
944 683 987 713 ut
1003 674 1044 712 in
1061 673 1219 716 alterius
1237 673 1371 711 dolore
1386 673 1447 712 vel
1468 672 1620 725 pietati,
1638 671 1701 710 vel

302 743 561 797 indulgentiae
576 741 720 787 vestrae,
739 741 924 780 serviatis.
944 740 1100 786 Nolite,
1118 739 1296 792 JudiceS‚
1313 748 1380 778 aut
1399 738 1508 779 hunc
1524 739 1609 790 jam
1629 750 1699 775 na-

302 820 391 850 tura
410 810 491 863 ipsa
510 808 759 848 occidentem
774 837 785 853 ,
817 807 918 845 velle
947 806 1140 845 maturius
1165 806 1347 858 extingui
1367 804 1527 844 vulnere
1551 802 1674 843 vestro
1689 831 1703 847 ,

304 890 426 929 quam
447 875 514 914 suo
534 874 617 913 fato
633 893 644 920 3
678 884 744 912 aut
763 873 872 912 hunc
894 886 1000 912 nunc
1021 873 1198 925 primum
1222 871 1492 910 florescentem
1506 899 1519 916 ‚
1550 869 1704 909 firmata

299 945 385 996 jam
405 943 522 995 stirpe
542 942 714 986 virtutis,
738 950 925 992 tanquam
947 939 1105 978 turbine
1125 939 1274 991 aliquo,
1296 947 1363 976 aut
1384 938 1512 976 subita
1532 935 1703 989 tempes-

305 1019 399 1055 tate,
422 1018 653 1062 pervertere.
688 1007 923 1045 Conservate
943 1005 1097 1059 parenti
1118 1004 1263 1050 filium,
1286 1012 1488 1057 parentem
1510 1003 1594 1042 filio
1612 1017 1622 1041 z
1655 1015 1705 1041 ne

305 1084 373 1113 aut
404 1074 643 1112 senectutem
666 1074 750 1126 jam
777 1087 899 1126 prope
929 1071 1168 1125 desperatam
1195 1068 1490 1122 contempfiffe‚
1521 1077 1589 1107 aut
1607 1066 1704 1106 ado-

306 1140 534 1180 lescentiam
564 1140 723 1193 plenam
755 1139 836 1193 spei
866 1139 1049 1177 maximae
1081 1150 1160 1176 non
1192 1136 1312 1176 modo
1343 1149 1425 1174 non
1456 1134 1589 1175 aluiffe
1619 1147 1705 1179 vos,

308 1206 373 1245 sed
392 1207 512 1245 etiam
531 1205 751 1259 perculisse,
774 1215 891 1258 atque
911 1203 1102 1249 afflixisse,
1125 1202 1353 1241 videamini.
1371 1203 1504 1254 Qem
1526 1201 1555 1240 fi
1573 1201 1705 1246 vobis,

309 1274 335 1312 si
356 1273 449 1318 suis,
481 1273 507 1311 si
529 1273 756 1325 reipublicae
777 1272 1028 1316 conservatis,
1060 1270 1275 1314 addietum,
1308 1269 1505 1314 dedittun,
1535 1267 1703 1306 obstric-

310 1350 412 1385 tum,
427 1340 538 1377 vobis
555 1353 597 1376 ac
614 1339 748 1378 liberis
765 1339 896 1377 vestris
913 1337 1109 1376 habebitis
1123 1356 1134 1382 ;
1152 1337 1414 1388 omniumque
1430 1335 1549 1388 hujus
1563 1347 1705 1373 nervo*

311 1419 399 1444 rum
421 1419 464 1444 ac
485 1406 665 1444 laborum
686 1419 753 1444 vos
774 1405 1034 1458 potiffimum,
1067 1404 1243 1455 judices,
1276 1402 1426 1442 fructus
1455 1402 1593 1440 uberes
1613 1399 1705 1439 diu-

312 1471 524 1525 turnosque
545 1473 721 1524 capietis.
