2076 2860
630 163 1207 205 PHILIPPICA
1286 164 1336 203 v.
1609 180 1686 220 359

343 267 418 306 IX.
442 267 536 318 Qo
557 266 624 304 ille
645 266 787 304 nuntio
808 265 956 310 audito,
975 279 1069 303 cum
1087 265 1264 304 senatum
1280 267 1458 312 vocass'et,
1477 266 1682 307 adhibuis-

285 333 420 386 setque
440 332 698 377 consularem,
731 332 801 384 qui
823 331 888 370 sua
907 331 1099 370 sententia
1119 333 1168 370 C.
1189 329 1380 371 Caesarem
1402 332 1554 372 hostem
1570 335 1683 387 judi-

285 408 404 444 caret,
437 407 595 450 repente
625 398 816 436 concidit.
864 397 954 435 Post
974 406 1120 443 autem,
1153 412 1281 451 neque
1302 398 1500 438 sacrificiis
1523 400 1685 439 sollem-

282 464 401 502 nibus
436 462 563 508 factis,
596 477 723 516 neque
755 464 856 501 votis
889 464 1142 516 nuncupatis,
1176 477 1255 502 non
1288 464 1486 517 profectus
1518 465 1585 511 est,
1619 466 1683 504 sed

284 528 480 582 profugit,
512 529 736 582 paludatus.
769 531 826 567 At
846 531 954 582 quo?
986 530 1027 567 in
1048 531 1294 582 provinciam
1315 530 1627 570 firmiffimorum
1648 542 1688 571 et

285 594 587 633 fortiffimorum
609 596 787 641 civium;
820 596 890 648 qui
911 595 1043 640 illum,
1067 609 1115 633 ne
1137 595 1162 633 fi
1185 596 1238 634 ita
1259 596 1423 648 quidem
1443 598 1618 643 veniffet,
1642 607 1687 636 ut

285 661 447 699 nullum
467 661 620 699 bellum
641 660 818 706 inferret,
841 660 941 698 ferre
962 661 1189 713 potuiffent‚
1212 663 1492 714 impotentem,
1525 664 1684 702 iracun-

284 727 396 772 dum,
429 727 777 773 contumeliosum,
810 728 1037 780 superbum,
1070 728 1221 780 semper
1255 728 1496 780 poscentem,
1534 729 1686 783 semper

285 794 518 846 rapientem,
552 794 702 847 semper
721 794 892 832 ebrium.
926 795 981 831 At
1002 794 1085 838 ille,
1117 795 1230 845 cujus
1253 808 1301 832 ne
1322 804 1499 846 pacatam
1520 796 1684 848 quidem

285 860 507 912 nequitiam
545 860 755 912 quisquam
788 859 890 897 ferre
923 860 1046 912 posset
1060 888 1071 904 ,
1108 859 1261 898 bellum
1296 860 1436 898 intulit
1470 862 1683 914 provinciae

286 925 453 970 Galliae;
477 925 729 964 circumsedit
751 925 971 970 Mutinam,
994 925 1254 964 firmiffimam
1274 935 1312 963 et
1334 926 1683 979 splendidissimam

283 990 423 1043 populi
443 991 618 1028 Romani
638 991 859 1036 coloniam,
883 1000 1087 1043 oppugnat
1108 992 1162 1029 D.
1180 992 1364 1037 Brutum,
1388 993 1681 1045 imperatorem,

282 1056 486 1094 consulem
507 1056 765 1109 defignatum,
784 1057 913 1095 civem
934 1071 1014 1094 non
1035 1057 1121 1103 fibi,
1144 1057 1207 1095 sed
1229 1058 1359 1103 nobis,
1379 1069 1416 1096 et
1438 1060 1680 1112 reipublicae,

279 1130 435 1160 natum.

339 1189 449 1240 Ergo
471 1187 648 1226 Annibal
668 1187 806 1232 hostis,
838 1188 935 1226 civis
966 1188 1168 1226 Antonius
1189 1190 1201 1226 ?
1233 1190 1331 1242 quid
1352 1191 1419 1228 ille
1442 1191 1536 1229 fecit
1558 1191 1681 1230 hosti-

283 1253 389 1298 liter,
421 1253 528 1305 quod
549 1252 616 1290 hic
638 1267 717 1290 non
738 1262 804 1290 aut
825 1252 978 1298 fecerit,
1010 1263 1076 1292 aut
1101 1253 1234 1299 faciat,
1266 1256 1468 1302 moliatur,
1500 1267 1538 1295 et
1568 1259 1680 1310 cogi-

284 1319 374 1356 tet?
421 1319 576 1356 Totum
606 1318 680 1355 iter
709 1319 878 1355 Antonii
911 1319 1009 1371 quid
1038 1318 1205 1365 habuit,
1238 1321 1307 1358 nisi
1339 1322 1678 1374 depopulationes,

282 1384 528 1430 vastationes,
560 1384 698 1429 caedes,
732 1385 916 1437 rapinas?
948 1399 1043 1438 quas
1067 1399 1145 1423 non
1176 1385 1344 1426 faciebat
1367 1390 1556 1435 Annibal,
1589 1392 1682 1443 quia

282 1451 412 1488 multa
432 1451 480 1488 ad
501 1451 615 1489 usum
636 1451 863 1489 reservabat.
902 1452 957 1489 At
978 1451 1035 1497 hi,
1069 1453 1138 1504 qui
1158 1453 1199 1490 in
1221 1452 1359 1492 horam
1380 1456 1568 1501 viverent,
1601 1471 1680 1494 non

282 1517 404 1555 modo
425 1517 472 1554 de
492 1516 664 1556 fortunis
685 1527 723 1556 et
745 1517 791 1555 de
812 1518 926 1555 bonis
948 1519 1112 1563 civium,
1145 1519 1208 1556 sed
1239 1534 1286 1557 ne
1316 1521 1362 1558 de
1394 1522 1565 1560 utilitate
1587 1524 1678 1574 qui-

283 1583 376 1622 dem
394 1583 474 1628 sua,
493 1585 780 1636 cogitaverunt.
803 1584 868 1622 Ad
889 1584 996 1622 hunc
1021 1586 1111 1637 (Dii
1134 1585 1269 1636 boni!)
1294 1587 1441 1638 legatos
1463 1589 1571 1626 mitti
1593 1590 1680 1641 pla-

282 1650 378 1687 cet?
411 1659 556 1687 norunt
587 1650 647 1687 isti
677 1649 858 1688 homines
890 1649 1061 1688 formam
1085 1651 1328 1704 reipublicae,
1354 1654 1444 1705 jura
1465 1654 1575 1699 belli,
1607 1669 1677 1693 ex-

284 1715 416 1767 empla
436 1716 660 1767 majorum?
683 1717 874 1768 cogitant,
898 1717 993 1767 quid
1015 1717 1154 1769 populi
1176 1719 1349 1756 Romani
1370 1719 1559 1769 majestas,
1583 1721 1679 1772 quid

283 1781 436 1819 senatus
458 1782 650 1827 severitas,
673 1782 872 1834 postulet?
896 1783 1065 1835 Legatos
1087 1782 1262 1821 decernis
1283 1799 1290 1822 :
1316 1785 1357 1829 si,
1381 1794 1424 1822 nt
1445 1786 1677 1837 depreceriS,

283 1857 543 1894 contemnet,-
576 1849 626 1893 fi,
660 1858 703 1886 ut
738 1849 932 1901 impere3‚
965 1863 1044 1887 non
1079 1849 1237 1888 audiet:
1271 1850 1466 1903 denique,
1499 1854 1678 1904 quamvis

285 1913 410 1952 severa
443 1914 582 1966 legatis
614 1915 796 1954 mandata
830 1915 1067 1961 dederimus,
1100 1930 1246 1954 nomen
1279 1917 1408 1969 ipsum
1442 1918 1675 1969 legatorum,

282 1977 419 2025 hunc,
450 1994 570 2032 quem
605 1980 810 2025 videmus,
842 1981 981 2032 populi
1015 1982 1186 2019 Romani
1222 1982 1436 2035 restinguet
1470 1983 1675 2030 ardorem;

282 2046 595 2098 municipiorum
617 2056 734 2098 atque
765 2047 886 2084 Italiae
908 2046 1062 2099 franget
1083 2048 1250 2087 animos.
1295 2050 1351 2086 Ut
1372 2050 1555 2087 omittam
1577 2049 1676 2095 haec,

284 2124 371 2162 quae
400 2125 543 2163 magna
571 2112 688 2156 sunt,
720 2122 824 2149 certe
854 2112 922 2149 ista
951 2113 1094 2165 legatio
1115 2128 1266 2152 moram
1296 2124 1335 2152 et
1364 2116 1588 2154 tarditatem
1616 2116 1676 2154 af-

285 2174 384 2213 feret
406 2176 526 2215 bello.
571 2177 763 2228 Qamvis
785 2178 932 2223 dicant,
964 2178 1070 2231 quod
1104 2180 1292 2232 quosdam
1325 2181 1441 2220 audio
1473 2182 1673 2228 dictur035

286 2242 426 2293 Legati
448 2241 756 2293 proficiscantur,
790 2243 941 2282 bellum
963 2244 1226 2284 nihilominus
1248 2256 1431 2299 paretur;
1466 2257 1595 2284 tamen
1617 2247 1676 2285 le-

284 2316 468 2359 gatorum
489 2321 634 2346 nomen
656 2308 786 2360 ipsum
807 2318 845 2347 et
865 2312 1016 2349 animos
1038 2312 1208 2358 molliet,
1240 2322 1278 2352 et
1310 2313 1404 2351 belli
1435 2313 1676 2352 celeritatem

283 2373 519 2411 morabitur.
887 2378 890 2379 ’

341 2439 394 2478 X.
428 2439 614 2478 Minimis
637 2443 865 2487 momenti&
894 2442 1029 2484 Patres
1051 2442 1279 2495 conscripti,
1303 2445 1484 2483 maximae
1506 2443 1675 2482 inclina-
