2076 2860
418 267 525 308 332.
770 255 847 294 IN
906 256 970 295 M.
1032 256 1459 295 ANTONIUM

417 356 529 409 loqui
552 356 666 396 nobis
688 357 735 396 de
756 358 958 410 republica
986 358 1098 409 licet)
1134 358 1235 396 fileri
1267 358 1407 412 potest.
1441 358 1544 411 Qis
1573 358 1681 398 enim
1714 372 1816 398 unus

417 421 572 468 fortior,
592 424 680 475 quis
702 423 866 463 amicior
884 438 1058 477 unquam
1077 424 1304 478 reipublicae
1325 424 1418 470 fuit,
1434 439 1555 478 quam
1575 425 1681 477 legio
1702 423 1816 464 Mar-

419 490 472 527 tia
504 490 678 527 universa
698 492 710 528 ?
743 505 829 543 quae
858 505 951 529 cum
972 490 1123 529 hostem
1145 492 1285 544 populi
1307 492 1480 530 Romani
1502 493 1566 531 M.
1590 493 1817 531 Antonium

410 555 631 607 judicasset,
654 571 786 596 comes
808 557 880 596 esse
901 558 983 610 ejus
1006 558 1186 596 amentiae
1208 558 1338 596 noluit
1358 574 1366 596 :
1400 558 1563 610 reliquit
1584 559 1814 603 consulem;

417 622 524 674 quod
546 622 723 676 profecto
745 638 824 662 non
846 624 1010 670 fecisset,
1043 625 1067 663 fi
1095 639 1186 663 eum
1215 624 1419 663 consulem
1444 625 1667 678 judicasset,
1699 639 1820 678 quem

418 687 521 726 nihil
543 689 649 727 aliud
671 704 796 742 agere,
829 689 932 729 nihil
954 690 1102 737 moliri,
1135 691 1206 730 nifi
1228 691 1374 729 caedem
1395 691 1546 730 civium
1567 700 1683 744 atque
1713 692 1818 729 inte-

418 754 542 793 ritum
563 756 750 802 civitatis,
782 757 942 796 videret.
977 759 1112 811 Atque
1136 771 1179 796 ea
1199 757 1303 809 legio
1320 757 1500 796 'consedit
1522 758 1651 796 Albae.
1686 759 1821 810 Qam

418 822 553 874 potuit
574 823 714 861 urbem
734 824 878 876 eligere
907 833 974 862 aut
1004 825 1331 878 opportuniorem
1352 824 1399 862 ad
1428 838 1487 862 res
1521 824 1722 878 gerendas,
1754 833 1821 863 aut

420 887 654 935 fideliorem,
682 900 748 928 aut
769 889 982 929 fortiorum
1002 892 1193 937 virorum,
1217 900 1283 929 aut
1303 891 1540 930 amiciorum
1559 891 1710 944 populo
1732 891 1818 929 Ro-

420 967 539 992 mano
560 956 709 994 civium
726 957 739 994 ?

477 1021 658 1074 Hujusce
692 1022 860 1075 legionis
895 1023 1085 1061 virtutem
1118 1024 1272 1062 imitata
1305 1033 1442 1076 quarta
1474 1023 1595 1076 legio,
1632 1023 1732 1061 duce
1766 1024 1817 1064 L.

422 1087 663 1140 Egnatuleio
697 1089 905 1142 quaestore,
937 1090 1021 1127 cive
1056 1091 1210 1143 optimo
1245 1099 1283 1127 et
1317 1089 1551 1135 fortiffimo,
1585 1091 1634 1129 C.
1660 1089 1819 1128 Caesaris

422 1155 695 1193 auctoritatem
730 1165 848 1208 atque
882 1156 1101 1195 exercitum
1137 1156 1336 1209 persecuta
1369 1156 1435 1194 est.
1489 1156 1733 1194 Faciendum
1767 1155 1822 1194 est

421 1219 547 1272 igitur
567 1220 697 1266 nobis,
731 1221 862 1259 Patres
884 1221 1112 1274 conscripti,
1145 1230 1189 1260 ut
1216 1235 1272 1267 ea,
1305 1236 1390 1274 quae
1412 1221 1477 1259 sua
1498 1221 1634 1274 sponte
1655 1221 1816 1259 clariffi-

422 1299 511 1324 mus
534 1286 754 1325 adolescens
776 1297 892 1339 atque
913 1288 1096 1325 omnium
1117 1287 1448 1340 praestantiffimus
1478 1287 1603 1339 gessit,
1635 1297 1673 1325 et
1702 1287 1820 1339 gerit,

422 1351 507 1390 haec
528 1354 756 1392 andtoritate
777 1354 903 1392 nostra
924 1354 1264 1407 comprobentur;
1296 1363 1663 1406 veteranorumque,
1686 1353 1821 1392 fortis-

423 1418 611 1458 fimorum
634 1421 823 1465 virorum,
856 1430 944 1458 tum
969 1420 1137 1473 legionis
1170 1420 1328 1459 Martiae
1355 1429 1595 1473 quartaeque,
1628 1420 1821 1458 mirabilis

423 1485 631 1523 consensus
664 1486 710 1523 ad
738 1486 1028 1539 rempublicam
1056 1486 1361 1539 recuperandam
1392 1486 1505 1524 laude
1532 1495 1571 1525 et
1593 1486 1821 1524 testimonio

424 1550 554 1588 nostro
589 1552 873 1597 confirmetur,
907 1566 1122 1604 eorumque
1155 1551 1385 1596 commoda,
1418 1551 1608 1597 honores,
1639 1552 1818 1604 praemia,

424 1630 518 1654 cum
539 1617 717 1655 consules
740 1617 928 1670 designati
949 1618 1218 1671 magistratum
1240 1619 1417 1663 inierint,
1449 1631 1550 1655 curae
1577 1618 1691 1655 nobis
1721 1616 1820 1664 fore,

422 1681 616 1721 hodierno
636 1683 699 1721 die
720 1683 994 1737 spondeamus,

480 1750 554 1787 IV.
578 1750 712 1802 Atque
733 1764 775 1788 ea
795 1750 974 1803 quidem,
993 1765 1079 1803 quae
1100 1750 1183 1789 dixi
1204 1750 1251 1788 de
1273 1750 1434 1795 Caesaoe,
1457 1749 1584 1803 deque
1604 1750 1687 1802 ejus
1709 1763 1820 1788 exer-

424 1816 523 1868 citu,
541 1815 695 1866 jamdiu
718 1825 809 1853 nota
829 1817 918 1854 sunt
940 1816 1070 1854 nobis.
1094 1817 1254 1854 Virtute
1271 1816 1378 1854 enim
1399 1816 1623 1854 admirabili
1646 1817 1820 1862 Caesaris,

425 1868 729 1933 constantiaque*
746 1882 925 1919 militum
952 1892 1240 1926 veteranorum,
1272 1882 1557 1935 legionumque
1586 1896 1719 1920 earum
1747 1897 1821 1935 op—

426 1949 527 1986 timo
542 1947 712 1999 judiciO,
731 1962 816 2000 quae
837 1946 1109 1986 auetorita'tem
1130 1948 1314 1993 nostram,
1333 1948 1556 1986 libertatem
1576 1948 1714 2001 populi
1735 1948 1820 1986 Ro-

428 2014 550 2059 mani,
574 2014 762 2051 virtutem
785 2015 833 2052 C.
860 2014 1018 2053 Caesaris
1041 2015 1179 2053 secutae
1202 2014 1305 2060 sunt,
1328 2028 1348 2052 a
1367 2014 1587 2053 cervicibus
1610 2014 1748 2052 nostris
1769 2015 1823 2053 est

426 2079 610 2132 depulsus
632 2081 848 2119 Antonius.
884 2081 970 2126 Sed,
994 2090 1037 2119 ut
1059 2081 1157 2126 dixi,
1189 2080 1272 2119 haec
1294 2080 1515 2134 superiora:
1549 2079 1626 2119 hoc
1647 2094 1737 2119 vero
1759 2094 1820 2118 re·-

427 2160 518 2185 cens
547 2145 720 2184 edietum
749 2147 803 2185 D.
827 2148 955 2192 Bruti,
979 2147 1084 2200 quod
1107 2148 1224 2200 paulo
1245 2157 1333 2185 ante
1353 2147 1597 2200 propositum
1619 2147 1686 2192 est,
1719 2155 1824 2186 certe

428 2212 580 2251 filentio
602 2225 679 2249 non
706 2213 831 2264 potest
858 2214 1061 2266 praeteriri.
1107 2213 1323 2251 Pollicetur
1355 2214 1477 2259 enim,
1510 2213 1546 2251 se
1577 2214 1822 2266 provinciam

428 2279 602 2317 Galliam
636 2287 881 2317 retenturum
912 2281 950 2317 in
985 2280 1137 2318 senatus
1169 2281 1389 2333 populique
1418 2280 1590 2318 Romani
1618 2280 1820 2332 potestate.

428 2346 465 2383 O
488 2346 614 2383 civem
641 2355 778 2383 natum
807 2347 1048 2399 reipublicae,
1081 2360 1298 2385 memorem
1332 2346 1388 2384 sui
1421 2347 1610 2392 nominis,
1643 2346 1820 2385 imitato-

428 2425 589 2464 remque
611 2412 806 2463 majorum
824 2412 830 2450 !
856 2413 1000 2464 Neque
1021 2413 1143 2457 enim,
1162 2413 1385 2465 Tarquinio
1405 2412 1583 2467 expulso,
1606 2412 1821 2465 majoribus

428 2477 565 2515 nostris
599 2487 679 2515 tam
709 2477 787 2516 fuit
819 2488 953 2532 optata
983 2479 1157 2524 libertas,
1189 2493 1309 2532 quam
1341 2479 1408 2525 est,
1442 2468 1596 2532 repulso
1625 2478 1820 2523 Antonio,

426 2543 628 2581 retinenda
649 2544 778 2583 nobis.
