2076 2860
652 177 793 216 PRO
854 176 923 228 Q
971 167 1317 213 LIGARIO.
1610 187 1688 226 255

282 281 525 335 optimarum
539 309 549 325 ,
583 288 675 317 nota
694 279 785 316 sunt
805 277 910 316 mihi
930 277 1079 316 omnia.
1113 278 1253 329 Itaque
1273 285 1381 314 certo
1402 275 1496 320 scio,
1520 289 1587 313 vos
1610 290 1690 315 non

282 357 414 401 petere
435 346 666 399 sanguinem
685 360 694 383 ι
728 345 792 382 sed
822 357 962 397 parum
983 343 1188 382 attenditis
1209 359 1217 382 ε
1252 357 1310 381 res
1332 343 1440 381 enim
1461 357 1507 381 eo
1529 343 1687 396 spedtat‚

283 423 328 452 ut
351 426 394 451 ea
413 426 545 465 poena,
577 413 619 449 in
641 424 719 464 qua
739 410 868 448 adhuc
891 410 1154 462 QLigarius
1188 409 1248 455 fit,
1280 424 1360 448 non
1382 409 1597 449 videamini
1618 411 1691 448 esse

279 479 475 518 contenti.
500 480 601 532 Qae
621 477 675 516 est
695 477 819 530 igitur
839 477 928 522 alia,
951 486 1090 530 praeter
1111 486 1282 515 mortem
1303 477 1315 514 ?
1349 477 1388 514 Si
1409 477 1517 514 enim
1539 477 1580 515 in
1602 477 1687 516 exi-

277 545 338 585 lio
369 546 438 592 est,
469 546 585 585 sicuti
616 544 685 590 est,
717 544 814 597 quid
842 544 1013 597 amplius
1044 543 1282 597 postulatis?
1316 544 1396 589 An,
1431 557 1478 582 ne
1508 543 1688 596 ignosca-

281 615 373 653 tur?
397 614 492 652 Hoc
513 627 604 652 vero
625 611 756 651 multo
777 611 971 656 acerbius,
993 611 1204 664 multoque
1224 611 1277 648 est
1299 610 1450 649 durius.
1475 611 1597 663 Qod
1618 626 1689 650 nos

281 680 393 719 domi
419 681 594 733 petimus
609 709 621 725 ,
653 678 838 732 precibus
859 687 899 716 et
919 678 1104 730 lacrymis
1121 707 1131 723 ,
1164 677 1344 730 prostrati
1365 677 1412 714 ad
1434 678 1549 730 pedes
1566 708 1576 723 ,
1609 693 1690 718 non

281 755 365 786 tam
385 746 524 786 nostrae
543 745 665 784 causae
686 745 866 790 fidentes,
898 758 1019 796 quam
1039 743 1159 796 hujus
1180 743 1444 789 humanitati;
1478 744 1519 781 id
1541 758 1588 782 ne
1609 746 1690 783 im-

281 822 483 866 petremus
499 842 511 858 ,
543 811 739 865 pugnabis
759 813 772 849 ?
804 820 844 848 et
871 811 912 848 in
938 810 1116 848 nostrum
1137 809 1277 848 fletum
1297 809 1493 862 irrumpes
1514 811 1526 848 ἓ
1559 820 1597 849 et
1620 826 1689 850 nos

275 880 452 931 jacentes
474 878 521 917 ad
542 878 659 932 pedes
681 877 909 930 supplicum
929 890 1025 914 voce
1046 875 1279 929 prohibebis
1300 877 1313 913 ?

340 947 406 991 Si,
437 959 532 984 curn
565 944 644 983 hoc
679 944 792 982 domi
825 942 1044 982 faceremus
1060 972 1071 988 ,
1104 942 1212 996 quod
1247 951 1286 981 et
1320 941 1490 981 fecimus
1506 974 1517 989 ,
1550 953 1588 982 et
1603 974 1614 990 ‚
1648 954 1691 983 ut

282 1012 408 1065 spero,
440 1026 521 1050 non
541 1010 682 1050 frustra
701 1010 888 1056 fecimus,
921 1020 964 1048 tu
986 1010 1196 1063 derepente
1217 1009 1430 1063 irrupiffes,
1463 1020 1501 1048 et
1523 1011 1691 1050 clamare

282 1078 474 1132 coepifl‘es,
507 1079 558 1117 C.
584 1078 723 1124 Caesar,
755 1091 848 1116 cave
877 1077 1071 1130 ignoscas,
1103 1091 1195 1115 cave
1227 1087 1264 1115 te
1293 1076 1478 1123 fratrum,
1510 1092 1581 1130 pro
1608 1077 1689 1117 fra-

282 1145 353 1183 tris
379 1145 501 1183 salute
522 1144 815 1183 obsecrantium
831 1174 842 1190 ‚
874 1143 1130 1189 misereatur;
1164 1157 1296 1182 nonne
1317 1157 1479 1182 omnem
1500 1143 1689 1184 humani-

280 1222 404 1250 tatem
425 1212 589 1250 exuiffes
609 1213 621 1250 ?
655 1213 819 1263 Qanto
839 1211 917 1250 hoc
939 1212 1076 1250 durius
1092 1241 1103 1256 ,
1136 1211 1244 1264 quod
1265 1225 1336 1249 nos
1359 1211 1468 1250 domi
1489 1213 1662 1264 petimus
1678 1244 1690 1258 ,

282 1278 323 1315 id
345 1292 365 1315 a
386 1287 424 1316 te
444 1278 486 1315 in
506 1277 595 1315 foro
615 1278 838 1330 oppugnari
857 1279 870 1315 ?
902 1287 941 1315 et
962 1278 1003 1315 in
1025 1278 1094 1315 tali
1116 1277 1272 1315 miseria
1291 1278 1529 1324 multorum,
1553 1279 1689 1331 persu-

280 1345 395 1397 gium
416 1343 694 1382 misericordiae
713 1343 853 1382 tollere
871 1345 884 1381 ?

338 1411 485 1450 Dicam
506 1410 649 1463 plane,
682 1411 730 1449 C.
757 1410 907 1455 Caesar,
941 1409 1048 1463 quod
1070 1409 1208 1448 sentio.
1253 1410 1291 1447 Si
1322 1411 1363 1448 in
1393 1410 1467 1448 hac
1498 1421 1605 1450 tanta
1626 1422 1691 1450 tua

280 1476 443 1516 fortuna
463 1477 602 1515 lenitas
625 1486 735 1516 tanta
755 1491 834 1515 non
862 1476 967 1522 effet‚
1001 1486 1190 1528 quantam
1213 1486 1255 1514 tu
1278 1491 1346 1529 per
1368 1487 1420 1523 te,
1452 1492 1520 1531 per
1540 1488 1592 1524 te,
1624 1479 1690 1517 in-

282 1559 418 1598 quam,
451 1544 625 1589 obtines,
660 1545 875 1596 (intelligo
905 1543 1003 1596 quid
1034 1543 1190 1595 loquar)
1215 1544 1461 1582 acerbiffimo
1492 1545 1602 1583 lucau
1627 1560 1690 1583 re-

283 1611 476 1650 dundaret
497 1610 566 1648 ista
585 1611 761 1649 νίἑὶοτὶει.
795 1612 928 1663 Qam
950 1610 1070 1647 multi
1100 1611 1208 1648 enim
1238 1609 1357 1648 effent
1379 1610 1426 1648 de
1446 1611 1661 1650 iustioribus
1677 1643 1688 1658 ,

282 1678 355 1732 qui
383 1687 421 1716 te
454 1677 656 1716 crudelem
688 1677 761 1716 effe
792 1677 954 1722 vellent,
987 1690 1081 1715 cum
1113 1677 1233 1715 etiam
1267 1678 1313 1715 de
1345 1679 1457 1716 viCfis
1491 1680 1690 1731 reperian-

282 1746 382 1784 tur?
414 1758 534 1798 quam
554 1744 690 1790 multi,
723 1745 807 1798 qui,
840 1758 934 1782 cum
955 1758 977 1781 a
997 1752 1034 1781 te
1056 1745 1208 1782 nemini
1238 1745 1389 1796 ignosci
1415 1745 1577 1791 vellent,
1609 1747 1689 1784 im-

283 1811 466 1865 pedirent
496 1811 751 1850 clementiam
782 1820 906 1856 tuam,
938 1823 1032 1848 curn
1062 1810 1182 1848 etiam
1213 1811 1256 1856 ii,
1289 1811 1435 1864 quibus
1465 1812 1545 1865 ipse
1570 1813 1689 1866 igno-

283 1878 387 1924 visti,
418 1878 552 1917 nolint
571 1887 610 1916 te
629 1878 671 1916 in
692 1878 788 1916 alios
810 1877 883 1916 effe
904 1876 1199 1915 misericordem
1218 1877 1233 1915 ?

341 1945 463 1998 Qod
483 1945 510 1983 fi
531 1945 696 1998 probare
717 1944 858 1984 Caesari
878 1942 1073 1997 poffemus
1089 1973 1099 1988 ‚
1133 1944 1176 1981 in
1203 1943 1343 1983 Africa
1369 1944 1578 1998 Ligarium
1599 1960 1689 1985 om-

282 2012 382 2052 nino
402 2026 482 2051 non
504 2011 617 2051 fuiffe
634 2031 646 2057 ;
679 2012 705 2050 fi
727 2011 890 2050 honesto
911 2020 951 2049 et
970 2010 1215 2049 misericordi
1238 2012 1446 2050 mendacio
1468 2012 1582 2052 saluti
1612 2015 1690 2053 civi

283 2078 514 2117 calamitoso
543 2078 615 2116 effe
644 2078 865 2116 vellemus:
899 2086 1031 2116 tamen
1061 2076 1238 2116 hominis
1268 2092 1350 2117 non
1379 2078 1484 2124 esset,
1515 2080 1556 2118 in
1580 2089 1691 2119 tanto

283 2144 512 2183 discrimine
528 2154 566 2182 et
583 2144 761 2197 periculo
775 2145 889 2190 civis,
907 2143 1084 2183 refellere
1100 2154 1138 2184 et
1154 2159 1364 2199 coarguere
1380 2146 1557 2184 nostrum
1573 2161 1688 2186 men-

283 2210 444 2250 dacium
457 2230 470 2256 ;
502 2220 554 2255 et,
578 2210 603 2248 fi
625 2210 715 2248 esset
735 2211 918 2264 alicujus,
940 2212 1023 2264 ejus
1045 2221 1151 2250 certe
1169 2226 1250 2250 non
1271 2212 1378 2258 effer,
1401 2214 1469 2266 qui
1491 2214 1532 2251 in
1554 2213 1689 2251 eadem

285 2277 398 2316 causa
426 2286 464 2315 et
494 2276 654 2315 fortuna
684 2277 829 2317 fuisset,
863 2278 937 2317 Sed
967 2288 1098 2318 tamen
1129 2279 1238 2318 aliud
1265 2279 1320 2318 est
1345 2294 1469 2318 errare
1498 2280 1689 2318 Caesarem

285 2344 407 2389 nolle,
440 2343 546 2382 aliud
568 2344 674 2382 nolle
695 2344 881 2384 misereri.
915 2347 982 2384 Tu
1003 2346 1150 2384 diceres
1171 2361 1179 2384 :
1214 2347 1333 2391 Cave,
1357 2346 1497 2392 Caesar,
1525 2346 1655 2384 credas
1675 2361 1684 2384 ε

284 2409 366 2448 fuit
387 2410 426 2447 in
450 2409 587 2447 Africa
607 2411 810 2463 Ligarius:
834 2411 929 2450 tulit
945 2425 1051 2450 arma
1071 2421 1208 2450 contra
1224 2421 1276 2450 te.
1300 2412 1424 2450 Nunc
1441 2412 1537 2464 quid
1559 2411 1685 2449 dicis?

286 2477 391 2515 Cave
414 2477 604 2528 ignoscas.
639 2478 789 2516 Haecne
809 2477 986 2517 hominis
1008 2477 1055 2517 ad
1075 2477 1283 2517 hominem
1305 2491 1382 2516 vox
1403 2478 1456 2515 est
1476 2478 1487 2514 ?
1520 2490 1598 2530 qua
1617 2478 1689 2530 qui
