2076 2860
885 128 1116 185 [277]

361 532 478 607 M.
588 529 1654 607 ANTONIUM

668 753 1247 794 PHILIPPICA
1314 754 1350 791 Ι.

311 966 344 1004 Ι.
492 963 534 1002 N
549 964 587 1002 T
603 963 636 1002 E
653 964 745 1016 QU
759 964 795 1001 A
810 963 859 1001 M
890 963 936 1001 de
957 962 1160 1016 republica
1174 991 1185 1008 ‚
1219 962 1351 1001 Patres
1372 962 1586 1017 conscripti
1602 993 1613 1009 ,
1645 963 1708 1002 di-

520 1043 606 1067 cam
627 1042 682 1074 ea,
716 1043 802 1082 quae
823 1029 988 1067 dicenda
1006 1027 1084 1066 hoc
1106 1037 1283 1081 tempore
1303 1029 1485 1075 arbitror,
1515 1043 1711 1083 exponam

308 1096 421 1134 vobis
457 1095 627 1134 breviter
661 1096 872 1134 confilium
907 1104 946 1133 et
978 1094 1235 1148 profeffitionis
1268 1104 1307 1133 et
1338 1096 1564 1134 reversionis
1598 1109 1709 1134 meae.

310 1163 414 1215 Ego,
446 1176 540 1200 cum
566 1162 756 1215 sperarem
777 1161 990 1215 aliquando
1009 1161 1056 1200 ad
1076 1161 1247 1200 vestrum
1268 1161 1478 1200 confilium
1499 1163 1709 1200 andtorita-

310 1238 472 1282 temque
492 1228 782 1281 rempublicam
803 1229 875 1266 effe
897 1238 1116 1267 revocatam
1131 1258 1143 1273 ,
1175 1228 1416 1266 manendum
1437 1228 1540 1267 mihi
1568 1229 1711 1267 statue-

312 1295 418 1341 bam,
445 1295 549 1348 quafi
572 1295 612 1332 in
634 1295 769 1347 vigilia
789 1294 959 1348 quadam
979 1294 1189 1339 consulari,
1212 1307 1255 1332 ac
1276 1294 1478 1334 senatoria.
1512 1296 1600 1334 Nec
1623 1309 1713 1334 vero

311 1361 477 1415 usquam
507 1360 768 1406 discedebam,
801 1374 872 1398 nec
894 1375 914 1398 a
934 1360 1138 1413 republica
1157 1360 1392 1412 dejiciebam
1413 1361 1565 1407 oculos,
1597 1375 1645 1400 ex
1667 1374 1712 1400 eo

312 1428 375 1466 die
390 1458 401 1473 ,
434 1442 514 1480 quo
535 1429 577 1466 in
598 1428 721 1466 aedem
742 1428 919 1466 Telluris
941 1428 1147 1465 convocati
1169 1427 1318 1466 sumus.
1358 1429 1403 1466 In
1426 1441 1506 1480 quo
1529 1428 1681 1480 templo
1696 1457 1708 1473 ,

311 1503 507 1547 quantum
537 1495 577 1532 in
611 1508 674 1532 me
703 1493 807 1538 fuit,
834 1494 915 1545 jeci
936 1493 1193 1531 fundamenta
1213 1494 1348 1545 pacis;
1382 1493 1711 1532 Atheniensium-

312 1574 390 1612 que
411 1560 591 1597 renovavi
614 1569 723 1597 vetus
745 1559 1003 1612 exemplum:
1039 1560 1225 1597 Graecum
1254 1559 1373 1596 etiam
1402 1559 1567 1597 verbum
1598 1559 1711 1598 usur-

313 1627 416 1678 pavi,
440 1640 519 1678 quo
541 1636 628 1664 tum
649 1626 689 1663 in
711 1625 886 1663 sedandis
908 1625 1112 1663 discordiis
1133 1633 1213 1662 erat
1235 1625 1300 1662 usa
1318 1625 1455 1663 civitas
1477 1626 1571 1671 illa5
1595 1635 1713 1678 atque

313 1706 474 1730 omnem
506 1693 737 1731 memoriam
768 1691 1050 1730 discordiarum
1080 1691 1281 1730 oblivione
1312 1691 1546 1745 sempiterna
1575 1691 1712 1731 delen-

313 1758 402 1796 dam
425 1758 571 1797 censui.

370 1825 558 1864 Praeclara
588 1834 675 1863 tum
705 1825 828 1863 oratio
859 1825 922 1863 M.
948 1825 1144 1873 Antonii:
1177 1825 1331 1877 egregia
1352 1825 1470 1863 etiam
1501 1825 1710 1864 voluntas:

315 1905 390 1944 pax
412 1892 583 1944 denique
604 1906 671 1945 per
691 1906 797 1937 eum,
829 1901 867 1930 et
894 1906 962 1944 per
984 1892 1128 1929 liberos
1149 1892 1248 1943 ejus,
1281 1906 1375 1930 cum
1396 1892 1713 1944 praestantiffimis

314 1959 469 1996 civibus
491 1958 721 1996 confirmata
742 1958 808 1996 est.
851 1960 985 2010 Atque
1006 1957 1068 1996 his
1090 1959 1297 2011 principiis
1319 1958 1468 2011 reliqua
1490 1959 1712 1998 consentie-

316 2024 425 2063 bant.
457 2025 523 2062 Ad
543 2025 843 2062 deliberationes
864 2038 924 2061 eas
939 2054 948 2069 ‚
981 2038 1075 2076 quas
1097 2023 1265 2062 habebat
1287 2025 1396 2063 domi
1418 2025 1464 2063 de
1486 2026 1712 2079 republica,

318 2090 516 2142 principes
549 2091 719 2128 civitatis
752 2088 964 2127 adhibebat
983 2105 991 2128 :
1024 2090 1071 2127 ad
1099 2089 1208 2128 hunc
1241 2091 1421 2129 ordinem
1452 2106 1509 2130 res
1542 2093 1713 2145 optimas

318 2155 515 2194 deferebat
535 2172 542 2194 :
581 2157 733 2194 summa
766 2170 859 2194 cum
895 2156 1087 2208 dignitate
1120 2167 1158 2195 et
1193 2158 1410 2196 constantia
1442 2159 1489 2196 ad
1523 2173 1565 2197 ea
1580 2189 1590 2204 ,
1628 2173 1714 2212 quae

320 2222 477 2274 quaesita
502 2232 610 2260 erant
626 2253 635 2267 ‚
668 2223 946 2275 respondebat:
981 2222 1082 2261 nihil
1105 2233 1191 2261 tum
1208 2254 1217 2268 ‚
1251 2225 1320 2262 nist
1343 2225 1449 2277 quod
1470 2235 1550 2263 erat
1573 2235 1714 2264 notum

319 2288 522 2332 omnibus,
554 2289 594 2325 in
617 2290 665 2326 C.
691 2289 848 2327 Caesaris
869 2291 1164 2328 commentariis
1187 2291 1464 2343 reperiebatur.

376 2350 489 2388 Num
511 2350 579 2401 qui
600 2350 733 2388 exules
755 2350 919 2388 restituti
939 2352 951 2388 ?
977 2365 1101 2389 unum
1121 2352 1262 2397 aiebat,
1292 2362 1473 2404 praeterea
1494 2353 1710 2390 neminem.

321 2416 434 2455 Num
457 2415 727 2455 immunitates
749 2416 877 2456 datae?
912 2417 1043 2463 uullae,
1077 2417 1346 2470 respondebat.
1380 2417 1564 2456 Assentiri
1594 2418 1714 2455 ctiam
