2076 2860
295 294 327 322 p.

297 334 337 363 79

297 1598 334 1624 80

556 183 847 224 VARIAE
937 184 1494 226 LECTIONES.

387 282 409 311 1.

402 332 412 350 1
438 323 547 361 parenti
563 323 587 351 C
597 331 707 361 parente

376 377 416 384 ·-
437 362 486 390 tali.
504 377 525 398 χ
539 363 562 390 d.

399 412 413 439 3
438 402 559 439 profluxi
573 416 594 439 χ
600 404 673 441 fluxi

396 452 417 479 4
437 452 513 470 meus
530 443 558 470 T
572 452 651 472 metus

376 495 416 503 ·—-
437 483 508 510 ratio
526 483 555 510 H
568 483 646 518 caufiz

375 536 418 543 -·
437 521 594 550 dimanavit
609 522 634 550 C
647 522 788 551 dominavit
802 523 833 552 T
847 525 980 553 adunavit

395 571 412 598 7
435 561 625 590 accusatorum
641 563 665 590 C
679 561 811 600 atcusator

396 603 413 629 8
435 601 506 629 feret
517 605 606 640 χρη

396 651 415 678 9
436 641 540 669 etenim
556 642 581 669 C
595 642 622 670 d.
637 639 666 669 T
679 644 745 669 enim

380 690 412 717 ¹3
435 688 514 709 notet
527 695 548 717 χ
561 689 629 709 nocet

375 734 415 742 —-
435 721 597 749 maledictio
609 722 632 750 C
647 720 777 750 malt-dim

379 767 412 798 ¹5
431 760 554 796 jactatur
568 762 744 799 Tjallnntur

380 808 415 835 17
437 801 570 828 Atratino
587 815 607 837 χ
622 803 751 829 Atratitio

375 853 416 861 -—
437 840 557 869 decebat
570 855 592 878 χ
604 841 706 869 dicebat

378 888 413 916 23
437 880 526 908 levius
542 882 571 909 H
590 882 606 909 S
623 895 645 918 χ
659 881 738 909 lenius

376 933 418 940 —
439 920 515 956 quod
531 921 559 948 T
573 923 598 948 d.

378 967 416 994 24
437 966 638 998 parentemque
651 960 683 988 H
694 973 726 996 χ,
741 960 766 994 ψ
776 967 909 997 parentem

374 1012 417 1020 —
437 999 604 1028 beneficium
619 1002 644 1034 ψ
658 1000 772 1036 beneficio

377 1047 412 1075 25
437 1046 530 1066 tamen
547 1040 575 1068 H
588 1054 619 1076 χ,
635 1041 660 1075 ψ
674 1048 774 1068 tantum

377 1077 415 1105 26
437 1085 464 1106 te
475 1091 496 1113 χ
511 1080 538 1106 d.

375 1131 416 1138 -·
436 1118 488 1145 effe
504 1117 527 1145 C
543 1119 571 1146 T
586 1131 607 1154 χ
621 1119 647 1145 α’.

375 1171 414 1177 ·-
433 1158 574 1186 existimes
588 1172 609 1194 χ
621 1160 759 1197 existiment

375 1212 418 1220 -—
439 1206 470 1225 ut
486 1198 502 1224 S
519 1206 546 1226 ut
558 1207 581 1225 et

379 1240 414 1266 28
438 1237 489 1264 tibi
504 1237 580 1272 zahi

379 1287 415 1316 29
438 1285 522 1314 atque
545 1277 629 1304 etiam
645 1277 779 1314 dignitati
807 1278 830 1305 C
846 1277 874 1306 T
888 1279 912 1306 d.
944 1279 973 1308 H
989 1280 1006 1308 S

480 1330 511 1352 χ,
527 1315 553 1350 ψ
563 1325 640 1355 atque
653 1321 731 1345 etiam
745 1320 788 1354 isti
800 1319 928 1356 dignitati

379 1366 416 1392 30
438 1366 521 1394 quam
539 1357 607 1384 velit
621 1356 650 1384 H
665 1370 697 1393 χ,
712 1358 736 1391 ψ
755 1359 781 1385 d.

376 1410 415 1417 —
436 1397 605 1433 petulanter,
618 1397 704 1425 etiam
719 1398 910 1435 Tpetulantem
923 1407 947 1428 et

374 1451 414 1456 —
434 1436 452 1463 si
471 1438 496 1463 Η
512 1449 546 1473 χ,
562 1435 588 1471 ψ
601 1436 627 1465 d·

378 1485 410 1513 3¹
436 1485 492 1503 non
508 1477 533 1504 C
547 1483 630 1504 tamen

377 1525 412 1552 33
437 1523 463 1542 te
477 1529 500 1553 χ
514 1528 539 1543 re

376 1569 415 1576 -
438 1555 603 1584 videbamus
619 1556 643 1584 C
658 1555 687 1584 T
701 1557 726 1590 ψ
741 1559 877 1585 videamus

398 1605 413 1622 2
435 1595 529 1632 quoad
546 1609 567 1631 χ
581 1597 647 1633 quod

375 1649 414 1656 —-·-
436 1634 724 1671 issiHst,xiad.

396 1684 410 1712 3
435 1675 520 1702 etiam
536 1675 565 1702 H
580 1689 613 1712 χ,
627 1676 652 1709 ψ
666 1677 693 1704 d.

398 1725 412 1751 3
436 1714 528 1742 dicam
544 1729 575 1750 χ,
591 1717 616 1750 ψ
631 1718 657 1743 d.

375 1769 415 1776 —
437 1763 485 1781 vos
498 1755 527 1782 H
541 1768 565 1791 χ
577 1757 603 1783 d.

375 1809 414 1814 —-
435 1794 598 1823 existimatis
612 1796 641 1823 H
657 1795 674 1822 S
688 1809 722 1833 χ,
735 1797 760 1831 ψ
771 1798 934 1836 exisiitnastis

382 1843 414 1870 ¹3
438 1834 456 1861 s1
473 1834 496 1861 C
511 1834 536 1861 d.
811 1836 814 1839 ‘

375 1889 415 1894 —
436 1883 561 1910 unquam
577 1874 601 1901 C
616 1884 743 1912 nunquam

380 1922 415 1949 ¹4
435 1913 597 1942 studuerunt
612 1914 795 1951 &staruerunt

375 1967 416 1973 —-
437 1960 495 1980 tum
512 1953 536 1981 C
554 1954 582 1980 H
598 1955 626 1982 T
641 1969 670 1991 χ,
687 1954 714 1990 ψ
728 1964 811 1984 tamen

374 2007 414 2013 —
435 1993 605 2022 existimetur
617 2008 640 2032 χ
653 1997 790 2032 existimem

380 2041 414 2069 ¹9
437 2040 496 2060 tum
511 2033 539 2060 H
554 2047 575 2068 χ
589 2043 649 2062 tunc

377 2080 409 2099 21
435 2071 479 2099 ilii
493 2085 514 2107 χ,
528 2072 570 2100 ille

376 2120 411 2148 25
435 2111 556 2139 versatus
569 2126 600 2148 χ,
615 2113 640 2147 ψ
655 2113 773 2149 versatur

377 2150 414 2177 26
435 2160 503 2188 ergo
516 2151 540 2178 C
553 2163 595 2189 ego

377 2199 413 2225 27
437 2191 506 2218 oiim
520 2204 544 2228 χ
556 2193 581 2219 d.

377 2239 413 2266 29
436 2230 512 2257 tunic
533 2231 553 2258 ti
570 2232 586 2258 S
601 2245 624 2268 χ
636 2234 724 2259 tunica

372 2283 413 2291 -—-
434 2277 574 2297 uteremur
589 2272 618 2299 T
633 2278 765 2299 vertemus·

378 2318 409 2345 3¹
436 2309 485 2346 qui
500 2311 525 2344 ψ
539 2314 595 2347 quis

377 2358 412 2386 33
435 2349 599 2379 defenderat
613 2350 637 2380 C
653 2350 682 2380 T
694 2349 831 2389 defenderit
845 2351 876 2380 H
891 2350 908 2381 S
921 2364 942 2389 χ
960 2352 1001 2381 de-

471 2391 591 2427 finderet

374 2436 413 2466 34
435 2430 483 2466 qui
497 2430 524 2458 T
539 2432 603 2467 quia

1168 333 1178 352 1
1204 326 1322 363 imperia
1336 326 1365 354 H
1382 340 1403 363 χ
1415 327 1441 355 d.
1459 327 1476 354 S
1491 326 1520 354 T
1535 325 1563 364 ψ
1577 329 1658 357 initia

1145 379 1181 386 -—
1204 373 1289 402 atque
1302 366 1440 394 inviolata
1455 367 1485 394 H
1498 367 1680 407 inviolataque

1142 419 1182 426 —-
1203 405 1342 442 pudicitia
1358 408 1533 444 xprudentae'a

1164 454 1183 481 4
1200 445 1260 482 jam
1276 446 1300 473 C
1315 448 1343 474 d.

1163 494 1182 521 9
1203 484 1256 512 effe
1269 498 1294 522 χ
1307 485 1334 514 d.

1147 532 1157 552 1
1168 533 1177 551 1
1203 524 1273 552 vitia
1287 526 1407 562 xstudia

1147 573 1157 591 1
1167 573 1180 600 3
1203 565 1398 602 pugnantibus
1413 566 1442 594 T
1454 565 1481 601 ψ
1495 567 1696 606 repugnantibus

1147 603 1182 630 16
1204 604 1352 632 meliorum
1366 619 1398 640 χ,
1414 605 1441 640 ψ
1453 606 1542 634 melior

1146 651 1180 679 17
1202 642 1231 670 in
1248 643 1272 671 C
1287 657 1308 680 χ
1322 644 1347 672 d.
1364 645 1509 682 Tpropter

1142 691 1180 710 22
1200 682 1297 711 labore
1311 697 1332 719 χ
1345 684 1442 712 laboris

1143 731 1178 759 ²3
1202 723 1314 751 etCH
1332 723 1519 762 8Τχ,ψᾶ.

1142 771 1182 799 24
1200 771 1297 800 regere
1311 763 1336 791 C
1351 764 1368 791 S
1383 775 1471 802 urgere
1485 766 1516 794 H
1529 774 1612 805 tegere

1141 816 1181 823 -
1203 810 1288 839 atque
1303 803 1332 830 T
1347 804 1374 832 d.

1143 851 1178 879 25
1201 850 1265 869 cum
1282 843 1393 871 remiffis
1408 858 1429 880 χ
1443 853 1466 872 et
1480 847 1585 883 remiffi's

1143 882 1180 909 26
1201 881 1345 910 audaciter
1354 897 1384 919 χ,
1400 883 1427 918 ψ
1439 886 1566 914 αιιᾶαέῖεν

1142 931 1156 958 3
1166 930 1176 949 1
1202 920 1315 950 delendi
1329 936 1352 959 χ
1365 926 1465 952 tenendi

1142 970 1180 998 3²
1201 961 1403 991 consceleratus
1418 965 1442 992 C
1454 964 1471 991 S
1487 964 1659 1000 &sceleratus
1672 966 1702 996 T
1715 978 1772 1005 conf

1237 1001 1361 1039 ſsquums
1375 1006 1514 1032 concitatur

1164 1047 1176 1067 ι
1199 1041 1274 1068 enim
1291 1041 1321 1068 H
1335 1055 1359 1079 χ
1373 1051 1396 1071 et
1410 1044 1455 1071 hoc

1162 1089 1177 1116 3
1201 1081 1334 1118 cujusque
1349 1082 1374 1116 ψ
1388 1085 1521 1121 unicuique

1163 1128 1177 1155 5
1200 1128 1255 1157 ego
1267 1134 1288 1156 χ
1302 1132 1359 1158 ergo

1140 1172 1180 1178 —
1200 1160 1289 1188 oculis
1303 1175 1327 1197 χ
1341 1161 1437 1190 occulta

1163 1198 1180 1225 6
1203 1199 1292 1236 Cujus
1307 1202 1331 1234 ψ
1347 1202 1424 1237 quus
1436 1210 1459 1229 e!

1164 1239 1180 1265 8
1203 1238 1281 1266 sicuti
1299 1243 1322 1267 C
1340 1240 1359 1269 S
1373 1241 1400 1267 Τ
1416 1241 1514 1279 ψβτιιι
1528 1251 1551 1270 et

1163 1286 1180 1314 9
1203 1278 1367 1307 reformidet
1382 1279 1408 1314 ψ
1422 1283 1599 1318 refirmidemr

1144 1325 1179 1344 10
1200 1319 1400 1354 conjurationis
1416 1320 1445 1348 H
1460 1334 1483 1357 χ
1497 1324 1701 1359 conjurationum

1147 1365 1175 1383 11
1203 1357 1330 1386 Posuistis
1346 1373 1369 1396 χ
1383 1359 1507 1397 posuistis
1520 1370 1544 1389 et
1555 1361 1582 1397 ψ
1597 1363 1709 1402 Pqfiasti

1142 1410 1182 1416 —
1203 1404 1296 1425 tamen
1312 1399 1342 1426 H
1355 1413 1376 1435 χ
1391 1408 1488 1428 tantum

1146 1445 1182 1470 ¹4
1201 1437 1274 1464 enim
1291 1438 1321 1465 H
1338 1440 1354 1466 S
1369 1453 1389 1474 χ
1403 1444 1492 1468 etenim

1144 1475 1180 1502 16
1201 1484 1285 1514 atque
1301 1478 1330 1505 H
1346 1479 1374 1507 T
1389 1488 1435 1507 aut
1449 1483 1479 1508 in

1145 1516 1179 1542 18
1202 1515 1288 1545 sotius
1302 1519 1408 1554 zsociis

1145 1563 1179 1591 ¹9
1199 1555 1289 1585 fuixset
1306 1558 1334 1584 H
1347 1559 1368 1585 ‘S
1383 1561 1502 1596 extitiffit

1140 1608 1180 1614 —
1200 1596 1375 1625 accusatione
1393 1597 1417 1625 C
1431 1600 1611 1634 accusationem

1142 1643 1179 1662 20
1201 1638 1397 1665 commendare
1413 1639 1437 1666 C
1452 1650 1542 1666 omnem
1556 1640 1618 1668 dare

1142 1683 1173 1701 21
1202 1675 1287 1708 Quod
1302 1677 1327 1711 ψ
1343 1677 1401 1713 Qi

1139 1728 1180 1735 —-
1199 1723 1226 1742 et
1242 1715 1276 1743 de
1384 1717 1507 1746 ambitus
1521 1731 1542 1754 χ
1556 1720 1582 1746 d.

1140 1769 1180 1774 —
1200 1762 1228 1782 et
1243 1755 1278 1782 de
1294 1757 1322 1783 H
1338 1757 1400 1784 idern

1140 1807 1180 1814 -—
1200 1794 1254 1822 istis
1271 1796 1293 1824 C
1309 1797 1338 1823 H
1352 1797 1377 1830 ψ
1390 1798 1461 1834 tstius

1143 1841 1177 1860 22
1200 1842 1231 1861 ac
1247 1835 1271 1869 ψ
1282 1845 1327 1863 aut

1142 1882 1175 1909 25
1199 1874 1257 1910 ejus
1272 1877 1295 1902 C
1311 1876 1340 1903 T
1354 1876 1379 1909 ψ
1394 1877 1457 1903 enim
1471 1877 1488 1904 S
1502 1879 1567 1905 enim
1578 1878 1633 1915 <jus

1138 1928 1181 1934 —
1201 1914 1290 1942 altero
1304 1916 1328 1942 C
1341 1916 1449 1943 alterum

1142 1963 1176 1989 27
1199 1953 1300 1982 iterum
1317 1955 1344 1982 H
1360 1955 1388 1982 T
1402 1954 1428 1982 d.

1141 1995 1176 2020 28
1198 1993 1316 2021 crimine
1331 1995 1359 2021 T
1373 1994 1398 2028 ψ
1411 1997 1504 2022 crimen

1139 2048 1179 2054 —
1199 2034 1340 2062 arcesseret
1354 2034 1378 2061 C
1394 2034 1411 2061 S
1423 2035 1548 2071 arcffret
1563 2035 1593 2064 H
1607 2037 1670 2073 704
1685 2040 1768 2076 arces.

1239 2075 1306 2110 sffi!
1322 2074 1350 2101 T
1363 2076 1492 2112 acceffiret

1141 2121 1177 2149 29
1200 2120 1291 2140 tamen
1306 2128 1327 2149 χ
1341 2120 1442 2142 lantum

1138 2166 1178 2171 -—
1197 2153 1333 2189 ejusmodi
1352 2154 1377 2183 H
1393 2149 1527 2192 fjus¹modo

1138 2206 1178 2212 --
1199 2193 1363 2230 cupiditatis
1379 2194 1404 2222 C
1419 2195 1449 2222 H
1467 2195 1482 2222 S
1497 2194 1524 2221 T
1539 2194 1608 2232 χ,ψ
1622 2198 1727 2234 cupidus

1141 2240 1177 2268 30
1198 2242 1282 2269 quam
1298 2234 1322 2267 ψ
1336 2235 1403 2271 quod

1139 2280 1171 2307 31
1197 2272 1336 2308 objeftum
1350 2286 1373 2310 χ
1385 2273 1491 2310 objeHus

1140 2320 1174 2347 3²
1197 2311 1331 2349 flagitatae
1345 2314 1500 2350 zstagimre

1139 2359 1174 2386 33
1198 2352 1311 2380 conficit
1332 2373 1349 2380 .,
1370 2353 1398 2380 H
1415 2354 1431 2380 S
1448 2354 1473 2387 ψ
1487 2355 1592 2393 confecit
1605 2367 1627 2392 χ
1641 2356 1731 2393 cofici

1135 2404 1179 2414 —-
1200 2401 1343 2429 nunquam
1357 2406 1378 2427 χ
1393 2403 1505 2430 unq'lam

1138 2439 1177 2469 34
1196 2430 1378 2462 habitationis
1392 2433 1422 2462 H
1437 2446 1458 2470 χ
1471 2432 1674 2463 habitationibus
