2076 2860
724 162 866 200 PRO
927 160 992 199 M.
1055 159 1318 198 CAELIO.
1678 162 1722 199 31

315 261 482 315 imperia
502 260 623 299 aetatis
646 260 801 311 integra
821 268 939 311 atque
960 257 1149 295 inviolata
1170 256 1427 310 praestitiffet;
1451 257 1499 294 de
1519 257 1603 309 ejus
1625 254 1730 294 fama

315 342 358 366 ac
388 327 583 380 pudicitia
597 356 607 371 ,
640 339 734 364 cum
759 326 792 363 is
809 326 894 377 jam
916 324 952 363 se
973 323 1297 362 corroboraviffet
1312 353 1322 369 ‚
1356 337 1399 362 ac
1421 324 1481 361 vir
1501 323 1606 361 inter
1625 323 1729 360 viros

315 394 420 439 effet,
453 406 572 431 nemo
593 392 847 445 loquebatur.

373 459 535 499 Studuit
556 459 755 504 Catilinae‚
789 473 884 497 cum
900 459 985 511 jam
1007 457 1161 510 aliquot
1181 471 1303 495 annos
1332 457 1425 495 effet
1446 458 1487 494 in
1508 455 1611 501 foro,
1640 458 1730 494 Cae-

315 528 419 566 lius:
453 537 492 566 et
512 527 633 566 multi
655 525 733 565 hoc
754 526 862 564 idern
882 540 930 563 ex
952 526 1063 563 omni
1086 524 1238 570 ordine,
1261 534 1381 577 atque
1401 539 1448 562 ex
1470 525 1582 562 omni
1604 534 1730 568 aetate,

315 593 512 633 fecerunt.
545 594 705 632 Habuit
725 594 834 631 enim
856 584 938 637 ille,
963 592 1076 630 ficuti
1098 591 1320 629 meminiffe
1340 604 1409 628 vos
1431 590 1616 635 arbitror,
1639 604 1731 643 per-

315 662 444 699 multa
464 661 730 700 maximarum
752 673 832 698 non
854 658 1027 712 expreffa
1042 658 1162 711 signa,
1182 657 1246 695 sed
1266 657 1498 695 adumbrata
1518 658 1730 695 virtutum.

316 728 517 767 Utebatur
532 726 767 765 hominibus
785 726 981 779 improbis
1003 724 1143 762 multis
1161 739 1169 762 :
1193 732 1232 761 et
1249 723 1413 776 quidem
1429 724 1594 776 optimis
1618 723 1653 761 se
1670 725 1730 761 vi—

318 796 369 832 ris
391 793 572 832 deditum
599 793 673 831 effe
693 793 915 831 simulabat.
954 792 1080 828 Erant
1109 789 1214 843 apud
1234 789 1353 828 illum
1373 789 1570 828 illecebrae
1591 789 1730 827 libidi-

317 874 415 899 num
436 860 573 898 multae
592 875 601 898 :
634 867 744 897 erant
764 859 885 896 etiam
906 855 1106 895 industriae
1127 856 1292 909 quidam
1313 856 1480 901 stimuli,
1503 869 1546 894 ac
1568 856 1730 894 laboris.

317 927 556 979 Plagrabant
571 926 667 964 vitia
686 925 868 963 libidinis
890 924 995 977 apud
1016 923 1136 962 illum
1152 939 1160 962 :
1185 923 1374 976 vigebant
1394 924 1516 962 etiam
1531 922 1658 961 studia
1677 923 1732 961 rei

315 994 515 1033 militaris.
550 994 696 1046 Neque
730 1006 804 1045 ego
837 1005 1016 1045 unquam
1037 989 1151 1029 fuiffe
1182 991 1257 1028 tale
1289 990 1512 1029 monstrum
1544 990 1586 1028 in
1620 991 1731 1028 terris

315 1061 447 1100 ullum
468 1069 582 1114 puto,
616 1069 697 1098 tam
718 1073 766 1097 ex
787 1059 996 1097 contrariis
1017 1057 1254 1111 diversisque
1276 1058 1380 1096 inter
1401 1057 1438 1096 se
1458 1057 1732 1111 pugnantibus

316 1138 464 1167 naturae
484 1127 637 1172 studiis,
661 1125 1029 1180 cupiditatibusque
1048 1125 1283 1164 conflatum.

372 1196 448 1234 VI.
482 1196 585 1247 Qis
607 1194 841 1232 clarioribus
862 1194 956 1232 viris
978 1191 1153 1246 quodam
1173 1202 1352 1245 tempore
1368 1191 1587 1245 jucundior
1605 1192 1618 1228 ?
1642 1191 1732 1243 quis

317 1262 564 1315 turpioribus
586 1261 862 1314 conjunctior?
891 1260 994 1313 Qis
1011 1260 1108 1298 civis
1126 1259 1341 1298 meliorum
1357 1259 1533 1312 partium
1548 1257 1730 1311 aliquan-

316 1327 368 1366 do
387 1329 401 1366 ?
433 1328 522 1381 quis
544 1328 683 1366 tetrior
703 1326 824 1366 hostis
847 1325 942 1365 huic
964 1326 1117 1364 civitati
1137 1327 1149 1364 ?
1226 1326 1286 1364 uis
1303 1326 1345 1363 in
1370 1324 1643 1378 voluptatibus
1664 1325 1731 1362 in-

316 1395 548 1448 quinatior?
585 1394 675 1447 quis
709 1394 751 1432 in
784 1393 988 1431 laboribus
1023 1393 1267 1446 patientior?
1310 1393 1413 1444 Qis
1446 1393 1488 1430 in
1522 1391 1734 1444 rapacitate

315 1463 491 1500 avarior?
525 1462 614 1514 quis
632 1462 672 1499 in
695 1461 907 1514 largitione
923 1460 1113 1499 effufior?
1148 1460 1221 1498 Illa
1246 1473 1352 1504 vero,
1376 1459 1555 1510 Judices,
1586 1459 1630 1496 in
1658 1458 1732 1496 illo

316 1528 482 1568 homine
497 1529 696 1567 mirabilia
709 1528 886 1573 fuerunt,
902 1527 1238 1581 comprehendere
1255 1527 1404 1564 multos
1426 1526 1616 1570 amicitia,
1629 1525 1732 1563 tueri

316 1595 521 1647 obsequio,
558 1609 653 1632 cum
678 1595 867 1632 omnibus
900 1594 1197 1631 communicare
1229 1591 1337 1644 quod
1369 1591 1554 1636 habebat,
1591 1591 1733 1630 servire

319 1661 566 1714 temporibus
588 1660 749 1699 suorum
781 1660 966 1698 omnium
998 1660 1180 1711 pecunia,
1212 1658 1351 1710 gratia,
1383 1658 1517 1696 labore
1537 1658 1731 1711 corporis,

320 1728 461 1767 scelere
481 1728 615 1773 etiam,
647 1727 674 1766 fi
695 1741 794 1780 opus
827 1726 933 1772 effet,
965 1734 1005 1764 et
1025 1725 1211 1770 audacia;
1243 1724 1390 1763 versare
1421 1724 1530 1763 suam
1549 1734 1731 1763 naturam

317 1805 357 1835 et
388 1808 521 1848 regere
552 1795 600 1833 ad
635 1804 810 1847 tempus,
842 1803 960 1847 atque
980 1791 1061 1831 huc
1082 1802 1121 1831 et
1150 1792 1249 1830 illuc
1271 1801 1455 1845 torquere
1486 1801 1525 1830 et
1546 1792 1699 1830 flectere
1715 1811 1729 1838 5

314 1875 409 1901 curn
430 1861 606 1900 tristibus
628 1861 769 1907 severe,
803 1874 896 1899 cum
920 1859 1082 1899 remiffis
1107 1858 1301 1912 jucunde,
1335 1872 1429 1897 cum
1456 1858 1612 1897 senibus
1626 1857 1729 1911 ‘gra-

314 1929 429 1974 viter,
461 1942 555 1967 curn
571 1929 784 1981 juventute
805 1928 988 1973 comiter,
1020 1940 1115 1966 cum
1135 1924 1364 1965 facinorosis
1386 1924 1600 1972 audaciter,
1636 1939 1730 1965 cum

316 1995 540 2034 libidinofis
561 1995 762 2034 luxuriose
783 1996 926 2034 vivere.

369 2062 460 2100 Hac
482 2061 551 2100 ille
572 2070 653 2100 tam
674 2062 779 2099 varia
809 2060 1113 2114 multiplicique
1132 2069 1285 2106 natura,
1319 2073 1413 2099 cum
1434 2070 1572 2097 omnes
1594 2058 1729 2098 omni-

317 2128 390 2167 bus
411 2142 460 2167 ex
492 2129 605 2167 terris
638 2127 823 2166 homines
857 2128 1062 2181 improbos
1094 2127 1337 2180 audacesque
1367 2126 1580 2179 collegerat
1597 2145 1607 2171 3
1642 2136 1729 2164 tum

317 2195 437 2232 etiam
457 2195 607 2233 multos
628 2193 750 2233 fortes
767 2195 887 2240 viros,
906 2204 945 2233 et
967 2194 1108 2240 bonos,
1127 2194 1254 2247 specie
1274 2194 1444 2247 quadam
1467 2194 1624 2231 virtutis
1641 2192 1728 2231 affi-

318 2261 476 2298 mulatae
498 2260 670 2299 tenebat.
724 2261 869 2314 Neque
889 2274 1068 2314 unquam
1088 2274 1136 2298 ex
1157 2260 1228 2298 illo
1249 2260 1407 2299 delendi
1428 2259 1548 2312 hujus
1570 2260 1731 2312 imperii

319 2338 400 2365 tam
435 2327 721 2366 consceleratus
756 2329 930 2381 impetus
965 2328 1167 2373 extitiffet,
1205 2327 1275 2366 nifi
1309 2337 1367 2366 tot
1397 2328 1588 2366 vitiorum
1623 2336 1730 2364 tanta

320 2394 547 2431 immanitas
587 2393 824 2446 quibusdam
857 2394 1061 2433 facilitatis
1089 2404 1127 2432 et
1161 2394 1360 2447 patientiae
1393 2393 1590 2432 radicibus
1624 2393 1727 2430 nite-

319 2470 441 2498 retur.
488 2461 620 2511 Qare
655 2460 724 2498 ista
755 2461 949 2507 conditio,
979 2460 1157 2512 Judices,
1193 2461 1407 2514 respuatur,
1441 2473 1512 2498 nec
1546 2458 1728 2497 Catilina:

403 2528 478 2564 To
497 2539 549 2565 Μ.
584 2526 657 2566 VI.
1393 2526 1424 2563 L
