2076 2860
328 215 378 254 92
806 197 1252 235 ORATIO

328 308 386 332 res
404 296 575 333 maxime
592 294 694 332 inter
710 291 745 329 se
762 300 1022 343 repugnantes
1040 290 1197 328 dicendi
1213 289 1400 328 facultate
1417 290 1720 342 conjungerent.

328 361 436 398 Illud
458 360 796 398 unumssdiredtum
817 359 892 394 iter
910 357 957 394 ad
978 357 1136 395 laudem
1166 371 1260 395 cum
1280 357 1412 395 labore
1439 357 1509 409 qui
1530 357 1721 409 probave-

329 437 436 472 runt,
470 441 591 479 prope
606 427 688 477 jam
712 424 782 461 soli
803 424 842 460 in
865 422 1009 461 scholis
1031 423 1120 461 sunt
1150 423 1289 461 relicti.
1324 423 1460 461 NIulta
1479 423 1586 460 enim
1607 422 1721 460 nobis

328 493 597 530 blandimenta
617 500 753 528 natura
784 488 864 540 ipsa
883 489 1036 540 genuit,
1069 489 1214 541 quibus
1237 489 1361 542 sopita
1380 489 1504 528 virtus
1532 489 1722 526 connive-

328 568 385 596 rct
404 574 412 596 :
446 567 483 595 et
518 556 718 594 interdum
740 554 885 592 multas
917 556 996 592 vias
1032 554 1300 593 adolescentiae
1335 555 1506 593 lubricas
1539 554 1721 598 ostendit,

326 624 472 675 quibus
494 623 564 660 illa
582 621 765 666 infistere‚
783 629 849 658 aut
869 619 1039 672 ingredi,
1062 620 1140 658 fine
1161 620 1250 658 casu
1265 620 1399 673 aliquo
1420 630 1487 658 aut
1506 619 1721 673 prolapsio-

326 702 375 726 ne
395 689 461 727 vix
482 688 630 741 poffet;
659 697 697 725 et
718 687 935 725 multarum
957 700 1088 723 rerum
1103 686 1478 738 jucundiffimarum
1497 687 1724 724 varietatem

325 754 449 800 dedit,
472 768 549 807 qua
568 768 648 792 non
670 754 788 791 modo
809 752 892 790 haec
914 762 1018 797 aetas,
1047 752 1111 790 sed
1131 752 1250 790 etiam
1266 753 1351 804 jam
1371 752 1634 796 corroborata,
1656 765 1722 789 ca-

326 830 497 873 peretur.
531 820 804 873 Qamobrem
826 819 851 856 fi
873 832 994 871 quem
1014 817 1117 856 forte
1133 818 1376 863 inveneritis,
1409 818 1480 870 qui
1500 817 1726 870 aspernetur

325 887 452 924 oculis
474 885 815 939 pulchritudinem
838 898 984 928 rerum,
1017 897 1095 921 non
1117 883 1235 921 odore
1257 884 1355 928 ullo,
1387 897 1466 921 non
1489 884 1609 928 tactu,
1643 896 1724 921 non

327 951 458 1004 sapore
474 953 663 1004 capiatur,
686 950 870 988 excludat
891 949 1049 987 auribus
1071 963 1233 987 omnem
1255 949 1507 994 suavitatemj.
1530 948 1626 987 huic
1646 947 1724 986 ho-

327 1019 428 1056 mini
449 1032 522 1070 ego
542 1017 695 1056 fortafi'e
716 1026 754 1055 et
787 1016 901 1068 pauci
924 1017 1030 1054 Deos
1052 1016 1260 1068 propitios,
1292 1015 1471 1068 plerique
1491 1024 1624 1053 autem
1645 1015 1724 1053 ira-

328 1093 403 1129 tos,
428 1084 639 1136 putabunt.

373 1151 532 1189 XVIII.
556 1151 664 1202 Ergo
686 1148 768 1187 haec
786 1148 932 1187 deserta
951 1149 1025 1194 via,
1044 1157 1082 1186 et
1099 1148 1263 1193 inculta,
1286 1158 1403 1201 atque
1419 1147 1724 1199 interclusajam

327 1215 535 1253 frondibus
552 1225 590 1253 et
607 1215 804 1266 virgultis,
824 1215 1069 1267 relinquatur
1085 1229 1093 1252 ε
1118 1214 1232 1252 detur
1247 1213 1398 1267 aliquid
1419 1214 1541 1252 aetati:
1566 1213 1612 1251 fit
1628 1213 1724 1251 ado-

327 1282 511 1320 lescentia
545 1282 729 1319 liberior:
766 1295 843 1319 non
874 1281 1008 1319 omnia
1037 1281 1308 1333 voluptatibus
1339 1280 1610 1332 denegentur:
1644 1293 1724 1318 non

328 1348 478 1400 semper
499 1348 651 1400 superet
671 1361 759 1386 vera
788 1347 856 1385 illa
876 1357 914 1385 et
935 1347 1080 1385 directa
1100 1348 1197 1385 ratio
1216 1362 1225 1386 :
1258 1348 1389 1385 vincat
1418 1345 1630 1399 aliquando
1650 1359 1721 1384 cu-

327 1415 470 1466 piditas
487 1414 744 1466 voluptasque
761 1414 967 1458 rationem,
986 1413 1205 1451 dummodo
1226 1413 1294 1451 illa
1314 1413 1355 1450 in
1376 1412 1453 1451 hoc
1466 1425 1607 1464 genere
1622 1426 1725 1465 prae-

327 1480 488 1532 scriptio
509 1480 804 1532 moderatioque
826 1488 1023 1517 teneatur:
1057 1488 1188 1531 parcat
1203 1480 1392 1531 juventus
1413 1478 1617 1531 pudicitiae
1632 1478 1722 1522 suae,

326 1560 375 1584 ne
396 1546 536 1598 spoliet
556 1546 748 1584 alienam:
772 1559 820 1583 ne
841 1544 1017 1582 effundat
1037 1545 1340 1597 patrimonium,
1357 1558 1404 1582 ne
1425 1544 1576 1583 foenore
1597 1544 1722 1582 truci-

327 1612 455 1657 detur,
472 1626 535 1650 *ne
557 1612 730 1649 incurrat
757 1611 797 1651 in
818 1611 977 1648 alterius
1000 1609 1166 1648 domum
1195 1620 1312 1663 atque
1344 1610 1517 1649 famam:
1550 1624 1599 1648 ne
1628 1623 1723 1662 pro-

327 1679 444 1716 brum
466 1678 591 1723 castis,
609 1678 739 1716 labem
760 1677 939 1729 integris,
961 1676 1168 1715 infamiam
1191 1677 1320 1723 bonis,
1343 1676 1510 1715 inferat:
1535 1690 1583 1714 ne
1603 1689 1724 1730 quem

328 1744 365 1781 vi
387 1753 548 1781 terreat:
584 1758 632 1781 ne
653 1743 803 1780 interfit
832 1742 1007 1780 insidiis:
1040 1743 1181 1780 scelere
1213 1752 1362 1781 careat:
1395 1743 1606 1795 postremo,
1629 1756 1724 1780 cum

327 1811 498 1862 paruerit
519 1809 806 1861 voluptatibus,
828 1808 979 1845 dederit
999 1808 1151 1859 aliquid
1179 1809 1368 1860 temporis
1390 1808 1437 1846 ad
1467 1809 1609 1846 ludum
1630 1818 1722 1847 aeta-

328 1876 393 1920 tis,
428 1873 546 1927 atque
566 1874 612 1911 ad
634 1875 766 1911 inanes
787 1872 899 1911 hasce
920 1872 1188 1911 adolescentiae
1215 1873 1477 1925 cupiditates;
1513 1883 1668 1911 revocet
1688 1874 1724 1911 se

328 1941 539 1994 aliquando
560 1941 606 1978 ad
623 1954 757 1978 curam
780 1940 833 1978 rei
855 1939 1089 1984 domesticae,
1113 1940 1165 1977 rei
1187 1938 1363 1985 forenfis,
1387 1940 1441 1977 rei
1462 1940 1656 1992 publicae:
1681 1950 1725 1978 ut

328 2022 384 2053 ea,
407 2022 493 2060 quae
515 2007 663 2044 ratione
683 2016 794 2044 antea
815 2019 893 2043 non
915 2005 1175 2058 perspexerat,
1199 2006 1370 2044 satietate
1391 2005 1583 2058 abjecisse,
1601 2020 1724 2058 expe—

329 2073 464 2112 riendo
485 2072 768 2125 contempfiffe,
791 2071 982 2110 videatur.

384 2140 444 2177 Ac
466 2139 586 2176 multi
606 2147 644 2176 et
666 2138 806 2182 nostra,
837 2147 875 2176 et
896 2147 1068 2189 patrum,
1106 2138 1382 2189 majorumque
1411 2137 1615 2182 memoria,
1647 2139 1722 2188 Ju-

329 2205 450 2250 dices,
466 2204 611 2242 summi
632 2203 829 2248 homines,
847 2212 886 2241 et
907 2203 1104 2241 clariffimi
1121 2203 1224 2241 cives
1246 2202 1423 2248 fuerunt,
1441 2216 1614 2255 quorum
1630 2217 1724 2242 cum

328 2270 596 2309 adolescentia.²
629 2270 864 2322 cupiditates
896 2268 1157 2315 defervissent,
1189 2269 1343 2307 eximiae
1364 2269 1543 2314 virtutes,
1572 2269 1726 2308 firmata

324 2339 408 2389 jam
429 2345 554 2381 mate,
590 2336 822 2374 extiterunt.
856 2336 918 2373 Ex
940 2335 1086 2387 quibus
1118 2335 1320 2372 neminem
1356 2334 1458 2373 mihi
1493 2334 1640 2373 necesse
1671 2335 1725 2373 est

329 2403 560 2448 nominare3
592 2402 741 2441 vosmet
773 2401 978 2440 vobiscum
1013 2401 1295 2439 recordamini:
1330 2401 1423 2439 nolo
1453 2402 1562 2440 enim
1589 2401 1723 2454 cujus-

330 2482 449 2522 quam
470 2467 585 2508 fortis
616 2478 733 2521 atque
754 2467 914 2506 illustris
936 2467 1009 2506 viri
1042 2481 1089 2506 ne
1117 2467 1333 2506 minimum
1359 2468 1522 2520 quidem
1553 2476 1724 2506 erratum
