2076 2860
751 175 1329 215 PHILIPPICA
1406 176 1461 214 11.
1727 190 1806 232 297

406 278 527 317 boni!
562 286 600 316 te
627 291 708 316 non
736 277 930 316 decebat?
964 279 1011 316 In
1044 291 1124 330 quo
1151 277 1205 316 est
1237 286 1303 316 tua
1330 276 1447 330 culpa
1477 276 1695 316 nonnulla:
1729 279 1803 316 ali-

403 344 501 396 quid
522 345 630 382 enim
651 344 738 382 salis
759 345 807 382 ab
835 358 955 384 uxore
982 345 1107 382 mima
1135 343 1285 382 trahere
1312 343 1490 397 potuisti.
1533 343 1674 384 Cedant
1701 358 1806 384 arma

401 419 508 462 togae.
543 410 653 462 Qid
671 412 683 448 ?
717 419 804 449 tum
824 425 956 449 nonne
976 410 1196 449 cesserunt?
1233 411 1288 448 At
1308 410 1438 462 postea
1458 410 1536 449 tuis
1558 411 1675 450 armis
1697 411 1805 450 ceffit

400 485 508 528 toga.
542 478 774 529 Qaeramus
796 478 934 530 igitur,
967 486 1103 515 utrum
1124 477 1266 515 melius
1288 476 1408 517 fuerit
1424 496 1437 523 5
1470 476 1642 515 libertati
1663 478 1803 531 populi

402 542 578 581 Romani
598 543 874 581 sceleratorum
895 557 1021 589 arma,
1054 557 1101 581 an
1123 544 1347 581 libertatem
1368 543 1537 581 nostram
1558 544 1675 582 armis
1699 544 1776 582 tuis
1790 574 1800 589 ,

401 608 550 647 cedere.
599 609 687 647 Nec
708 623 798 647 vero
821 609 895 646 tibi
917 609 963 647 de
985 609 1155 647 versibus
1179 608 1420 661 respondebo
1439 624 1448 646 :
1483 617 1638 647 tantum
1672 609 1801 648 dicam

402 673 586 719 breviter,
618 688 746 727 neque
766 674 871 719 illos,
896 689 1022 727 neque
1044 675 1143 713 ullas
1166 684 1202 711 te
1223 674 1388 711 omnino
1409 674 1555 719 literas,
1578 674 1707 714 noffe:
1737 690 1800 714 me

401 754 473 779 nec
494 741 722 794 reipublicae
744 756 815 779 nec
835 743 973 779 amicis
997 755 1173 794 unquam
1194 739 1370 785 defuisse,
1389 750 1427 778 et
1450 750 1579 778 tamen
1597 742 1707 779 omni
1729 757 1798 795 ge-

400 821 491 845 nere
512 817 866 846 monumentorum
893 821 1075 846 meorum
1102 805 1303 860 perfecisse
1330 807 1458 859 operis
1487 806 1722 852 subsecivis,
1756 820 1799 847 ut

400 887 496 912 meae
517 874 677 926 vigiliae,
710 888 884 926 meaeque
905 874 1041 918 literae,
1074 882 1112 911 et
1128 873 1333 925 juventuti
1354 873 1554 917 utilitatis,
1585 884 1624 911 et
1645 875 1798 913 nomini

400 940 583 978 Romano
601 940 740 984 laudis,
759 939 911 992 aliquid
927 940 1123 978 afferrent.
1148 939 1221 977 Sed
1242 938 1324 977 haec
1342 952 1422 977 non
1442 938 1562 993 hujus
1585 942 1796 993 temporis;

397 1005 445 1042 ad
466 1007 613 1058 majora
633 1006 851 1045 veniamus.

454 1072 529 1110 IX.
563 1072 608 1110 P.
627 1072 819 1110 Clodium
839 1086 928 1110 meo
945 1072 1108 1111 consilio
1129 1071 1384 1111 i11terfe6tum
1404 1072 1476 1111 effe
1493 1072 1639 1112 dixisti.
1663 1074 1796 1126 Qid·

397 1151 489 1176 nam
509 1137 692 1177 homines
713 1148 897 1192 putarent
912 1169 923 1185 ,
955 1139 982 1177 fi
1008 1148 1095 1177 tum
1116 1139 1268 1178 occisus
1289 1139 1380 1177 effet
1394 1169 1406 1185 ‚
1437 1153 1531 1178 cum
1553 1149 1596 1177 tu
1617 1140 1735 1179 illum
1755 1141 1798 1180 in

395 1203 498 1249 foro,
531 1205 770 1258 inspeffimnte
791 1206 941 1258 populo
962 1206 1160 1251 Romano,
1192 1205 1326 1258 gladio
1345 1205 1476 1244 strido
1496 1206 1695 1244 insecutus
1725 1221 1764 1245 es
1781 1227 1794 1252 ;

396 1271 684 1323 negotiumque
705 1271 944 1323 transegisses
958 1301 968 1316 ‚
1002 1272 1072 1309 nifi
1093 1271 1161 1309 ille
1182 1271 1218 1309 se
1239 1272 1281 1308 in
1302 1271 1418 1310 scalas
1442 1272 1609 1310 tabernae
1630 1273 1796 1311 librariae

395 1335 635 1388 conjeciffet,
653 1335 792 1389 hisque
809 1337 994 1389 oppilatis
1012 1337 1206 1389 impetum
1227 1346 1342 1374 tuum
1356 1338 1655 1390 compreffiflet?
1676 1338 1796 1390 Qod

395 1401 559 1454 quidem
579 1415 652 1454 ego
672 1402 804 1440 faviffe
825 1416 889 1440 me
911 1403 1000 1448 tibi,
1019 1402 1170 1448 fateor;
1194 1402 1354 1448 suafiffe,
1374 1417 1422 1441 ne
1440 1413 1482 1442 tu
1498 1404 1662 1456 quidem
1678 1405 1792 1443 dicis.

395 1469 452 1504 At
472 1467 624 1505 Miloni
646 1482 694 1505 ne
714 1467 842 1506 favere
862 1468 1025 1520 quidem
1047 1469 1159 1520 potui
1179 1483 1187 1506 :
1220 1469 1329 1520 prius
1351 1469 1459 1507 enim
1480 1483 1563 1507 rem
1586 1470 1792 1522 transegit,

394 1546 516 1585 quam
543 1547 635 1571 eum
663 1534 871 1586 quisquam
900 1533 1097 1571 fastorum
1118 1533 1158 1570 id
1187 1533 1458 1585 suspicaretur.
1497 1536 1552 1572 At
1579 1548 1652 1587 ego
1679 1535 1790 1574 suafi.

396 1598 556 1636 Scilicet
578 1600 609 1637 is
631 1601 785 1638 animus
803 1609 883 1638 erat
904 1599 1090 1644 Milonis,
1110 1609 1153 1637 ut
1168 1599 1341 1652 prodeffe
1358 1599 1585 1652 reipublicae
1607 1600 1685 1638 fine
1705 1601 1792 1639 sua-

394 1663 477 1702 sore
497 1677 576 1702 non
599 1663 734 1717 posset.
777 1666 833 1703 At
854 1665 1005 1704 laetatus
1027 1664 1128 1704 sum.
1172 1665 1282 1717 Qid
1309 1679 1401 1718 ergo
1421 1666 1434 1702 ?
1465 1665 1508 1703 in
1530 1674 1637 1705 tanta
1656 1666 1793 1706 laetitia

393 1732 543 1769 cunetae
564 1731 734 1770 civitatis
755 1745 819 1769 me
840 1745 966 1770 unum
987 1731 1136 1769 tristem
1157 1731 1229 1770 effe
1249 1731 1484 1784 oportebat?

451 1798 690 1850 Qanquam
711 1797 759 1835 de
779 1806 907 1836 morte
928 1798 974 1836 P.
999 1797 1135 1836 Clodii
1164 1796 1243 1835 fuit
1273 1797 1434 1850 quaestio
1464 1811 1544 1836 non
1574 1797 1663 1836 satis
1693 1811 1790 1852 pru-

393 1862 530 1900 denter
558 1863 627 1900 illa
655 1863 818 1915 quidem
842 1862 1068 1901 constituta.
1113 1863 1223 1915 Qid
1244 1863 1352 1901 enim
1373 1863 1564 1901 attinebat
1586 1877 1685 1902 nova
1704 1864 1792 1916 lege

392 1930 515 1982 quaeri
536 1929 583 1967 de
603 1943 663 1975 eo,
695 1930 764 1982 qui
786 1929 993 1969 hominem
1013 1929 1228 1975 occidisset,
1261 1943 1354 1968 cum
1375 1929 1466 1968 effet
1486 1929 1642 1981 legibus
1664 1930 1789 1983 quaes-

391 1996 450 2034 tio
470 1996 713 2034 constituta?
737 1996 957 2047 Qaefitum
977 1995 1030 2033 est
1052 2005 1196 2033 tamen.
1231 1995 1351 2047 Qod
1373 2009 1480 2048 ergo,
1502 2010 1596 2034 cum
1617 2010 1675 2034 res
1697 2010 1789 2049 age·-

391 2061 522 2106 batur,
545 2076 662 2100 nemo
683 2062 724 2099 in
746 2076 809 2099 me
830 2061 960 2106 dixit;
994 2061 1034 2098 id
1056 2071 1114 2098 tot
1134 2062 1244 2099 annis
1266 2061 1351 2114 post
1373 2071 1416 2099 tu
1437 2075 1475 2099 es
1498 2062 1696 2108 inventus,
1719 2064 1788 2115 qui

393 2127 539 2165 diceres
557 2128 570 2164 ?
594 2127 714 2179 Qod
735 2140 826 2164 ver-o
847 2127 975 2164 dicere
996 2127 1106 2165 ausus
1129 2141 1182 2172 es,
1206 2127 1326 2180 idque
1347 2127 1486 2165 multis
1508 2128 1651 2173 verbis,
1673 2142 1788 2180 opera

393 2206 479 2230 mea
500 2193 737 2245 Pompeium
758 2206 779 2230 a
800 2193 959 2231 Caesaris
989 2193 1164 2231 amicitia
1193 2194 1265 2231 effe
1295 2194 1564 2245 disjuntstum‚
1597 2194 1648 2231 ob
1679 2208 1786 2232 eam-
1815 2184 1818 2185 ⁷

393 2272 469 2310 que
491 2257 643 2295 causam
665 2272 750 2296 mea
770 2259 887 2311 culpa
906 2259 1023 2297 civile
1045 2260 1196 2297 bellum
1216 2259 1288 2297 esse
1311 2268 1474 2304 natum3
1507 2261 1548 2297 in
1576 2274 1621 2297 eo
1644 2273 1720 2297 non
1744 2270 1787 2297 tu

393 2324 556 2376 quidem
577 2332 658 2361 tota
679 2338 731 2369 re,
764 2324 841 2370 sed,
873 2324 980 2377 quod
1002 2326 1223 2363 maximum
1248 2325 1315 2370 est,
1348 2326 1609 2377 temporibus,
1641 2325 1784 2362 errasti.

450 2390 502 2427 X.
528 2390 630 2441 Ego,
653 2390 716 2427 M.
734 2390 894 2435 Bibulo,
916 2390 1224 2443 praestantisiimo
1245 2391 1344 2437 cive,
1367 2391 1540 2434 consule,
1564 2390 1664 2427 nihil
1686 2404 1784 2441 prae-

395 2455 539 2493 termifi
555 2485 566 2500 ,
599 2465 793 2507 quantum
823 2455 948 2495 facere
982 2456 1158 2508 enitique
1192 2458 1331 2509 potui,
1365 2457 1461 2508 quin
1491 2455 1734 2508 Pompeium
1768 2469 1788 2492 a

475 2524 512 2559 T
528 2528 549 2560 O
567 2535 617 2560 M.
651 2523 723 2561 VI.
1399 2523 1428 2558 P
1460 2536 1483 2572 p
