2076 2860
743 95 1319 135 PHILIPPICA
1397 96 1452 134 II.
1718 110 1793 150 329

454 197 633 250 Respice,
667 198 810 250 quaeso,
833 197 1045 250 aliquando
1066 197 1372 250 rempublicam,
1406 197 1469 237 M.
1487 198 1639 236 Antoni
1658 214 1665 237 :
1700 200 1792 252 qui-

395 264 468 302 bus
504 273 612 302 ortus
645 264 706 309 1⁴13,
739 278 817 302 non
854 263 1095 316 quibuscum
1130 264 1249 309 vivas,
1281 263 1506 303 confidera:
1540 278 1715 311 mecum,
1749 276 1792 305 ut

393 330 524 375 voles;
548 344 640 368 cum
657 330 860 382 republica
880 330 961 368 redi
984 330 1024 368 in
1045 331 1225 383 gratiam.
1251 330 1323 368 Sed
1341 330 1388 369 de
1405 340 1442 369 te
1460 340 1502 369 tu
1520 331 1600 385 ipse
1621 331 1787 377 videris,-

392 409 465 447 ego
486 396 617 434 deme
639 396 721 449 ipso
752 396 981 449 profitebor.
1027 395 1201 434 Defendi
1232 396 1522 449 rempublicam
1551 396 1789 443 adolescens,

394 475 472 499 non
496 462 666 500 deseram
687 462 823 501 senex:
848 462 1065 515 contempsi
1088 463 1270 501 Catilina:
1291 463 1458 515 gladios,
1480 477 1560 502 non
1581 464 1789 517 pertimes-

393 541 480 566 cam
503 538 605 567 tuos.
684 530 751 567 uin
772 529 891 567 etiam
913 542 1054 582 corpus
1077 529 1247 567 libenter
1267 530 1498 575 obtulerim,
1531 531 1557 569 fi
1578 530 1788 584 repraesen-

393 594 465 632 tari
498 604 624 633 morte
656 608 742 633 mea
774 595 932 633 libertas
965 595 1135 633 civitatis
1168 595 1321 648 potest;
1356 604 1399 634 ut
1432 596 1643 648 aliquando
1677 596 1789 635 dolor

392 661 532 713 populi
554 662 727 700 Romani
748 662 885 714 pariat,
904 661 1009 714 quod
1025 661 1180 714 jamdiu
1195 662 1377 714 parturit.
1402 663 1580 708 Etenim,
1597 663 1625 700 fi
1641 662 1787 702 abhinc

392 740 513 764 annos
544 741 665 780 prope
694 728 838 780 viginti
865 727 942 765 hoc
971 727 1054 780 ipso
1086 728 1127 765 in
1149 728 1301 780 templo
1322 728 1461 780 negavi
1491 729 1594 781 poffe
1614 738 1786 768 mortem

392 793 646 832 immaturam
674 794 746 832 effe
778 794 999 839 consulari;
1032 803 1180 846 quanto
1210 794 1337 832 verius
1368 808 1475 832 nunc
1498 796 1650 847 negabo
1671 795 1785 834 seni?

392 858 502 897 Mihi
524 855 628 904 vero,
648 860 780 898 Patres
801 860 1126 912 conscripti,jam
1147 861 1266 898 etiam
1287 860 1457 913 optanda
1477 874 1582 898 mors
1603 861 1671 906 est,
1694 875 1784 914 per-

391 924 529 963 functo
551 925 665 963 rebus
686 927 749 971 iis,
782 939 877 978 quas
898 926 1060 979 adeptus
1083 926 1183 972 sum,
1216 926 1388 979 quasque
1407 926 1514 979 geffi.
1548 928 1642 965 Duo
1664 928 1784 966 modo

389 990 474 1029 haec
507 1000 630 1044 opto:
664 1006 804 1037 unum,
838 1001 881 1030 ut
916 993 1087 1030 moriens
1120 993 1316 1045 populum
1351 993 1581 1031 Romanum
1611 993 1783 1033 liberum

389 1057 635 1109 relinquam;
669 1057 745 1096 hoc
773 1057 875 1097 mihi
905 1059 1032 1110 majus
1064 1072 1085 1096 a
1115 1059 1205 1097 Diis
1237 1059 1531 1098 immortalibus
1564 1059 1645 1098 dari
1680 1059 1784 1099 nihil

390 1118 539 1171 potest:
563 1119 745 1166 alterum,
770 1129 813 1158 ut
835 1120 888 1159 ita
908 1120 1054 1173 cuique
1072 1120 1238 1165 eveniat,
1263 1130 1306 1159 ut
1327 1121 1374 1158 de
1394 1121 1597 1174 republica
1616 1122 1784 1176 quisque

388 1194 596 1225 mereatur.

468 2384 610 2422 Tom.
643 2383 716 2421 VI.
878 2400 881 2403 ⁴
1393 2389 1426 2424 'l'
1462 2397 1474 2423 t
