2076 2860
642 184 719 223 IN
779 185 830 223 L.
891 183 1249 223 PISONEM.
1578 202 1657 244 157

248 282 427 337 reliquiis
448 283 701 322 concitastis?
725 283 833 336 quod
853 297 990 322 omnes
1013 283 1189 336 undique
1210 284 1383 337 perditos
1405 287 1649 342 collegistis?

248 351 356 405 quod
388 351 429 388 in
462 364 526 388 me
558 364 753 389 carcerem
786 350 1010 390 effudistis?
1043 351 1152 404 quod
1185 353 1410 405 conjuratos
1442 357 1648 395 armastis?

247 417 355 470 quod
375 431 513 456 eorum
533 417 638 456 ferro
658 431 701 456 ac
722 417 848 456 furori
869 432 1006 456 meum
1030 432 1173 471 corpus
1188 448 1199 465 ‚
1232 428 1349 473 atque
1369 422 1554 461 omnium
1576 423 1650 462 bo-

187 517 190 520 .
248 497 392 523 norum
412 484 550 530 vitam,
582 484 754 537 objicere
786 484 963 523 voluistis
983 486 995 523 ?
1029 484 1102 524 Sed
1117 486 1201 538 jam
1222 486 1337 525 redeo
1356 487 1404 526 ad
1424 489 1649 541 praeclaram

246 550 360 591 illam
380 551 616 590 concionem
639 561 762 591 tuam.

302 619 421 658 VIII.
454 619 521 657 Tu
543 632 581 657 es
603 618 695 664 ille,
728 618 794 657 cui
815 618 1024 657 crudelitas
1047 617 1230 671 displicet
1249 620 1262 657 ?
1294 620 1360 658 cui
1381 634 1475 659 cum
1495 622 1648 662 senatus

246 683 401 723 luctum
418 698 461 723 ac
478 684 657 724 dolorem
673 685 789 723 suum
804 684 917 723 vestis
934 685 1156 723 mutatione
1177 684 1456 725 declarandum
1477 689 1649 727 censuis-

247 749 317 796 set,
340 764 434 790 cum
450 751 599 789 videres
616 765 781 790 moerere
797 751 1086 803 rempublicam
1102 751 1331 803 ampliffimi
1352 753 1501 792 ordinis
1523 755 1647 801 lue-Itu,

249 818 286 855 O
310 817 437 857 noster
457 818 676 856 misericors
697 818 704 855 !
739 817 836 870 quid
860 817 957 856 facis
977 819 990 855 ?
1022 817 1130 869 quod
1151 817 1261 855 nulla
1281 819 1322 856 in
1346 819 1521 858 barbaria
1540 823 1647 874 quis-

246 897 368 935 quam
389 893 591 935 tyrannus.
618 883 777 921 Omitto
798 883 906 922 enim
927 883 1043 928 illud,
1066 883 1270 922 consulem
1290 884 1456 931 edicere,
1475 897 1519 925 ut
1541 888 1647 927 sena-

249 958 311 988 tus
334 949 696 988 senatus-consulto
716 963 765 987 ne
786 949 1059 1002 obtemperet:
1093 963 1172 1003 quo
1194 949 1338 989 foedius
1361 966 1433 991 nec
1454 953 1554 1000 fieri,
1579 969 1649 994 nec

247 1015 413 1067 cogitari
428 1045 438 1060 ,
472 1015 691 1068 quidquam
712 1015 852 1068 potest.
893 1015 958 1053 Ad
978 1015 1287 1055 misericordiam
1308 1018 1422 1056 redeo
1442 1021 1525 1072 ejus
1541 1051 1551 1066 ,
1584 1023 1648 1060 cui

247 1081 366 1119 nimis
388 1081 544 1120 videtur
564 1082 716 1120 senatus
738 1083 779 1120 in
801 1081 1061 1121 conservanda
1080 1083 1204 1135 patria
1223 1082 1336 1122 fuifl‘e
1357 1085 1542 1125 crudelis.

303 1148 469 1187 Edicere
499 1148 552 1187 est
581 1149 692 1187 ausus
723 1163 817 1188 cum
845 1149 916 1187 illo
938 1149 1004 1188 suo
1025 1150 1134 1202 pari,
1167 1164 1287 1202 quem
1309 1160 1440 1190 tamen
1462 1155 1650 1194 omnibus

246 1214 354 1252 vitiis
387 1214 563 1266 superare
595 1215 801 1267 cupiebat,
834 1224 878 1253 ut
910 1215 1087 1260 senatus,
1120 1225 1257 1254 contra
1289 1231 1409 1269 quam
1441 1219 1521 1271 ipse
1554 1235 1651 1259 cen-

247 1279 378 1318 suiffet
392 1310 403 1325 ,
435 1279 482 1318 ad
503 1280 685 1319 vestitum
708 1281 865 1319 rediret.
899 1282 1001 1334 Qis
1023 1281 1101 1320 hoc
1122 1281 1218 1321 fecit
1241 1282 1320 1321 ulla
1340 1285 1382 1322 in
1405 1285 1565 1336 Scythia
1585 1296 1648 1339 ty-

247 1359 407 1390 rannus,
440 1355 484 1383 ut
504 1359 583 1391 eos,
617 1360 715 1399 quos
738 1346 846 1385 lustu
868 1347 1053 1392 afficeret,
1076 1347 1210 1400 lugere
1232 1362 1310 1387 non
1333 1350 1500 1389 sineret?
1533 1353 1649 1392 Moe-

244 1425 376 1451 rorem
397 1411 604 1465 relinquis,
636 1413 817 1452 moeroris
843 1413 969 1452 aufers
992 1414 1159 1466 infignia
1177 1430 1185 1453 :
1218 1416 1336 1467 eripis
1358 1416 1547 1469 lacrymas
1569 1433 1649 1457 non

245 1477 499 1524 consolando,
532 1479 596 1518 sed
623 1479 826 1519 minando.
861 1481 982 1532 Qod
1014 1480 1040 1519 fi
1072 1480 1217 1520 vestem
1245 1496 1325 1520 non
1358 1484 1523 1535 publico
1551 1499 1649 1524 con-

246 1544 332 1582 filio
362 1553 489 1597 patres
523 1545 761 1597 conscripti,
793 1545 857 1584 sed
889 1547 1041 1598 privato
1073 1547 1229 1591 officio,
1261 1557 1327 1585 aut
1358 1549 1647 1596 misericordia,

247 1609 525 1655 mutaviffent5
559 1619 689 1649 tamen
721 1611 761 1647 id
783 1611 829 1648 iis
852 1624 931 1650 non
952 1611 1070 1648 licere
1092 1625 1159 1663 per
1179 1612 1386 1651 interdidta
1405 1615 1652 1654 crudelitatis

247 1685 338 1721 tuae,
357 1675 555 1729 potestatis
577 1686 656 1714 erat
678 1690 758 1714 non
779 1675 962 1716 ferendae.
988 1679 1095 1716 Cum
1116 1692 1206 1716 vero
1227 1678 1267 1716 id
1289 1679 1440 1718 senatus
1462 1680 1648 1734 frequens

246 1741 467 1787 censuisset,
493 1741 649 1780 ordines
671 1743 814 1795 reliqui
830 1744 914 1795 jam
935 1752 1024 1782 ante
1044 1742 1249 1789 feciffent3
1275 1755 1318 1782 tu
1339 1760 1386 1783 ex
1410 1748 1650 1787 tenebricosa

248 1807 395 1860 popina
429 1807 565 1847 consul
600 1809 795 1846 extractus
812 1837 822 1852 ,
855 1821 948 1846 cum
982 1808 1050 1846 illa
1081 1808 1273 1848 saltatrice
1305 1811 1414 1849 tonsa
1429 1842 1439 1857 ,
1473 1813 1649 1852 senatum

247 1874 388 1926 populi
420 1874 593 1912 Romani
625 1874 821 1919 occasum,
853 1884 970 1927 atque
1002 1875 1210 1914 interitum
1241 1877 1484 1929 reipublicae,
1517 1879 1650 1933 lugere

247 1939 418 1979 vetuisti.

304 2007 378 2046 IX.
411 2007 467 2045 At
484 2007 681 2059 quaerebat
697 2008 816 2045 etiam
833 2007 951 2059 paulo
967 2016 1056 2045 ante
1072 2007 1119 2046 de
1135 2022 1213 2053 me,
1232 2009 1329 2061 quid
1346 2010 1414 2048 suo
1431 2010 1532 2049 mihi
1549 2025 1648 2064 opus

246 2071 378 2110 fuiffet
409 2073 586 2118 auxilio;
620 2087 689 2111 cur
710 2087 789 2110 non
811 2073 909 2111 meis
931 2073 1106 2112 inimicis
1137 2075 1236 2113 meis
1267 2077 1391 2128 copiis
1414 2077 1647 2117 restitiffem.

249 2138 368 2189 Qafi
399 2153 490 2176 vero
522 2153 601 2177 non
635 2139 754 2176 modo
785 2152 873 2191 egO,
906 2139 975 2191 qui
1005 2140 1144 2179 multis
1175 2141 1272 2194 saepe
1298 2143 1448 2181 auxilio
1475 2142 1647 2190 fuiffem,

250 2202 314 2241 sed
346 2202 554 2255 quisquam
588 2213 668 2242 tam
700 2204 814 2256 inops
847 2203 968 2242 fuerit
1001 2219 1191 2258 unquam,
1224 2208 1293 2259 qui
1321 2208 1393 2246 isto
1422 2223 1500 2247 non
1529 2210 1649 2248 modo

250 2278 541 2320 propugnatore
563 2269 751 2308 tutiorem
773 2270 823 2315 se,
856 2270 919 2308 sed
943 2271 1131 2311 advocato
1151 2283 1218 2312 aut
1239 2273 1514 2326 adstipulatore
1535 2289 1646 2328 para-

252 2336 406 2379 tiorem,
440 2333 522 2373 fore
543 2344 711 2387 putaret.
745 2337 833 2388 Ego
854 2337 961 2377 istius
985 2339 1146 2391 pecudis
1168 2353 1211 2378 ac
1231 2340 1379 2392 putidae
1401 2342 1526 2379 carnis
1549 2356 1646 2380 con-

251 2400 336 2438 filio
357 2399 506 2438 scilicet
527 2410 593 2439 aut
613 2401 788 2453 praefidio
809 2403 885 2441 niti
904 2404 1086 2443 volebam
1105 2406 1117 2443 ?
1150 2405 1197 2443 ab
1225 2405 1302 2444 hoc
1323 2407 1446 2458 ejecto
1467 2407 1648 2445 cadavere

252 2466 471 2519 quidquam
492 2466 593 2507 mihi
613 2477 680 2507 aut
700 2469 785 2521 opis
806 2478 873 2508 aut
893 2471 1116 2510 ornamenti
1135 2473 1367 2525 expetebam
1385 2474 1398 2510 ?
1432 2473 1648 2511 Consulem
