<?xml version="1.0" encoding="UTF-8"?>
<!DOCTYPE html PUBLIC "-//W3C//DTD XHTML 1.0 Transitional//EN"
    "http://www.w3.org/TR/xhtml1/DTD/xhtml1-transitional.dtd">
<html xmlns="http://www.w3.org/1999/xhtml" xml:lang="en" lang="en">
 <head>
  <title>
</title>
<meta http-equiv="Content-Type" content="text/html;charset=utf-8" />
  <meta name='ocr-system' content='tesseract 3.04.00' />
  <meta name='ocr-capabilities' content='ocr_page ocr_carea ocr_par ocr_line ocrx_word'/>
</head>
<body>
  <div class='ocr_page' id='page_1' title='image "./operacumindicibu06ciceuoft_0090.png"; bbox 0 0 2076 2860; ppageno 0'>
   <div class='ocr_carea' id='block_1_1' title="bbox 350 204 1272 246">
    <p class='ocr_par' dir='ltr' id='par_1_1' title="bbox 350 204 1272 246">
     <span class='ocr_line' id='line_1_1' title="bbox 350 204 1272 246; baseline -0.005 0"><span class='ocrx_word' id='word_1_1' title='bbox 350 207 398 246; x_wconf 83' lang='lat' dir='ltr'>So</span> <span class='ocrx_word' id='word_1_2' title='bbox 828 204 1272 242; x_wconf 87' lang='lat' dir='ltr'><strong>ORATIO</strong></span> 
     </span>
    </p>
   </div>
   <div class='ocr_carea' id='block_1_2' title="bbox 349 300 1751 2535">
    <p class='ocr_par' dir='ltr' id='par_1_2' title="bbox 349 300 1744 872">
     <span class='ocr_line' id='line_1_2' title="bbox 406 300 1739 343; baseline -0.002 -1"><span class='ocrx_word' id='word_1_3' title='bbox 406 305 479 343; x_wconf 90' lang='lat' dir='ltr'>IV.</span> <span class='ocrx_word' id='word_1_4' title='bbox 512 305 662 342; x_wconf 87' lang='lat' dir='ltr'>Verum</span> <span class='ocrx_word' id='word_1_5' title='bbox 692 302 737 340; x_wconf 84' lang='lat' dir='ltr'>ad</span> <span class='ocrx_word' id='word_1_6' title='bbox 766 301 877 340; x_wconf 89' lang='lat' dir='ltr'>istam</span> <span class='ocrx_word' id='word_1_7' title='bbox 907 315 1069 341; x_wconf 91' lang='lat' dir='ltr'>omnem</span> <span class='ocrx_word' id='word_1_8' title='bbox 1090 303 1308 341; x_wconf 86' lang='lat' dir='ltr'>orationem</span> <span class='ocrx_word' id='word_1_9' title='bbox 1331 301 1457 341; x_wconf 90' lang='lat' dir='ltr'>brevis</span> <span class='ocrx_word' id='word_1_10' title='bbox 1479 301 1533 340; x_wconf 90' lang='lat' dir='ltr'>est</span> <span class='ocrx_word' id='word_1_11' title='bbox 1553 300 1739 340; x_wconf 71' lang='lat' dir='ltr'>defensio.</span> 
     </span>
     <span class='ocr_line' id='line_1_3' title="bbox 351 368 1740 422; baseline -0.001 -14"><span class='ocrx_word' id='word_1_12' title='bbox 351 371 457 408; x_wconf 79' lang='lat' dir='ltr'>Nam</span> <span class='ocrx_word' id='word_1_13' title='bbox 473 401 483 415; x_wconf 88' lang='lat'>,</span> <span class='ocrx_word' id='word_1_14' title='bbox 515 370 641 422; x_wconf 88' lang='lat' dir='ltr'>quoad</span> <span class='ocrx_word' id='word_1_15' title='bbox 663 379 749 408; x_wconf 82' lang='lat' dir='ltr'>aetas</span> <span class='ocrx_word' id='word_1_16' title='bbox 773 369 835 406; x_wconf 90' lang='lat' dir='ltr'>M.</span> <span class='ocrx_word' id='word_1_17' title='bbox 861 369 975 407; x_wconf 81' lang='lat' dir='ltr'>Caelii</span> <span class='ocrx_word' id='word_1_18' title='bbox 997 369 1084 407; x_wconf 90' lang='lat' dir='ltr'>dare</span> <span class='ocrx_word' id='word_1_19' title='bbox 1105 370 1237 422; x_wconf 89' lang='lat' dir='ltr'>potuit</span> <span class='ocrx_word' id='word_1_20' title='bbox 1258 369 1319 407; x_wconf 92' lang='lat' dir='ltr'>isti</span> <span class='ocrx_word' id='word_1_21' title='bbox 1342 369 1553 422; x_wconf 89' lang='lat' dir='ltr'>suspicioni</span> <span class='ocrx_word' id='word_1_22' title='bbox 1577 368 1712 407; x_wconf 88' lang='lat' dir='ltr'>locum</span> <span class='ocrx_word' id='word_1_23' title='bbox 1728 397 1740 412; x_wconf 90' lang='lat'>‚</span> 
     </span>
     <span class='ocr_line' id='line_1_4' title="bbox 350 433 1740 488; baseline -0.001 -15"><span class='ocrx_word' id='word_1_24' title='bbox 350 435 427 474; x_wconf 87' lang='lat' dir='ltr'>fuit</span> <span class='ocrx_word' id='word_1_25' title='bbox 447 437 623 488; x_wconf 86' lang='lat' dir='ltr'>primum</span> <span class='ocrx_word' id='word_1_26' title='bbox 643 436 759 488; x_wconf 80' lang='lat' dir='ltr'>ipsius</span> <span class='ocrx_word' id='word_1_27' title='bbox 782 434 953 486; x_wconf 88' lang='lat' dir='ltr'>pudore,</span> <span class='ocrx_word' id='word_1_28' title='bbox 986 434 1126 473; x_wconf 89' lang='lat' dir='ltr'>deinde</span> <span class='ocrx_word' id='word_1_29' title='bbox 1152 436 1271 473; x_wconf 87' lang='lat' dir='ltr'>etiam</span> <span class='ocrx_word' id='word_1_30' title='bbox 1292 436 1411 488; x_wconf 86' lang='lat' dir='ltr'>patris</span> <span class='ocrx_word' id='word_1_31' title='bbox 1434 434 1642 487; x_wconf 83' lang='lat' dir='ltr'>diligentia</span> <span class='ocrx_word' id='word_1_32' title='bbox 1661 433 1740 471; x_wconf 89' lang='lat' dir='ltr'>dis-</span> 
     </span>
     <span class='ocr_line' id='line_1_5' title="bbox 349 498 1741 554; baseline -0.002 -15"><span class='ocrx_word' id='word_1_33' title='bbox 349 503 599 554; x_wconf 88' lang='lat' dir='ltr'>ciplinaque,</span> <span class='ocrx_word' id='word_1_34' title='bbox 632 501 810 538; x_wconf 87' lang='lat' dir='ltr'>munita:</span> <span class='ocrx_word' id='word_1_35' title='bbox 843 501 913 551; x_wconf 91' lang='lat' dir='ltr'>qui</span> <span class='ocrx_word' id='word_1_36' title='bbox 943 509 987 538; x_wconf 91' lang='lat' dir='ltr'>ut</span> <span class='ocrx_word' id='word_1_37' title='bbox 1016 500 1111 538; x_wconf 91' lang='lat' dir='ltr'>huic</span> <span class='ocrx_word' id='word_1_38' title='bbox 1139 501 1294 539; x_wconf 90' lang='lat' dir='ltr'>virilem</span> <span class='ocrx_word' id='word_1_39' title='bbox 1316 511 1450 553; x_wconf 84' lang='lat' dir='ltr'>togam</span> <span class='ocrx_word' id='word_1_40' title='bbox 1472 500 1606 545; x_wconf 90' lang='lat' dir='ltr'>dedit,</span> <span class='ocrx_word' id='word_1_41' title='bbox 1638 498 1741 538; x_wconf 92' lang='lat' dir='ltr'>nihil</span> 
     </span>
     <span class='ocr_line' id='line_1_6' title="bbox 350 565 1743 619; baseline -0.002 -13"><span class='ocrx_word' id='word_1_42' title='bbox 350 569 476 606; x_wconf 85' lang='lat' dir='ltr'>dicam</span> <span class='ocrx_word' id='word_1_43' title='bbox 493 568 568 605; x_wconf 90' lang='lat' dir='ltr'>hoc</span> <span class='ocrx_word' id='word_1_44' title='bbox 586 568 673 605; x_wconf 95' lang='lat' dir='ltr'>loco</span> <span class='ocrx_word' id='word_1_45' title='bbox 690 568 736 605; x_wconf 87' lang='lat' dir='ltr'>de</span> <span class='ocrx_word' id='word_1_46' title='bbox 752 580 835 612; x_wconf 86' lang='lat' dir='ltr'>me;</span> <span class='ocrx_word' id='word_1_47' title='bbox 853 576 1008 604; x_wconf 89' lang='lat' dir='ltr'>tantum</span> <span class='ocrx_word' id='word_1_48' title='bbox 1025 568 1085 612; x_wconf 86' lang='lat' dir='ltr'>fit,</span> <span class='ocrx_word' id='word_1_49' title='bbox 1100 577 1294 619; x_wconf 88' lang='lat' dir='ltr'>quantum</span> <span class='ocrx_word' id='word_1_50' title='bbox 1311 581 1378 606; x_wconf 87' lang='lat' dir='ltr'>vos</span> <span class='ocrx_word' id='word_1_51' title='bbox 1395 567 1646 605; x_wconf 85' lang='lat' dir='ltr'>existimatis:</span> <span class='ocrx_word' id='word_1_52' title='bbox 1665 565 1743 604; x_wconf 88' lang='lat' dir='ltr'>hoc</span> 
     </span>
     <span class='ocr_line' id='line_1_7' title="bbox 349 633 1744 686; baseline -0.001 -14"><span class='ocrx_word' id='word_1_53' title='bbox 349 635 493 680; x_wconf 85' lang='lat' dir='ltr'>dicam,</span> <span class='ocrx_word' id='word_1_54' title='bbox 524 634 632 672; x_wconf 91' lang='lat' dir='ltr'>hunc</span> <span class='ocrx_word' id='word_1_55' title='bbox 662 648 683 671; x_wconf 90' lang='lat' dir='ltr'>a</span> <span class='ocrx_word' id='word_1_56' title='bbox 711 643 818 686; x_wconf 85' lang='lat' dir='ltr'>patre</span> <span class='ocrx_word' id='word_1_57' title='bbox 848 633 1040 671; x_wconf 87' lang='lat' dir='ltr'>continuo</span> <span class='ocrx_word' id='word_1_58' title='bbox 1069 633 1116 670; x_wconf 87' lang='lat' dir='ltr'>ad</span> <span class='ocrx_word' id='word_1_59' title='bbox 1146 647 1210 671; x_wconf 90' lang='lat' dir='ltr'>me</span> <span class='ocrx_word' id='word_1_60' title='bbox 1239 634 1311 671; x_wconf 84' lang='lat' dir='ltr'>effe</span> <span class='ocrx_word' id='word_1_61' title='bbox 1341 634 1569 672; x_wconf 64' lang='lat' dir='ltr'>deductum.</span> <span class='ocrx_word' id='word_1_62' title='bbox 1607 633 1744 671; x_wconf 87' lang='lat' dir='ltr'>Nemo</span> 
     </span>
     <span class='ocr_line' id='line_1_8' title="bbox 349 698 1741 751; baseline -0.002 -12"><span class='ocrx_word' id='word_1_63' title='bbox 349 701 456 739; x_wconf 88' lang='lat' dir='ltr'>hunc</span> <span class='ocrx_word' id='word_1_64' title='bbox 478 702 540 739; x_wconf 88' lang='lat' dir='ltr'>M.</span> <span class='ocrx_word' id='word_1_65' title='bbox 566 700 736 739; x_wconf 82' lang='lat' dir='ltr'>Caelium</span> <span class='ocrx_word' id='word_1_66' title='bbox 757 701 797 737; x_wconf 93' lang='lat' dir='ltr'>in</span> <span class='ocrx_word' id='word_1_67' title='bbox 819 699 889 737; x_wconf 92' lang='lat' dir='ltr'>illo</span> <span class='ocrx_word' id='word_1_68' title='bbox 911 699 1032 737; x_wconf 86' lang='lat' dir='ltr'>aetatis</span> <span class='ocrx_word' id='word_1_69' title='bbox 1055 698 1149 736; x_wconf 86' lang='lat' dir='ltr'>flore</span> <span class='ocrx_word' id='word_1_70' title='bbox 1169 699 1283 744; x_wconf 88' lang='lat' dir='ltr'>vidit,</span> <span class='ocrx_word' id='word_1_71' title='bbox 1317 699 1386 736; x_wconf 88' lang='lat' dir='ltr'>nifi</span> <span class='ocrx_word' id='word_1_72' title='bbox 1417 709 1483 738; x_wconf 89' lang='lat' dir='ltr'>aut</span> <span class='ocrx_word' id='word_1_73' title='bbox 1504 714 1598 738; x_wconf 90' lang='lat' dir='ltr'>cum</span> <span class='ocrx_word' id='word_1_74' title='bbox 1618 708 1741 751; x_wconf 87' lang='lat' dir='ltr'>patre,</span> 
     </span>
     <span class='ocr_line' id='line_1_9' title="bbox 349 764 1743 811; baseline -0.003 -5"><span class='ocrx_word' id='word_1_75' title='bbox 349 777 415 805; x_wconf 89' lang='lat' dir='ltr'>aut</span> <span class='ocrx_word' id='word_1_76' title='bbox 439 781 623 811; x_wconf 86' lang='lat' dir='ltr'>mecum,</span> <span class='ocrx_word' id='word_1_77' title='bbox 655 775 722 803; x_wconf 89' lang='lat' dir='ltr'>aut</span> <span class='ocrx_word' id='word_1_78' title='bbox 751 766 791 803; x_wconf 93' lang='lat' dir='ltr'>in</span> <span class='ocrx_word' id='word_1_79' title='bbox 823 766 886 803; x_wconf 90' lang='lat' dir='ltr'>M.</span> <span class='ocrx_word' id='word_1_80' title='bbox 912 765 1031 803; x_wconf 83' lang='lat' dir='ltr'>Craffi</span> <span class='ocrx_word' id='word_1_81' title='bbox 1062 764 1265 803; x_wconf 79' lang='lat' dir='ltr'>castiflima</span> <span class='ocrx_word' id='word_1_82' title='bbox 1294 764 1439 809; x_wconf 89' lang='lat' dir='ltr'>domo,</span> <span class='ocrx_word' id='word_1_83' title='bbox 1471 778 1565 804; x_wconf 90' lang='lat' dir='ltr'>cum</span> <span class='ocrx_word' id='word_1_84' title='bbox 1594 764 1743 803; x_wconf 86' lang='lat' dir='ltr'>artibus</span> 
     </span>
     <span class='ocr_line' id='line_1_10' title="bbox 350 833 877 872; baseline -0.006 0"><span class='ocrx_word' id='word_1_85' title='bbox 350 834 623 872; x_wconf 86' lang='lat' dir='ltr'>honestiffimis</span> <span class='ocrx_word' id='word_1_86' title='bbox 644 833 877 871; x_wconf 86' lang='lat' dir='ltr'>erudiretur.</span> 
     </span>
    </p>

    <p class='ocr_par' dir='ltr' id='par_1_3' title="bbox 350 896 1749 1876">
     <span class='ocr_line' id='line_1_11' title="bbox 407 896 1745 952; baseline -0.003 -14"><span class='ocrx_word' id='word_1_87' title='bbox 407 901 513 939; x_wconf 90' lang='lat' dir='ltr'>Nam</span> <span class='ocrx_word' id='word_1_88' title='bbox 534 899 640 952; x_wconf 90' lang='lat' dir='ltr'>quod</span> <span class='ocrx_word' id='word_1_89' title='bbox 662 899 844 937; x_wconf 84' lang='lat' dir='ltr'>Catilinae</span> <span class='ocrx_word' id='word_1_90' title='bbox 865 897 1109 936; x_wconf 85' lang='lat' dir='ltr'>familiaritas</span> <span class='ocrx_word' id='word_1_91' title='bbox 1131 898 1284 950; x_wconf 68' lang='lat' dir='ltr'>obje&amp;a</span> <span class='ocrx_word' id='word_1_92' title='bbox 1305 897 1429 936; x_wconf 78' lang='lat' dir='ltr'>Caelio</span> <span class='ocrx_word' id='word_1_93' title='bbox 1450 897 1518 942; x_wconf 90' lang='lat' dir='ltr'>est,</span> <span class='ocrx_word' id='word_1_94' title='bbox 1551 897 1669 949; x_wconf 88' lang='lat' dir='ltr'>longe</span> <span class='ocrx_word' id='word_1_95' title='bbox 1695 896 1745 934; x_wconf 88' lang='lat' dir='ltr'>ab</span> 
     </span>
     <span class='ocr_line' id='line_1_12' title="bbox 353 962 1745 1019; baseline -0.004 -14"><span class='ocrx_word' id='word_1_96' title='bbox 353 967 419 1005; x_wconf 86' lang='lat' dir='ltr'>ista</span> <span class='ocrx_word' id='word_1_97' title='bbox 439 966 656 1019; x_wconf 83' lang='lat' dir='ltr'>suspicione</span> <span class='ocrx_word' id='word_1_98' title='bbox 677 965 883 1003; x_wconf 85' lang='lat' dir='ltr'>abhorrere</span> <span class='ocrx_word' id='word_1_99' title='bbox 904 964 1033 1002; x_wconf 91' lang='lat' dir='ltr'>debet.</span> <span class='ocrx_word' id='word_1_100' title='bbox 1078 965 1170 1002; x_wconf 92' lang='lat' dir='ltr'>Hoc</span> <span class='ocrx_word' id='word_1_101' title='bbox 1198 964 1306 1002; x_wconf 87' lang='lat' dir='ltr'>enim</span> <span class='ocrx_word' id='word_1_102' title='bbox 1336 963 1579 1001; x_wconf 80' lang='lat' dir='ltr'>adolescente</span> <span class='ocrx_word' id='word_1_103' title='bbox 1594 992 1604 1007; x_wconf 92' lang='lat'>‚</span> <span class='ocrx_word' id='word_1_104' title='bbox 1637 962 1745 1000; x_wconf 90' lang='lat' dir='ltr'>scitis</span> 
     </span>
     <span class='ocr_line' id='line_1_13' title="bbox 350 1029 1746 1084; baseline -0.004 -13"><span class='ocrx_word' id='word_1_105' title='bbox 350 1034 598 1072; x_wconf 83' lang='lat' dir='ltr'>consulatum</span> <span class='ocrx_word' id='word_1_106' title='bbox 619 1046 776 1070; x_wconf 90' lang='lat' dir='ltr'>mecum</span> <span class='ocrx_word' id='word_1_107' title='bbox 798 1031 931 1084; x_wconf 82' lang='lat' dir='ltr'>petiffe</span> <span class='ocrx_word' id='word_1_108' title='bbox 954 1031 1194 1068; x_wconf 79' lang='lat' dir='ltr'>Catilinam:</span> <span class='ocrx_word' id='word_1_109' title='bbox 1226 1030 1273 1068; x_wconf 88' lang='lat' dir='ltr'>ad</span> <span class='ocrx_word' id='word_1_110' title='bbox 1294 1044 1412 1083; x_wconf 89' lang='lat' dir='ltr'>quem</span> <span class='ocrx_word' id='word_1_111' title='bbox 1435 1031 1461 1068; x_wconf 87' lang='lat' dir='ltr'>fi</span> <span class='ocrx_word' id='word_1_112' title='bbox 1483 1029 1649 1074; x_wconf 82' lang='lat' dir='ltr'>acceflit,</span> <span class='ocrx_word' id='word_1_113' title='bbox 1678 1037 1746 1066; x_wconf 82' lang='lat' dir='ltr'>aut</span> 
     </span>
     <span class='ocr_line' id='line_1_14' title="bbox 351 1095 1746 1150; baseline -0.004 -12"><span class='ocrx_word' id='word_1_114' title='bbox 351 1101 377 1139; x_wconf 88' lang='lat' dir='ltr'><strong>fi</strong></span> <span class='ocrx_word' id='word_1_115' title='bbox 399 1115 418 1137; x_wconf 91' lang='lat' dir='ltr'>a</span> <span class='ocrx_word' id='word_1_116' title='bbox 438 1114 501 1138; x_wconf 88' lang='lat' dir='ltr'>me</span> <span class='ocrx_word' id='word_1_117' title='bbox 521 1099 687 1137; x_wconf 87' lang='lat' dir='ltr'>disceflit</span> <span class='ocrx_word' id='word_1_118' title='bbox 708 1111 883 1150; x_wconf 90' lang='lat' dir='ltr'>unquam</span> <span class='ocrx_word' id='word_1_119' title='bbox 899 1127 909 1143; x_wconf 95' lang='lat'>‚</span> <span class='ocrx_word' id='word_1_120' title='bbox 945 1099 1188 1150; x_wconf 77' lang='lat' dir='ltr'>(quanquam</span> <span class='ocrx_word' id='word_1_121' title='bbox 1209 1097 1328 1135; x_wconf 88' lang='lat' dir='ltr'>multi</span> <span class='ocrx_word' id='word_1_122' title='bbox 1362 1097 1457 1135; x_wconf 90' lang='lat' dir='ltr'>boni</span> <span class='ocrx_word' id='word_1_123' title='bbox 1482 1095 1746 1134; x_wconf 87' lang='lat' dir='ltr'>adolescentes</span> 
     </span>
     <span class='ocr_line' id='line_1_15' title="bbox 352 1162 1747 1217; baseline -0.004 -13"><span class='ocrx_word' id='word_1_124' title='bbox 352 1167 411 1204; x_wconf 92' lang='lat' dir='ltr'>illi</span> <span class='ocrx_word' id='word_1_125' title='bbox 433 1166 588 1204; x_wconf 90' lang='lat' dir='ltr'>homini</span> <span class='ocrx_word' id='word_1_126' title='bbox 610 1178 778 1217; x_wconf 84' lang='lat' dir='ltr'>nequam</span> <span class='ocrx_word' id='word_1_127' title='bbox 795 1173 910 1216; x_wconf 90' lang='lat' dir='ltr'>atque</span> <span class='ocrx_word' id='word_1_128' title='bbox 928 1163 1112 1216; x_wconf 87' lang='lat' dir='ltr'>improbo</span> <span class='ocrx_word' id='word_1_129' title='bbox 1128 1163 1377 1213; x_wconf 85' lang='lat' dir='ltr'>studuerunt)</span> <span class='ocrx_word' id='word_1_130' title='bbox 1399 1171 1485 1200; x_wconf 83' lang='lat' dir='ltr'>tum</span> <span class='ocrx_word' id='word_1_131' title='bbox 1501 1162 1747 1200; x_wconf 81' lang='lat' dir='ltr'>existimetur</span> 
     </span>
     <span class='ocr_line' id='line_1_16' title="bbox 353 1226 1745 1280; baseline -0.004 -10"><span class='ocrx_word' id='word_1_132' title='bbox 353 1233 498 1270; x_wconf 81' lang='lat' dir='ltr'>Caelius</span> <span class='ocrx_word' id='word_1_133' title='bbox 522 1231 703 1269; x_wconf 86' lang='lat' dir='ltr'>Catilinae</span> <span class='ocrx_word' id='word_1_134' title='bbox 724 1230 897 1268; x_wconf 90' lang='lat' dir='ltr'>nimium</span> <span class='ocrx_word' id='word_1_135' title='bbox 918 1228 1123 1266; x_wconf 87' lang='lat' dir='ltr'>familiaris</span> <span class='ocrx_word' id='word_1_136' title='bbox 1145 1227 1271 1266; x_wconf 83' lang='lat' dir='ltr'>fuiffe.</span> <span class='ocrx_word' id='word_1_137' title='bbox 1316 1230 1372 1265; x_wconf 84' lang='lat' dir='ltr'>At</span> <span class='ocrx_word' id='word_1_138' title='bbox 1392 1229 1500 1266; x_wconf 88' lang='lat' dir='ltr'>enim</span> <span class='ocrx_word' id='word_1_139' title='bbox 1520 1227 1649 1280; x_wconf 86' lang='lat' dir='ltr'>postea</span> <span class='ocrx_word' id='word_1_140' title='bbox 1669 1226 1745 1264; x_wconf 90' lang='lat' dir='ltr'>sci—</span> 
     </span>
     <span class='ocr_line' id='line_1_17' title="bbox 352 1292 1746 1345; baseline -0.005 -9"><span class='ocrx_word' id='word_1_141' title='bbox 352 1312 455 1343; x_wconf 83' lang='lat' dir='ltr'>mus,</span> <span class='ocrx_word' id='word_1_142' title='bbox 473 1307 511 1335; x_wconf 90' lang='lat' dir='ltr'>et</span> <span class='ocrx_word' id='word_1_143' title='bbox 527 1297 714 1341; x_wconf 86' lang='lat' dir='ltr'>vidimus,</span> <span class='ocrx_word' id='word_1_144' title='bbox 732 1296 804 1334; x_wconf 87' lang='lat' dir='ltr'>effe</span> <span class='ocrx_word' id='word_1_145' title='bbox 820 1294 928 1333; x_wconf 90' lang='lat' dir='ltr'>hunc</span> <span class='ocrx_word' id='word_1_146' title='bbox 944 1295 985 1332; x_wconf 93' lang='lat' dir='ltr'>in</span> <span class='ocrx_word' id='word_1_147' title='bbox 1002 1294 1110 1332; x_wconf 85' lang='lat' dir='ltr'>illius</span> <span class='ocrx_word' id='word_1_148' title='bbox 1132 1294 1285 1332; x_wconf 89' lang='lat' dir='ltr'>amicis.</span> <span class='ocrx_word' id='word_1_149' title='bbox 1305 1294 1407 1344; x_wconf 85' lang='lat' dir='ltr'>Qis</span> <span class='ocrx_word' id='word_1_150' title='bbox 1430 1294 1569 1345; x_wconf 85' lang='lat' dir='ltr'>negat?</span> <span class='ocrx_word' id='word_1_151' title='bbox 1588 1292 1652 1330; x_wconf 88' lang='lat' dir='ltr'>sed</span> <span class='ocrx_word' id='word_1_152' title='bbox 1673 1304 1746 1344; x_wconf 88' lang='lat' dir='ltr'>ego</span> 
     </span>
     <span class='ocr_line' id='line_1_18' title="bbox 352 1359 1746 1417; baseline -0.005 -14"><span class='ocrx_word' id='word_1_153' title='bbox 352 1365 452 1403; x_wconf 89' lang='lat' dir='ltr'>illud</span> <span class='ocrx_word' id='word_1_154' title='bbox 474 1375 629 1417; x_wconf 90' lang='lat' dir='ltr'>tempus</span> <span class='ocrx_word' id='word_1_155' title='bbox 651 1363 788 1407; x_wconf 66' lang='lat' dir='ltr'>aetatis,</span> <span class='ocrx_word' id='word_1_156' title='bbox 811 1362 917 1414; x_wconf 91' lang='lat' dir='ltr'>quod</span> <span class='ocrx_word' id='word_1_157' title='bbox 939 1361 1068 1414; x_wconf 88' lang='lat' dir='ltr'>ipsum</span> <span class='ocrx_word' id='word_1_158' title='bbox 1090 1361 1154 1398; x_wconf 86' lang='lat' dir='ltr'>sua</span> <span class='ocrx_word' id='word_1_159' title='bbox 1174 1360 1310 1413; x_wconf 90' lang='lat' dir='ltr'>sponte</span> <span class='ocrx_word' id='word_1_160' title='bbox 1332 1360 1553 1405; x_wconf 85' lang='lat' dir='ltr'>infirmum,</span> <span class='ocrx_word' id='word_1_161' title='bbox 1576 1359 1746 1397; x_wconf 87' lang='lat' dir='ltr'>aliorum</span> 
     </span>
     <span class='ocr_line' id='line_1_19' title="bbox 351 1425 1745 1474; baseline -0.005 -5"><span class='ocrx_word' id='word_1_162' title='bbox 351 1431 517 1469; x_wconf 86' lang='lat' dir='ltr'>libidine</span> <span class='ocrx_word' id='word_1_163' title='bbox 538 1429 725 1468; x_wconf 80' lang='lat' dir='ltr'>infestum</span> <span class='ocrx_word' id='word_1_164' title='bbox 745 1428 798 1466; x_wconf 87' lang='lat' dir='ltr'>est</span> <span class='ocrx_word' id='word_1_165' title='bbox 813 1458 823 1474; x_wconf 93' lang='lat'>‚</span> <span class='ocrx_word' id='word_1_166' title='bbox 856 1427 896 1465; x_wconf 91' lang='lat' dir='ltr'>id</span> <span class='ocrx_word' id='word_1_167' title='bbox 920 1426 996 1465; x_wconf 91' lang='lat' dir='ltr'>hoc</span> <span class='ocrx_word' id='word_1_168' title='bbox 1018 1427 1107 1465; x_wconf 91' lang='lat' dir='ltr'>loco</span> <span class='ocrx_word' id='word_1_169' title='bbox 1128 1425 1310 1464; x_wconf 86' lang='lat' dir='ltr'>defendo.</span> <span class='ocrx_word' id='word_1_170' title='bbox 1354 1426 1450 1464; x_wconf 90' lang='lat' dir='ltr'>Fuit</span> <span class='ocrx_word' id='word_1_171' title='bbox 1471 1425 1637 1463; x_wconf 77' lang='lat' dir='ltr'>affiduus</span> <span class='ocrx_word' id='word_1_172' title='bbox 1660 1438 1745 1463; x_wconf 91' lang='lat' dir='ltr'>me·-</span> 
     </span>
     <span class='ocr_line' id='line_1_20' title="bbox 351 1490 1745 1549; baseline -0.005 -15"><span class='ocrx_word' id='word_1_173' title='bbox 351 1511 459 1541; x_wconf 88' lang='lat' dir='ltr'>cum,</span> <span class='ocrx_word' id='word_1_174' title='bbox 482 1504 644 1549; x_wconf 83' lang='lat' dir='ltr'>praetore</span> <span class='ocrx_word' id='word_1_175' title='bbox 665 1509 753 1533; x_wconf 90' lang='lat' dir='ltr'>me:</span> <span class='ocrx_word' id='word_1_176' title='bbox 777 1507 857 1531; x_wconf 91' lang='lat' dir='ltr'>non</span> <span class='ocrx_word' id='word_1_177' title='bbox 879 1501 1038 1531; x_wconf 88' lang='lat' dir='ltr'>noverat</span> <span class='ocrx_word' id='word_1_178' title='bbox 1059 1492 1299 1530; x_wconf 89' lang='lat' dir='ltr'>Catilinam:</span> <span class='ocrx_word' id='word_1_179' title='bbox 1334 1490 1514 1529; x_wconf 86' lang='lat' dir='ltr'>Africam</span> <span class='ocrx_word' id='word_1_180' title='bbox 1536 1500 1624 1528; x_wconf 88' lang='lat' dir='ltr'>tum</span> <span class='ocrx_word' id='word_1_181' title='bbox 1645 1503 1745 1542; x_wconf 84' lang='lat' dir='ltr'>prae-</span> 
     </span>
     <span class='ocr_line' id='line_1_21' title="bbox 353 1556 1746 1609; baseline -0.005 -9"><span class='ocrx_word' id='word_1_182' title='bbox 353 1572 414 1600; x_wconf 90' lang='lat' dir='ltr'>tor</span> <span class='ocrx_word' id='word_1_183' title='bbox 434 1562 500 1599; x_wconf 89' lang='lat' dir='ltr'>ille</span> <span class='ocrx_word' id='word_1_184' title='bbox 521 1560 740 1599; x_wconf 87' lang='lat' dir='ltr'>obtinebat.</span> <span class='ocrx_word' id='word_1_185' title='bbox 761 1560 923 1596; x_wconf 90' lang='lat' dir='ltr'>Secutus</span> <span class='ocrx_word' id='word_1_186' title='bbox 945 1558 998 1596; x_wconf 90' lang='lat' dir='ltr'>est</span> <span class='ocrx_word' id='word_1_187' title='bbox 1018 1571 1163 1596; x_wconf 88' lang='lat' dir='ltr'>annus:</span> <span class='ocrx_word' id='word_1_188' title='bbox 1187 1557 1342 1595; x_wconf 89' lang='lat' dir='ltr'>causam</span> <span class='ocrx_word' id='word_1_189' title='bbox 1364 1556 1410 1594; x_wconf 91' lang='lat' dir='ltr'>de</span> <span class='ocrx_word' id='word_1_190' title='bbox 1431 1556 1611 1609; x_wconf 86' lang='lat' dir='ltr'>pecuniis</span> <span class='ocrx_word' id='word_1_191' title='bbox 1633 1569 1746 1608; x_wconf 88' lang='lat' dir='ltr'>repe-</span> 
     </span>
     <span class='ocr_line' id='line_1_22' title="bbox 352 1621 1749 1673; baseline -0.006 -7"><span class='ocrx_word' id='word_1_192' title='bbox 352 1627 485 1666; x_wconf 87' lang='lat' dir='ltr'>tundis</span> <span class='ocrx_word' id='word_1_193' title='bbox 504 1626 676 1665; x_wconf 84' lang='lat' dir='ltr'>Catilina</span> <span class='ocrx_word' id='word_1_194' title='bbox 691 1624 807 1663; x_wconf 84' lang='lat' dir='ltr'>dixit.</span> <span class='ocrx_word' id='word_1_195' title='bbox 827 1624 994 1662; x_wconf 87' lang='lat' dir='ltr'>Mecum</span> <span class='ocrx_word' id='word_1_196' title='bbox 1010 1633 1089 1661; x_wconf 85' lang='lat' dir='ltr'>erat</span> <span class='ocrx_word' id='word_1_197' title='bbox 1104 1623 1172 1660; x_wconf 86' lang='lat' dir='ltr'>hic</span> <span class='ocrx_word' id='word_1_198' title='bbox 1188 1638 1197 1661; x_wconf 89' lang='lat'>:</span> <span class='ocrx_word' id='word_1_199' title='bbox 1217 1623 1278 1660; x_wconf 94' lang='lat' dir='ltr'>illi</span> <span class='ocrx_word' id='word_1_200' title='bbox 1294 1636 1342 1660; x_wconf 90' lang='lat' dir='ltr'>ne</span> <span class='ocrx_word' id='word_1_201' title='bbox 1358 1622 1567 1660; x_wconf 87' lang='lat' dir='ltr'>advocatus</span> <span class='ocrx_word' id='word_1_202' title='bbox 1584 1621 1749 1673; x_wconf 91' lang='lat' dir='ltr'>quidem</span> 
     </span>
     <span class='ocr_line' id='line_1_23' title="bbox 352 1687 1745 1744; baseline -0.005 -12"><span class='ocrx_word' id='word_1_203' title='bbox 352 1695 459 1732; x_wconf 86' lang='lat' dir='ltr'>venit</span> <span class='ocrx_word' id='word_1_204' title='bbox 475 1707 663 1744; x_wconf 83' lang='lat' dir='ltr'>unquam.</span> <span class='ocrx_word' id='word_1_205' title='bbox 684 1691 883 1743; x_wconf 86' lang='lat' dir='ltr'>Deinceps</span> <span class='ocrx_word' id='word_1_206' title='bbox 900 1689 979 1727; x_wconf 88' lang='lat' dir='ltr'>fuit</span> <span class='ocrx_word' id='word_1_207' title='bbox 995 1702 1134 1734; x_wconf 88' lang='lat' dir='ltr'>annus,</span> <span class='ocrx_word' id='word_1_208' title='bbox 1152 1702 1232 1740; x_wconf 90' lang='lat' dir='ltr'>quo</span> <span class='ocrx_word' id='word_1_209' title='bbox 1248 1702 1320 1741; x_wconf 86' lang='lat' dir='ltr'>ego</span> <span class='ocrx_word' id='word_1_210' title='bbox 1337 1688 1586 1726; x_wconf 89' lang='lat' dir='ltr'>consulatum</span> <span class='ocrx_word' id='word_1_211' title='bbox 1601 1687 1745 1740; x_wconf 90' lang='lat' dir='ltr'>petivi:</span> 
     </span>
     <span class='ocr_line' id='line_1_24' title="bbox 353 1753 1748 1812; baseline -0.005 -15"><span class='ocrx_word' id='word_1_212' title='bbox 353 1759 510 1812; x_wconf 85' lang='lat' dir='ltr'>petebat</span> <span class='ocrx_word' id='word_1_213' title='bbox 539 1757 711 1795; x_wconf 83' lang='lat' dir='ltr'>Catilina</span> <span class='ocrx_word' id='word_1_214' title='bbox 737 1768 910 1794; x_wconf 90' lang='lat' dir='ltr'>mecum.</span> <span class='ocrx_word' id='word_1_215' title='bbox 955 1755 1176 1806; x_wconf 89' lang='lat' dir='ltr'>Nunquam</span> <span class='ocrx_word' id='word_1_216' title='bbox 1204 1754 1251 1791; x_wconf 89' lang='lat' dir='ltr'>ad</span> <span class='ocrx_word' id='word_1_217' title='bbox 1278 1753 1395 1791; x_wconf 90' lang='lat' dir='ltr'>illum</span> <span class='ocrx_word' id='word_1_218' title='bbox 1423 1753 1604 1792; x_wconf 86' lang='lat' dir='ltr'>acceffit:</span> <span class='ocrx_word' id='word_1_219' title='bbox 1637 1766 1658 1790; x_wconf 88' lang='lat' dir='ltr'>a</span> <span class='ocrx_word' id='word_1_220' title='bbox 1683 1765 1748 1791; x_wconf 89' lang='lat' dir='ltr'>me</span> 
     </span>
     <span class='ocr_line' id='line_1_25' title="bbox 354 1822 739 1876; baseline -0.008 -14"><span class='ocrx_word' id='word_1_221' title='bbox 354 1837 557 1876; x_wconf 78' lang='lat' dir='ltr'>nunquam</span> <span class='ocrx_word' id='word_1_222' title='bbox 579 1822 739 1860; x_wconf 86' lang='lat' dir='ltr'>receffit.</span> 
     </span>
    </p>

    <p class='ocr_par' dir='ltr' id='par_1_4' title="bbox 354 1884 1751 2535">
     <span class='ocr_line' id='line_1_26' title="bbox 410 1884 1745 1940; baseline -0.004 -12"><span class='ocrx_word' id='word_1_223' title='bbox 410 1891 460 1928; x_wconf 94' lang='lat' dir='ltr'>V.</span> <span class='ocrx_word' id='word_1_224' title='bbox 494 1891 576 1928; x_wconf 94' lang='lat' dir='ltr'>Tot</span> <span class='ocrx_word' id='word_1_225' title='bbox 598 1889 719 1940; x_wconf 86' lang='lat' dir='ltr'>igitur</span> <span class='ocrx_word' id='word_1_226' title='bbox 740 1900 860 1924; x_wconf 85' lang='lat' dir='ltr'>annos</span> <span class='ocrx_word' id='word_1_227' title='bbox 882 1885 1049 1924; x_wconf 81' lang='lat' dir='ltr'>versatus</span> <span class='ocrx_word' id='word_1_228' title='bbox 1071 1886 1110 1923; x_wconf 91' lang='lat' dir='ltr'>in</span> <span class='ocrx_word' id='word_1_229' title='bbox 1133 1885 1219 1923; x_wconf 89' lang='lat' dir='ltr'>foro</span> <span class='ocrx_word' id='word_1_230' title='bbox 1236 1885 1314 1923; x_wconf 88' lang='lat' dir='ltr'>fine</span> <span class='ocrx_word' id='word_1_231' title='bbox 1330 1885 1563 1938; x_wconf 91' lang='lat' dir='ltr'>suspicione,</span> <span class='ocrx_word' id='word_1_232' title='bbox 1583 1885 1660 1922; x_wconf 88' lang='lat' dir='ltr'>fine</span> <span class='ocrx_word' id='word_1_233' title='bbox 1681 1884 1745 1921; x_wconf 92' lang='lat' dir='ltr'>in-</span> 
     </span>
     <span class='ocr_line' id='line_1_27' title="bbox 355 1946 1748 2004; baseline -0.005 -10"><span class='ocrx_word' id='word_1_234' title='bbox 355 1956 473 1994; x_wconf 86' lang='lat' dir='ltr'>famia</span> <span class='ocrx_word' id='word_1_235' title='bbox 488 1985 497 2000; x_wconf 93' lang='lat'>,</span> <span class='ocrx_word' id='word_1_236' title='bbox 530 1955 677 1993; x_wconf 85' lang='lat' dir='ltr'>studuit</span> <span class='ocrx_word' id='word_1_237' title='bbox 706 1953 888 1990; x_wconf 78' lang='lat' dir='ltr'>Catilinae</span> <span class='ocrx_word' id='word_1_238' title='bbox 916 1946 1060 1990; x_wconf 84' lang='lat' dir='ltr'>iterum</span> <span class='ocrx_word' id='word_1_239' title='bbox 1082 1952 1246 2004; x_wconf 90' lang='lat' dir='ltr'>petenti.</span> <span class='ocrx_word' id='word_1_240' title='bbox 1292 1952 1424 2003; x_wconf 83' lang='lat' dir='ltr'>Qem</span> <span class='ocrx_word' id='word_1_241' title='bbox 1446 1964 1538 2003; x_wconf 87' lang='lat' dir='ltr'>ergo</span> <span class='ocrx_word' id='word_1_242' title='bbox 1559 1950 1605 1988; x_wconf 91' lang='lat' dir='ltr'>ad</span> <span class='ocrx_word' id='word_1_243' title='bbox 1626 1949 1748 1988; x_wconf 87' lang='lat' dir='ltr'>finem</span> 
     </span>
     <span class='ocr_line' id='line_1_28' title="bbox 357 2016 1748 2076; baseline -0.005 -15"><span class='ocrx_word' id='word_1_244' title='bbox 357 2034 466 2076; x_wconf 86' lang='lat' dir='ltr'>putas</span> <span class='ocrx_word' id='word_1_245' title='bbox 489 2020 782 2059; x_wconf 84' lang='lat' dir='ltr'>custodiendam</span> <span class='ocrx_word' id='word_1_246' title='bbox 805 2019 914 2057; x_wconf 88' lang='lat' dir='ltr'>illam</span> <span class='ocrx_word' id='word_1_247' title='bbox 939 2028 1090 2057; x_wconf 80' lang='lat' dir='ltr'>aetatem</span> <span class='ocrx_word' id='word_1_248' title='bbox 1120 2017 1263 2056; x_wconf 78' lang='lat' dir='ltr'>fuisse?</span> <span class='ocrx_word' id='word_1_249' title='bbox 1296 2018 1427 2056; x_wconf 85' lang='lat' dir='ltr'>Nobis</span> <span class='ocrx_word' id='word_1_250' title='bbox 1455 2017 1618 2069; x_wconf 91' lang='lat' dir='ltr'>quidem</span> <span class='ocrx_word' id='word_1_251' title='bbox 1649 2016 1748 2054; x_wconf 90' lang='lat' dir='ltr'>olim</span> 
     </span>
     <span class='ocr_line' id='line_1_29' title="bbox 354 2083 1751 2136; baseline -0.005 -9"><span class='ocrx_word' id='word_1_252' title='bbox 354 2102 477 2127; x_wconf 82' lang='lat' dir='ltr'>annus</span> <span class='ocrx_word' id='word_1_253' title='bbox 498 2097 576 2125; x_wconf 85' lang='lat' dir='ltr'>erat</span> <span class='ocrx_word' id='word_1_254' title='bbox 599 2100 698 2125; x_wconf 86' lang='lat' dir='ltr'>unus</span> <span class='ocrx_word' id='word_1_255' title='bbox 720 2086 766 2123; x_wconf 90' lang='lat' dir='ltr'>ad</span> <span class='ocrx_word' id='word_1_256' title='bbox 787 2085 1056 2123; x_wconf 88' lang='lat' dir='ltr'>cohibendum</span> <span class='ocrx_word' id='word_1_257' title='bbox 1078 2083 1286 2122; x_wconf 85' lang='lat' dir='ltr'>brachium</span> <span class='ocrx_word' id='word_1_258' title='bbox 1308 2092 1399 2136; x_wconf 87' lang='lat' dir='ltr'>toga</span> <span class='ocrx_word' id='word_1_259' title='bbox 1425 2083 1677 2127; x_wconf 84' lang='lat' dir='ltr'>constitutus,</span> <span class='ocrx_word' id='word_1_260' title='bbox 1713 2092 1751 2120; x_wconf 91' lang='lat' dir='ltr'>et</span> 
     </span>
     <span class='ocr_line' id='line_1_30' title="bbox 357 2148 1747 2203; baseline -0.005 -11"><span class='ocrx_word' id='word_1_261' title='bbox 357 2165 399 2193; x_wconf 90' lang='lat' dir='ltr'>ut</span> <span class='ocrx_word' id='word_1_262' title='bbox 419 2154 698 2192; x_wconf 75' lang='lat' dir='ltr'>exercitatione</span> <span class='ocrx_word' id='word_1_263' title='bbox 719 2151 891 2203; x_wconf 87' lang='lat' dir='ltr'>ludoque</span> <span class='ocrx_word' id='word_1_264' title='bbox 912 2149 1117 2203; x_wconf 88' lang='lat' dir='ltr'>campestri</span> <span class='ocrx_word' id='word_1_265' title='bbox 1139 2149 1305 2187; x_wconf 87' lang='lat' dir='ltr'>tunicati</span> <span class='ocrx_word' id='word_1_266' title='bbox 1331 2159 1530 2187; x_wconf 87' lang='lat' dir='ltr'>uteremur</span> <span class='ocrx_word' id='word_1_267' title='bbox 1548 2164 1556 2187; x_wconf 91' lang='lat'>:</span> <span class='ocrx_word' id='word_1_268' title='bbox 1589 2148 1747 2186; x_wconf 84' lang='lat' dir='ltr'>eadem-</span> 
     </span>
     <span class='ocr_line' id='line_1_31' title="bbox 356 2214 1748 2274; baseline -0.005 -15"><span class='ocrx_word' id='word_1_269' title='bbox 356 2235 431 2274; x_wconf 86' lang='lat' dir='ltr'>que</span> <span class='ocrx_word' id='word_1_270' title='bbox 451 2229 545 2264; x_wconf 81' lang='lat' dir='ltr'>erat,</span> <span class='ocrx_word' id='word_1_271' title='bbox 573 2219 598 2257; x_wconf 89' lang='lat' dir='ltr'>fi</span> <span class='ocrx_word' id='word_1_272' title='bbox 620 2218 749 2256; x_wconf 88' lang='lat' dir='ltr'>statim</span> <span class='ocrx_word' id='word_1_273' title='bbox 770 2217 909 2255; x_wconf 88' lang='lat' dir='ltr'>mereri</span> <span class='ocrx_word' id='word_1_274' title='bbox 930 2216 1120 2269; x_wconf 88' lang='lat' dir='ltr'>stipendia</span> <span class='ocrx_word' id='word_1_275' title='bbox 1140 2229 1399 2268; x_wconf 78' lang='lat' dir='ltr'>coeperamus,</span> <span class='ocrx_word' id='word_1_276' title='bbox 1431 2214 1626 2253; x_wconf 85' lang='lat' dir='ltr'>castrenfis</span> <span class='ocrx_word' id='word_1_277' title='bbox 1648 2215 1748 2252; x_wconf 89' lang='lat' dir='ltr'>ratio</span> 
     </span>
     <span class='ocr_line' id='line_1_32' title="bbox 355 2277 1746 2336; baseline -0.005 -11"><span class='ocrx_word' id='word_1_278' title='bbox 355 2301 398 2325; x_wconf 87' lang='lat' dir='ltr'>ac</span> <span class='ocrx_word' id='word_1_279' title='bbox 419 2286 616 2324; x_wconf 83' lang='lat' dir='ltr'>militaris.</span> <span class='ocrx_word' id='word_1_280' title='bbox 637 2286 727 2336; x_wconf 83' lang='lat' dir='ltr'>Qa</span> <span class='ocrx_word' id='word_1_281' title='bbox 747 2284 787 2321; x_wconf 90' lang='lat' dir='ltr'>in</span> <span class='ocrx_word' id='word_1_282' title='bbox 809 2292 932 2328; x_wconf 87' lang='lat' dir='ltr'>aetate,</span> <span class='ocrx_word' id='word_1_283' title='bbox 953 2283 1020 2320; x_wconf 80' lang='lat' dir='ltr'>nifi</span> <span class='ocrx_word' id='word_1_284' title='bbox 1038 2283 1107 2334; x_wconf 85' lang='lat' dir='ltr'>qui</span> <span class='ocrx_word' id='word_1_285' title='bbox 1129 2281 1164 2319; x_wconf 89' lang='lat' dir='ltr'>se</span> <span class='ocrx_word' id='word_1_286' title='bbox 1186 2281 1264 2334; x_wconf 91' lang='lat' dir='ltr'>ipse</span> <span class='ocrx_word' id='word_1_287' title='bbox 1282 2281 1345 2319; x_wconf 90' lang='lat' dir='ltr'>sua</span> <span class='ocrx_word' id='word_1_288' title='bbox 1365 2281 1553 2334; x_wconf 87' lang='lat' dir='ltr'>gravitate</span> <span class='ocrx_word' id='word_1_289' title='bbox 1573 2289 1612 2318; x_wconf 90' lang='lat' dir='ltr'>et</span> <span class='ocrx_word' id='word_1_290' title='bbox 1633 2277 1746 2318; x_wconf 87' lang='lat' dir='ltr'>casti-</span> 
     </span>
     <span class='ocr_line' id='line_1_33' title="bbox 357 2346 1748 2402; baseline -0.005 -11"><span class='ocrx_word' id='word_1_291' title='bbox 357 2353 502 2397; x_wconf 86' lang='lat' dir='ltr'>monia,</span> <span class='ocrx_word' id='word_1_292' title='bbox 520 2361 558 2390; x_wconf 85' lang='lat' dir='ltr'>ct</span> <span class='ocrx_word' id='word_1_293' title='bbox 574 2365 667 2389; x_wconf 87' lang='lat' dir='ltr'>cum</span> <span class='ocrx_word' id='word_1_294' title='bbox 684 2350 891 2402; x_wconf 88' lang='lat' dir='ltr'>disciplina</span> <span class='ocrx_word' id='word_1_295' title='bbox 906 2348 1131 2393; x_wconf 82' lang='lat' dir='ltr'>domestica,</span> <span class='ocrx_word' id='word_1_296' title='bbox 1150 2357 1237 2386; x_wconf 91' lang='lat' dir='ltr'>tum</span> <span class='ocrx_word' id='word_1_297' title='bbox 1253 2349 1371 2386; x_wconf 87' lang='lat' dir='ltr'>etiam</span> <span class='ocrx_word' id='word_1_298' title='bbox 1389 2347 1555 2385; x_wconf 86' lang='lat' dir='ltr'>naturali</span> <span class='ocrx_word' id='word_1_299' title='bbox 1575 2346 1748 2399; x_wconf 85' lang='lat' dir='ltr'>quodam</span> 
     </span>
     <span class='ocr_line' id='line_1_34' title="bbox 357 2411 1747 2467; baseline -0.006 -10"><span class='ocrx_word' id='word_1_300' title='bbox 357 2420 476 2463; x_wconf 89' lang='lat' dir='ltr'>bono,</span> <span class='ocrx_word' id='word_1_301' title='bbox 499 2416 749 2462; x_wconf 80' lang='lat' dir='ltr'>defenderat;</span> <span class='ocrx_word' id='word_1_302' title='bbox 781 2427 942 2467; x_wconf 88' lang='lat' dir='ltr'>quoquo</span> <span class='ocrx_word' id='word_1_303' title='bbox 963 2413 1082 2452; x_wconf 90' lang='lat' dir='ltr'>modo</span> <span class='ocrx_word' id='word_1_304' title='bbox 1103 2427 1123 2451; x_wconf 88' lang='lat' dir='ltr'>a</span> <span class='ocrx_word' id='word_1_305' title='bbox 1143 2413 1219 2451; x_wconf 89' lang='lat' dir='ltr'>suis</span> <span class='ocrx_word' id='word_1_306' title='bbox 1241 2413 1457 2451; x_wconf 88' lang='lat' dir='ltr'>custoditus</span> <span class='ocrx_word' id='word_1_307' title='bbox 1479 2411 1584 2457; x_wconf 87' lang='lat' dir='ltr'>effet,</span> <span class='ocrx_word' id='word_1_308' title='bbox 1616 2421 1747 2450; x_wconf 89' lang='lat' dir='ltr'>tamen</span> 
     </span>
     <span class='ocr_line' id='line_1_35' title="bbox 358 2476 1750 2535; baseline -0.007 -11"><span class='ocrx_word' id='word_1_309' title='bbox 358 2484 562 2524; x_wconf 84' lang='lat' dir='ltr'>infamiam</span> <span class='ocrx_word' id='word_1_310' title='bbox 594 2495 723 2521; x_wconf 83' lang='lat' dir='ltr'>veram</span> <span class='ocrx_word' id='word_1_311' title='bbox 755 2480 927 2535; x_wconf 86' lang='lat' dir='ltr'>effugere</span> <span class='ocrx_word' id='word_1_312' title='bbox 958 2494 1037 2519; x_wconf 92' lang='lat' dir='ltr'>non</span> <span class='ocrx_word' id='word_1_313' title='bbox 1074 2489 1239 2533; x_wconf 83' lang='lat' dir='ltr'>poterat.</span> <span class='ocrx_word' id='word_1_314' title='bbox 1291 2479 1390 2526; x_wconf 92' lang='lat' dir='ltr'>Sed,</span> <span class='ocrx_word' id='word_1_315' title='bbox 1421 2479 1490 2532; x_wconf 89' lang='lat' dir='ltr'>qui</span> <span class='ocrx_word' id='word_1_316' title='bbox 1523 2478 1651 2531; x_wconf 88' lang='lat' dir='ltr'>prima</span> <span class='ocrx_word' id='word_1_317' title='bbox 1682 2476 1750 2515; x_wconf 88' lang='lat' dir='ltr'>illa</span> 
     </span>
    </p>
   </div>
  </div>
 </body>
</html>
