2076 2860
342 189 391 229 54
816 179 1259 218 ORATIO

338 282 381 310 ut
402 273 553 311 summa
573 274 613 310 in
635 272 768 310 laetitia
787 271 888 308 illud
909 270 1098 316 dolerem,
1120 271 1337 318 civitatem,
1357 280 1437 311 tam
1457 282 1624 326 gratam,
1647 284 1727 314 tam

339 339 518 377 miseram
539 349 654 391 atque
674 337 890 390 oppressam
911 337 1037 376 fuisse.

393 405 527 442 Habes
561 405 695 456 igitur,
729 403 835 455 quod
867 417 915 441 ex
945 417 1009 441 me
1041 403 1219 456 quaefisti,
1251 404 1321 457 qui
1350 405 1470 444 effent
1499 406 1724 458 optimates.

337 472 434 517 Non
454 471 506 508 est
527 471 647 514 natio,
681 479 723 507 ut
744 469 876 507 dixisti
895 485 903 507 ε
937 471 1045 523 quod
1065 484 1138 523 ego
1160 472 1324 510 verbum
1346 473 1512 525 agnovi:
1545 473 1599 512 est
1619 474 1727 512 enim

336 537 443 575 illius
460 567 469 581 ,
503 551 522 574 a
543 550 621 589 quo
644 549 722 573 uno
744 536 917 573 maxime
939 537 983 575 P.
1009 538 1163 575 Sextius
1185 538 1222 576 se
1242 540 1463 591 oppugnari
1484 540 1590 578 videt
1607 569 1618 585 ,
1649 539 1726 578 ho-

335 604 453 640 minis
470 605 567 655 ejus,
587 603 656 655 qui
672 601 773 640 hanc
792 603 992 640 nationem
1008 603 1129 641 deleri
1145 613 1182 641 et
1203 605 1362 643 concidi
1383 606 1559 658 cupivit;
1583 606 1653 659 qui
1675 606 1725 645 C.

335 670 538 713 Caefinem,
571 670 712 707 mitem
733 668 938 707 hominem
968 679 1007 708 et
1036 684 1056 707 a
1085 670 1189 708 caede
1209 670 1502 717 abhorrentem,
1533 673 1630 725 saepe
1661 673 1725 710 in-

333 737 501 788 crepuit,
534 736 629 788 saepe
650 737 858 781 accusavit,
884 750 978 774 cum
998 737 1222 782 affirmaret,
1246 737 1363 775 illum
1386 752 1605 791 nunquam,
1629 739 1726 778 dum

333 800 416 839 haec
438 803 544 839 natio
565 802 725 847 viveret,
744 803 821 840 fine
837 815 930 840 cura
948 802 1145 840 futurum.
1166 802 1285 841 Nihil
1307 802 1476 856 profecit
1497 803 1544 841 de
1565 805 1726 842 univer-

334 868 379 906 sis
398 884 404 905 :
439 868 485 906 de
508 882 570 906 me
590 882 700 920 agere
722 882 801 906 non
823 868 993 907 destitit:
1022 882 1087 906 me
1107 870 1353 922 oppugnavit
1373 870 1550 921 primum
1571 883 1640 922 per
1660 870 1724 908 in·

333 934 460 972 dicem
486 935 667 972 Vettium
682 964 692 979 ,
725 949 846 987 quem
870 935 911 972 in
933 935 1125 973 concione
1146 934 1193 973 de
1214 949 1278 972 me
1297 944 1336 973 et
1357 935 1404 973 de
1424 935 1642 974 clariffimis
1663 937 1723 975 vi-

334 1000 384 1037 ris
406 1001 660 1052 interrogavit
679 1015 687 1038 :
720 1001 762 1038 in
783 1014 863 1052 quo
885 1009 1016 1038 tamen
1036 1014 1100 1039 eos
1122 1001 1226 1038 cives
1248 1002 1459 1053 conjunxit
1485 1001 1624 1039 eodem
1652 1015 1724 1054 pe-

333 1067 459 1104 riculo
480 1076 518 1104 et
539 1067 720 1112 crimine,
754 1077 796 1105 ut
817 1081 837 1105 a
858 1081 921 1106 me
942 1068 1075 1106 inierit
1095 1068 1275 1120 gratiam,
1308 1068 1415 1121 quod
1439 1082 1503 1106 me
1524 1082 1618 1107 cum
1638 1082 1724 1107 am-

332 1133 510 1185 plissimis
533 1143 570 1170 et
592 1132 808 1171 fortiffimis
831 1134 923 1172 viris
945 1135 1212 1186 congregavit.

387 1199 538 1236 LXIV.
573 1199 645 1236 Sed
666 1199 794 1251 postea
814 1198 931 1244 mihi,
954 1199 1066 1238 nullo
1087 1214 1176 1238 meo
1198 1200 1355 1246 merito,
1386 1201 1458 1239 nis1
1479 1200 1587 1254 quod
1609 1200 1724 1239 bonis

331 1265 482 1318 placere
503 1266 726 1317 cupiebam,
745 1279 880 1303 omnes
903 1265 956 1303 est
976 1266 1130 1307 infidias
1151 1266 1437 1305 sceleratiffime
1457 1267 1722 1307 machinatus.

332 1331 404 1368 Ille
421 1331 467 1368 ad
483 1345 562 1375 eOS,
581 1345 600 1368 a
616 1332 762 1383 quibus
783 1331 1026 1377 audiebatur,
1050 1333 1229 1385 quotidie
1250 1333 1400 1386 aliquid
1421 1333 1563 1372 defecti
1583 1333 1723 1372 affere-

331 1396 421 1434 bat:
447 1396 513 1434 ille
534 1396 742 1435 hominem
762 1396 864 1437 mihi
886 1398 1180 1444 amiciffimum,
1204 1400 1281 1437 Cn.
1307 1399 1561 1452 Pompeium,
1582 1413 1724 1438 mone-

329 1461 410 1507 bat,
434 1472 477 1500 ut
498 1476 626 1500 meam
647 1463 813 1501 domum
833 1473 1040 1509 metueret,
1057 1474 1174 1517 atque
1191 1478 1211 1502 a
1227 1478 1289 1502 me
1305 1465 1389 1518 ipso
1405 1475 1578 1504 caveret:
1598 1465 1666 1504 ille
1688 1465 1725 1503 se

330 1527 380 1566 sic
402 1542 494 1566 cum
516 1529 681 1567 inimico
703 1543 791 1567 meo
812 1530 1014 1583 copularat
1031 1560 1041 1576 ‚
1074 1540 1118 1568 ut
1138 1531 1257 1569 illum
1278 1544 1373 1569 meae
1394 1531 1692 1584 proscriptionis
1710 1561 1722 1578 ,

330 1608 448 1646 quam
469 1595 675 1647 adjuvabat
698 1597 785 1634 Sex.
812 1597 977 1635 Clodius
994 1626 1004 1641 ,
1036 1595 1159 1635 homo
1181 1598 1228 1636 iis
1250 1597 1497 1650 digniffimus
1512 1628 1524 1644 ,
1556 1598 1723 1650 quibus-

328 1674 420 1698 cum
441 1662 553 1706 vivit‚
572 1662 747 1699 tabulam
769 1662 854 1708 effe,
878 1662 914 1700 se
935 1662 1181 1715 scriptorem,
1204 1663 1376 1702 diceret:
1400 1664 1468 1702 ille
1490 1677 1591 1702 unus
1612 1664 1722 1703 ordi-

329 1727 388 1763 nis
411 1726 530 1764 nostri
550 1727 710 1764 disceffu
733 1741 835 1772 meo,
866 1727 977 1765 luctu
998 1728 1136 1773 vestro,
1168 1729 1297 1780 palam
1317 1730 1523 1768 exultavit.
1557 1730 1620 1768 De
1641 1743 1724 1783 quo

328 1806 415 1844 ego,
447 1806 539 1829 cum
573 1792 751 1844 quotidie
783 1802 923 1837 rueret,
955 1793 1121 1831 verbum
1151 1793 1243 1839 feci,
1275 1795 1452 1845 Judices‚
1486 1809 1719 1848 nunquam:

329 1872 455 1910 neque
478 1858 626 1910 putavi,
658 1871 750 1895 cum
772 1858 959 1896 omnibus
981 1858 1176 1896 machinis
1198 1873 1241 1898 ac
1264 1860 1487 1905 tormentis,
1519 1861 1573 1905 vi,
1605 1875 1720 1899 exer—

328 1925 411 1962 citu
428 1954 438 1969 ,
472 1925 597 1977 copiis
637 1919 907 1978 oppugnares,
945 1925 992 1963 de
1016 1939 1106 1964 ⁴uno
1141 1926 1339 1979 sagittario
1373 1941 1437 1965 me
1475 1928 1587 1980 queri
1621 1941 1720 1966 con-

329 1992 473 2030 venire.

382 2059 482 2096 Acta
512 2071 598 2096 mea
630 2059 700 2096 fibi
733 2059 786 2097 ait
818 2058 1050 2112 displicere:
1083 2060 1172 2113 quis
1198 2059 1354 2098 nescit?
1385 2061 1455 2114 qui
1482 2061 1612 2114 legem
1633 2075 1720 2102 eam

326 2133 569 2169 contemnat,
601 2138 687 2177 quae
718 2125 892 2163 dilucide
923 2135 1028 2164 vetat
1056 2126 1288 2178 gladiatores
1320 2127 1495 2172 biennio,
1528 2142 1609 2180 quo
1630 2129 1720 2181 quis

327 2192 498 2243 petierit,
522 2201 588 2228 aut
609 2192 802 2243 petiturus
825 2192 884 2238 sit,
917 2192 1004 2230 dare
1024 2194 1038 2231 ?
1070 2194 1117 2231 In
1139 2207 1219 2246 quo
1239 2195 1322 2246 ejus
1345 2195 1610 2233 temeritatem
1630 2195 1719 2234 satis

327 2257 474 2302 mirari,
498 2257 673 2308 Judices,
698 2271 774 2295 non
797 2271 926 2310 queo:
950 2258 1047 2297 facit
1067 2259 1300 2312 apertiffime
1322 2270 1460 2299 contra
1478 2260 1632 2313 legem:
1657 2260 1718 2299 fa-

327 2323 381 2360 cit
402 2323 449 2368 is,
468 2324 537 2375 qui
559 2337 686 2376 neque
707 2325 807 2362 elabi
829 2338 875 2362 ex
891 2325 1047 2377 judicio
1062 2326 1313 2378 jucunditate
1334 2327 1413 2373 sua,
1440 2340 1567 2380 neque
1587 2328 1720 2366 emitti

325 2390 446 2441 gratia
461 2419 471 2434 ,
504 2390 656 2442 potest3
690 2404 815 2443 neque
844 2391 986 2444 opibus
1015 2402 1053 2430 ct
1074 2393 1251 2445 potentia
1270 2393 1374 2446 leges
1395 2407 1439 2432 ac
1454 2393 1607 2446 judicia
1625 2408 1717 2448 per·-

324 2455 371 2494 fri
380 2470 399 2493 n
405 2469 510 2508 gere.
543 2458 643 2509 Qae
665 2471 722 2495 res
744 2456 951 2497 hominem
972 2459 1159 2512 impellit,
1182 2469 1226 2498 ut
1247 2460 1293 2499 sit
1313 2471 1395 2500 tam
1415 2460 1681 2515 intemperans
1700 2461 1714 2498 ?
