2076 2860
674 150 757 189 IN
819 149 1259 189 VATINIUM.
1619 165 1670 206 75

259 246 376 292 ferre,
397 255 606 301 praetorem
626 246 802 298 aliquem
822 245 894 283 effe
915 245 1080 291 fastum,
1114 246 1185 298 qui
1206 260 1227 283 a
1247 246 1324 285 suis
1346 246 1566 285 rationibus
1589 247 1670 284 dis-

258 313 457 352 senfiffet?
490 322 577 351 tum
607 311 778 365 quaefiffe
807 311 1022 364 quendam,
1056 312 1103 350 de
1135 313 1298 351 Vatinio
1329 313 1668 366 quemadmodum

257 378 391 424 ferret,
423 378 555 432 ipsum
580 377 830 431 respondisse,
863 378 1074 417 Vatinium
1104 379 1146 416 in
1178 380 1383 418 tribunatu
1412 381 1533 433 gratis
1566 379 1666 418 nihil

257 445 416 491 feciffe;
449 446 521 498 qui
549 445 686 483 omnia
714 445 754 482 in
785 445 954 497 pecunia
983 444 1182 498 posuiffet,
1215 444 1366 485 honore
1395 448 1531 485 animo
1556 461 1668 500 aequo

257 525 386 551 carere
406 513 546 551 debere
563 514 576 550 ?

313 580 436 632 Qod
457 580 483 618 fi
505 580 601 633 ipse,
633 580 703 632 qui
735 589 772 617 te
803 579 878 617 suae
908 578 1114 631 dignitatis
1147 579 1333 632 augendae
1359 580 1470 618 causa
1490 581 1669 634 periculo

257 655 327 685 tuo
342 677 352 692 ,
385 646 500 686 nullo
530 647 599 685 suo
619 646 764 685 delicto
780 677 790 691 ,
824 645 917 684 ferri
940 647 1187 699 praecipitem
1207 646 1399 684 est‘facile
1420 647 1546 700 paffus
1563 677 1574 692 ,
1608 657 1667 685 ta-

256 727 350 752 men
372 723 410 752 te
430 711 549 752 omni*
563 713 714 752 honore
734 712 1251 766 indigniffi1numjudicat3
1278 713 1304 750 fi
1328 721 1365 750 te
1386 714 1524 759 vicini,
1558 713 1584 751 fi
1606 713 1666 750 af-

257 780 380 827 fines,
414 781 441 819 fi
463 781 653 826 tribules,
689 781 742 818 ita
763 781 932 818 oderunt
947 809 957 824 ,
994 789 1038 817 ut
1060 779 1255 832 repulsam
1277 788 1389 818 tuam
1411 779 1667 833 triumphum

258 847 374 886 suum
395 847 605 893 duxerint3
636 847 663 884 fi
685 860 803 884 nemo
823 846 977 899 aspicit,
1008 846 1106 898 quin
1130 846 1378 899 ingemiscat,
1412 861 1530 885 nemo
1551 861 1667 885 men-

258 914 410 953 tionem
432 913 542 959 facit,
575 913 674 966 quin
695 922 924 957 execretur;
959 912 985 950 fi
1008 913 1148 958 vitant,
1184 912 1348 966 fugiunt
1362 943 1372 959 ‚
1405 914 1540 952 audire
1561 913 1608 952 de
1630 923 1668 952 te

256 981 424 1026 nolunt;
442 995 537 1019 cum
558 980 756 1025 viderunt,
776 989 965 1033 tanquam
986 980 1207 1033 auspicium
1229 981 1381 1019 malum
1402 981 1665 1026 detestantur;

256 1048 284 1086 fi
305 1048 464 1101 cognati
485 1048 688 1100 respuunt,
713 1047 879 1085 tribules
901 1056 1148 1093 execrantur,
1167 1048 1289 1085 vicini
1312 1057 1513 1094 metuunt,
1532 1049 1667 1086 affines

256 1115 493 1153 erubescunt
509 1144 519 1160 ,
552 1114 707 1152 strumae
739 1114 910 1167 denique
935 1113 983 1151 ab
1005 1127 1071 1152 ore
1092 1114 1278 1167 improbo
1299 1114 1572 1168 demigrarunt
1586 1144 1597 1160 ,
1630 1124 1669 1153 et

254 1182 341 1220 aliis
358 1184 443 1235 jam
460 1182 496 1220 se
517 1182 615 1220 locis
637 1181 907 1227 collocarunt,
932 1181 957 1219 fi
975 1195 1013 1219 es
1031 1181 1172 1220 odium
1192 1181 1405 1235 publicum
1428 1182 1583 1235 populi,
1607 1182 1666 1220 se-

256 1258 386 1295 natus,
405 1249 678 1287 universorum
698 1248 914 1287 hominum
935 1248 1223 1288 rusticanorum
1241 1265 1250 1288 :
1274 1249 1372 1303 quid
1389 1249 1457 1295 est,
1476 1263 1598 1303 quam
1614 1243 1667 1287 ob

256 1330 340 1354 rem
360 1325 571 1369 praeturam
592 1317 726 1368 potius
747 1325 925 1369 exoptes,
949 1330 1070 1369 quam
1091 1318 1293 1355 mortem?
1317 1316 1548 1369 praesertim,
1571 1329 1667 1354 cum

255 1382 490 1436 popularem
511 1392 549 1420 te
569 1382 666 1421 velis
687 1382 760 1420 effe
775 1412 786 1427 ‚
819 1396 948 1436 neque
969 1383 1051 1421 ulla
1071 1383 1111 1421 in
1134 1397 1173 1421 re
1194 1383 1347 1436 populo
1367 1383 1518 1436 gratius
1539 1382 1669 1422 facere

255 1449 386 1502 poffiS.
421 1449 509 1495 Sed,
541 1457 586 1487 ut
607 1449 819 1502 aliquando
840 1449 1062 1495 audiamus,
1085 1463 1206 1503 quam
1227 1449 1384 1503 copiose
1405 1449 1510 1488 mihi
1531 1449 1578 1487 ad
1600 1463 1666 1487 ro-

255 1525 344 1569 gata
363 1515 608 1568 respondeam,
635 1515 875 1554 concludam
889 1517 974 1568 jam
995 1516 1348 1569 interrogationem
1369 1529 1515 1561 meam,
1549 1524 1668 1569 teque

256 1581 297 1618 in
318 1589 496 1620 extremo
517 1594 640 1633 pauca
660 1581 707 1618 de
727 1581 808 1632 ipsa
827 1581 939 1618 causa
959 1581 1120 1632 rogabo.

313 1647 451 1684 XVII.
485 1648 646 1698 Qaero,
664 1659 751 1698 quae
768 1655 875 1683 tanta
892 1646 931 1682 in
950 1655 987 1683 te
1003 1646 1168 1691 vanitas,
1189 1654 1296 1683 tanta
1311 1645 1448 1683 levitas
1465 1644 1602 1692 fuerit,
1622 1654 1667 1684 ut

256 1712 299 1750 in
319 1711 397 1750 hoc
413 1711 570 1765 judicio
591 1713 645 1750 T.
669 1712 853 1749 Annium
875 1711 1013 1749 iisdem
1035 1712 1164 1749 verbis
1187 1712 1379 1756 laudares,
1402 1711 1550 1764 quibus
1573 1726 1666 1750 eum

256 1779 384 1818 verbis
406 1779 561 1817 laudare
581 1787 620 1816 et
642 1778 738 1815 boni
759 1778 833 1815 viri
853 1787 892 1816 et
914 1778 1009 1816 boni
1031 1778 1135 1816 cives
1158 1778 1447 1816 consueverunt
1462 1807 1472 1823 ,
1507 1792 1601 1816 cum
1624 1779 1665 1817 in

255 1845 427 1884 eundem
447 1859 587 1898 nuper,
605 1844 653 1882 ab
674 1844 810 1883 eadem
831 1844 901 1882 illa
921 1845 1123 1883 teterrima
1144 1845 1263 1883 Furia
1284 1844 1499 1897 produ6³ms
1521 1844 1568 1882 ad
1589 1859 1665 1898 po-

255 1913 422 1966 pulum,
454 1912 704 1966 cupidiffime
724 1911 868 1951 falsum
889 1911 1164 1950 testimonium
1185 1911 1331 1950 dixeris
1351 1913 1365 1950 ?
1398 1912 1464 1949 An
1485 1912 1560 1950 erit
1580 1911 1666 1951 haec

254 1980 367 2032 optio
393 1988 433 2018 et
459 1979 625 2032 potestas
655 1988 734 2024 tua,
768 1988 826 2024 ut,
858 1992 952 2016 cum
985 1978 1196 2017 Clodianas
1226 1991 1362 2031 operas
1392 1986 1433 2017 et
1461 1977 1664 2017 facinoro-

256 2045 388 2084 sorum
404 2045 619 2084 hominum
636 2055 675 2083 et
691 2046 939 2097 perditorum
956 2058 1122 2083 manum
1137 2044 1297 2090 videris,
1316 2045 1520 2094 Milonem
1541 2045 1663 2091 dicas,

255 2113 297 2150 id
318 2112 426 2166 quod
447 2113 488 2150 in
511 2113 704 2151 concione
725 2112 873 2157 dixisti,
899 2111 1185 2164 gladiatoribus
1207 2121 1246 2150 et
1267 2111 1455 2150 bestiariis
1477 2111 1665 2150 obsediffe

257 2180 547 2232 rempublicam
566 2199 576 2225 ;
610 2193 704 2217 cum
734 2188 867 2217 autem
898 2179 944 2217 ad
966 2179 1061 2216 tales
1083 2179 1187 2217 viros
1209 2179 1361 2217 veneris
1377 2209 1388 2224 ,
1422 2193 1502 2217 non
1523 2179 1663 2217 audeas

255 2246 384 2283 civem
406 2247 590 2298 singulari
612 2247 772 2291 virtute,
796 2245 886 2291 fide,
910 2245 1141 2292 constantia,
1163 2246 1413 2299 vituperare?
1447 2245 1534 2290 Sed,
1568 2260 1663 2284 cum

198 2310 199 2313 ’
257 2313 311 2350 Τ.
336 2313 518 2350 Annium
541 2322 742 2365 tantopere
758 2313 907 2358 laudes,
925 2322 963 2351 et
980 2312 1190 2350 clariffimo
1210 2313 1295 2351 viro
1316 2312 1553 2350 nonnullam
1574 2312 1660 2350 lau—

257 2378 414 2417 datione
435 2388 501 2417 tua
522 2380 742 2418 labeculam
763 2380 953 2433 aspergas,
979 2382 992 2432 (
1010 2380 1049 2417 in
1071 2379 1236 2418 illorum
1256 2380 1365 2417 enim
1388 2393 1554 2417 numero
1575 2392 1660 2416 ma-

257 2447 343 2484 vult
360 2448 414 2484 T.
439 2446 595 2484 Annius
618 2447 703 2492 effe,
728 2448 797 2499 qui
818 2461 839 2485 a
860 2456 896 2484 te
917 2446 1208 2498 vituperantur)
1232 2455 1488 2484 veruntamen
1512 2459 1658 2498 quaero,

1261 2512 1300 2549 K
1331 2524 1352 2550 2
