2076 2860
350 209 398 262 58
823 198 1272 240 ORATro

348 303 546 342 Miltiadis
568 301 780 345 calamitas,
799 300 868 352 qui
890 298 1000 336 illam
1015 298 1217 335 civitatem
1233 294 1350 349 paulo
1365 302 1455 334 ante
1470 292 1647 339 servarat,
1665 305 1739 332 nec

349 369 530 408 Aristidis
552 368 659 420 fuga,
691 367 758 419 qui
782 378 881 402 unus
903 364 1085 402 omnium
1101 362 1330 415 justiffimus
1352 360 1465 399 fuiffe
1485 359 1677 404 traditum
1709 358 1737 397 fi

348 435 477 489 postea
497 434 640 472 summi
667 431 839 484 ejusdem
859 430 1028 468 civitatis
1049 430 1138 474 viri,
1170 441 1268 481 quos
1291 427 1528 466 nominatim
1548 425 1739 479 appellari

349 515 428 538 non
449 499 502 537 est
523 498 667 537 neceffe
682 527 692 542 ‚
724 496 930 550 propositis
962 505 1020 533 tot
1049 494 1240 547 exemplis
1263 492 1472 532 iracundia?
1492 491 1741 544 levitatisque

346 565 561 619 popularis,
593 574 723 602 tamen
753 562 860 600 suam
881 560 1169 613 rempublicam
1189 559 1300 597 illam
1320 558 1580 598 defenderunt
1599 573 1608 596 2
1641 555 1739 609 quid

347 645 418 670 nos
441 630 598 669 tandem
619 629 744 668 facere
764 628 981 666 debemus?
1004 627 1195 679 primum,
1214 627 1254 663 in
1275 639 1319 666 ea
1337 626 1495 664 civitate
1515 624 1612 669 nati,
1635 622 1741 661 unde

346 707 432 736 orta
459 696 561 736 mihi
591 697 756 749 gravitas
786 705 825 733 et
854 693 1087 747 magnitudo
1107 693 1229 731 animi
1249 691 1431 736 videtur;
1463 700 1552 730 tum
1572 692 1613 729 in
1635 698 1744 728 tanta

346 764 472 816 gloria
502 763 741 807 insistentes,
773 771 817 800 ut
848 761 981 799 omnia
1010 759 1184 798 humana
1214 758 1359 797 leviora
1389 756 1513 796 videri
1544 756 1739 801 debeant;

347 829 502 876 deinde,
529 829 576 868 ad
595 843 681 868 eam
701 828 988 881 rempublicam
1008 825 1195 865 tuendam
1215 824 1390 877 aggreffi,
1413 838 1500 876 quae
1521 832 1630 861 tanta
1648 822 1740 874 dig-

348 896 471 935 nitate
497 895 550 933 est
564 925 576 940 ‚
608 904 652 933 ut
678 908 763 932 eam
791 893 1068 932 defendentem
1089 890 1267 930 occidere
1288 903 1368 928 non
1389 888 1496 927 aliud
1516 889 1561 927 fit
1576 917 1588 934 ,
1619 900 1740 941 quam

347 970 645 1015 oppugnantem
664 973 795 999 rerum
814 959 935 1012 potiri
954 959 967 996 ?

403 1029 600 1067 LXVIII.
632 1028 830 1068 Homines
863 1026 1010 1071 Graeci,
1041 1038 1139 1078 quos
1171 1032 1282 1062 antea
1307 1022 1524 1066 nominavi,
1554 1021 1692 1073 inique
1719 1033 1742 1058 a

349 1095 424 1135 suis
446 1095 599 1134 civibus
621 1094 794 1133 damnati
814 1102 930 1147 atque
950 1091 1099 1144 expulfi
1116 1120 1127 1136 ‚
1159 1099 1289 1129 tamen
1305 1118 1318 1135 ,
1348 1089 1440 1141 quia
1464 1087 1562 1125 bene
1583 1086 1673 1125 sunt
1693 1086 1742 1124 de

349 1161 425 1201 suis
446 1160 673 1200 civitatibus
695 1160 841 1205 meriti,
873 1167 979 1197 tanta
998 1157 1116 1197 hodie
1136 1157 1262 1209 gloria
1281 1156 1385 1200 sunt,
1417 1168 1497 1192 non
1524 1153 1564 1192 in
1588 1153 1743 1192 Graecia

349 1227 493 1272 solum,
525 1226 590 1265 sed
616 1227 735 1264 etiam
761 1225 865 1279 apud
892 1238 978 1270 nos,
1009 1233 1126 1276 atque
1153 1224 1193 1260 in
1215 1222 1363 1262 caeteris
1386 1220 1512 1265 terris,
1543 1227 1589 1257 ut
1608 1232 1690 1264 eos,
1720 1232 1742 1256 a

349 1293 495 1346 quibus
517 1292 578 1331 illi
598 1291 762 1345 opprefli
784 1291 888 1335 sunt,
918 1303 1036 1328 nemo
1064 1289 1271 1332 nominet;
1304 1285 1449 1324 horum
1476 1285 1741 1323 calamitatem

350 1359 612 1398 dominationi
632 1358 794 1396 illorum
815 1370 951 1395 omnes
972 1364 1226 1408 anteponant.
1245 1353 1348 1405 Qis
1370 1349 1742 1403 Carthaginensium

347 1426 473 1479 pluris
494 1425 573 1463 fuit
593 1424 807 1470 Annibale,
838 1423 1014 1467 confilio,
1043 1423 1204 1466 virtute,
1235 1420 1350 1458 rebus
1372 1418 1515 1472 gestis;
1547 1418 1617 1470 qui
1638 1430 1744 1456 unus

347 1505 442 1530 cum
469 1500 529 1529 tot
555 1490 858 1543 imperatoribus
885 1488 1023 1527 nostris
1051 1501 1120 1540 per
1147 1496 1206 1525 tot
1233 1499 1354 1524 annos
1377 1484 1427 1522 de
1447 1484 1615 1536 imperio
1634 1492 1674 1521 et
1694 1482 1742 1520 de

346 1557 472 1609 gloria
492 1557 730 1594 decertavit?
748 1555 856 1593 hunc
877 1555 935 1593 sui
955 1555 1058 1592 cives
1075 1567 1096 1591 e
1111 1553 1268 1591 civitate
1288 1552 1487 1604 ejecerunt
1499 1568 1511 1594 ;
1530 1561 1600 1587 nos
1622 1549 1742 1587 etiam

345 1622 498 1662 hostem
517 1622 641 1660 literis
663 1621 802 1659 nostris
822 1629 862 1658 et
881 1620 1073 1659 memoria
1091 1618 1270 1657 videmus
1291 1616 1363 1655 effe
1384 1616 1642 1655 celebratum.

400 1690 533 1741 Qare
552 1689 757 1726 imitemur
778 1686 927 1725 nostros
949 1687 1108 1730 Brutos,
1140 1683 1349 1728 Camillos,
1381 1680 1544 1726 Ahalas,
1574 1681 1741 1726 Decios,

347 1755 505 1799 Curios,
542 1754 761 1797 Fabricios,
791 1752 1011 1795 Maximos,
1043 1751 1260 1803 ScipioneS‚
1293 1748 1503 1792 Lentulos,
1535 1747 1740 1791 AEmilios,

344 1819 653 1859 innumerabiles
673 1819 785 1863 alios,
803 1818 872 1870 qui
893 1817 994 1854 hanc
1016 1815 1304 1869 rempublicam
1325 1814 1594 1851 stabiliverunt
1606 1831 1617 1857 ;
1641 1826 1740 1864 quos

348 1881 533 1939 equidem
564 1886 607 1923 in
639 1885 817 1923 Deorum
849 1882 1137 1921 immortalium
1168 1889 1276 1919 coetu
1305 1892 1348 1918 ac
1380 1891 1545 1917 numero
1577 1891 1740 1930 repono.

349 1954 542 1991 Amemus
563 1952 744 2004 patriam,
776 1962 977 2004 pareamus
999 1948 1161 1993 senatui,
1193 1946 1442 1985 consulamus
1464 1945 1577 1983 bonis
1597 1959 1606 1983 :
1639 1958 1739 1997 prae-

349 2019 472 2058 sentes
501 2017 650 2056 fruetus
666 2017 919 2069 ,negligamus
936 2045 946 2061 ‚
979 2014 1193 2068 posteritati
1213 2023 1251 2052 ct
1273 2013 1407 2066 gloriae
1429 2011 1639 2050 serviamus
1657 2026 1666 2049 ε
1699 2010 1743 2048 id

348 2085 420 2123 effe
441 2085 640 2137 optimum
661 2093 860 2136 putemuS‚
893 2081 1000 2135 quod
1026 2082 1101 2119 erit
1121 2080 1375 2118 rectiffimum
1393 2094 1401 2117 :
1435 2078 1632 2130 speremus
1654 2091 1742 2129 quae

349 2153 548 2196 volumus,
567 2150 630 2188 sed
651 2150 758 2203 quod
778 2149 963 2187 acciderit
984 2147 1177 2186 feramus:
1201 2148 1422 2199 cogitemus
1444 2145 1629 2196 denique,
1648 2157 1738 2181 cor-

349 2231 422 2271 pus
445 2219 619 2256 virorum
646 2215 827 2261 fortium,
858 2228 1174 2267 magnorumque
1193 2213 1420 2257 hominum,
1451 2211 1523 2249 effe
1544 2209 1738 2254 mortale;

348 2285 471 2322 animi
503 2297 593 2321 vero
625 2292 757 2321 motus
789 2291 827 2319 et
859 2281 1016 2320 virtutis
1051 2281 1218 2332 gloriam
1253 2280 1557 2332 sempiternam:
1596 2290 1740 2329 neque,

349 2351 450 2388 hanc
489 2350 718 2402 opinionem
758 2348 783 2386 fi
819 2349 858 2385 in
894 2347 965 2385 illo
1000 2346 1231 2384 sandfiffimo
1266 2345 1442 2384 Hercule
1476 2343 1741 2382 consecratam

350 2416 528 2455 videmus
543 2444 554 2459 ,
587 2415 699 2467 cujus
727 2427 889 2465 corpore
910 2412 1087 2451 ambusto
1102 2442 1113 2458 ,
1145 2413 1267 2450 vitam
1288 2412 1371 2464 ejus
1392 2420 1431 2449 et
1450 2411 1638 2448 virtutem
1659 2409 1739 2446 im-

349 2481 566 2521 mortalitas
587 2479 776 2534 excepiffe
797 2480 957 2526 dicitur,
989 2480 1121 2518 minus
1141 2478 1409 2517 existimemus
1430 2490 1511 2522 eos,
1542 2476 1612 2529 qui
1638 2473 1741 2513 hanc
