<?xml version="1.0" encoding="UTF-8"?>
<!DOCTYPE html PUBLIC "-//W3C//DTD XHTML 1.0 Transitional//EN"
    "http://www.w3.org/TR/xhtml1/DTD/xhtml1-transitional.dtd">
<html xmlns="http://www.w3.org/1999/xhtml" xml:lang="en" lang="en">
 <head>
  <title>
</title>
<meta http-equiv="Content-Type" content="text/html;charset=utf-8" />
  <meta name='ocr-system' content='tesseract 3.04.00' />
  <meta name='ocr-capabilities' content='ocr_page ocr_carea ocr_par ocr_line ocrx_word'/>
</head>
<body>
  <div class='ocr_page' id='page_1' title='image "./operacumindicibu06ciceuoft_0157.png"; bbox 0 0 2076 2860; ppageno 0'>
   <div class='ocr_carea' id='block_1_1' title="bbox 562 135 1681 191">
    <p class='ocr_par' dir='ltr' id='par_1_1' title="bbox 562 135 1681 191">
     <span class='ocr_line' id='line_1_1' title="bbox 562 135 1681 191; baseline -0.026 1"><span class='ocrx_word' id='word_1_1' title='bbox 562 151 698 191; x_wconf 89' lang='lat' dir='ltr'>PRO</span> <span class='ocrx_word' id='word_1_2' title='bbox 759 149 809 187; x_wconf 88' lang='lat' dir='ltr'>L.</span> <span class='ocrx_word' id='word_1_3' title='bbox 871 142 1086 184; x_wconf 92' lang='lat' dir='ltr'><strong>CORN.</strong></span> <span class='ocrx_word' id='word_1_4' title='bbox 1148 135 1395 178; x_wconf 85' lang='lat' dir='ltr'><strong>BALBO.</strong></span> <span class='ocrx_word' id='word_1_5' title='bbox 1611 144 1681 183; x_wconf 73' lang='lat'>147</span> 
     </span>
    </p>
   </div>
   <div class='ocr_carea' id='block_1_2' title="bbox 280 231 1719 2367">
    <p class='ocr_par' dir='ltr' id='par_1_2' title="bbox 280 231 1687 629">
     <span class='ocr_line' id='line_1_2' title="bbox 335 231 1684 308; baseline -0.024 -13"><span class='ocrx_word' id='word_1_6' title='bbox 335 254 554 308; x_wconf 61' lang='lat' dir='ltr'>Objecmm</span> <span class='ocrx_word' id='word_1_7' title='bbox 573 249 628 288; x_wconf 91' lang='lat' dir='ltr'>est</span> <span class='ocrx_word' id='word_1_8' title='bbox 647 246 793 290; x_wconf 89' lang='lat' dir='ltr'>etiam,</span> <span class='ocrx_word' id='word_1_9' title='bbox 825 241 934 295; x_wconf 92' lang='lat' dir='ltr'>quod</span> <span class='ocrx_word' id='word_1_10' title='bbox 963 241 1005 278; x_wconf 94' lang='lat' dir='ltr'>in</span> <span class='ocrx_word' id='word_1_11' title='bbox 1035 236 1188 277; x_wconf 86' lang='lat' dir='ltr'>tribum</span> <span class='ocrx_word' id='word_1_12' title='bbox 1219 231 1518 273; x_wconf 85' lang='lat' dir='ltr'>Crustuminam</span> <span class='ocrx_word' id='word_1_13' title='bbox 1546 238 1684 280; x_wconf 88' lang='lat' dir='ltr'>perve-</span> 
     </span>
     <span class='ocr_line' id='line_1_3' title="bbox 281 293 1686 372; baseline -0.024 -10"><span class='ocrx_word' id='word_1_14' title='bbox 281 323 411 362; x_wconf 85' lang='lat' dir='ltr'>nerit:</span> <span class='ocrx_word' id='word_1_15' title='bbox 443 317 553 372; x_wconf 90' lang='lat' dir='ltr'>quod</span> <span class='ocrx_word' id='word_1_16' title='bbox 581 315 648 354; x_wconf 93' lang='lat' dir='ltr'>hic</span> <span class='ocrx_word' id='word_1_17' title='bbox 678 312 870 351; x_wconf 85' lang='lat' dir='ltr'>affecutus</span> <span class='ocrx_word' id='word_1_18' title='bbox 891 307 945 346; x_wconf 89' lang='lat' dir='ltr'>est</span> <span class='ocrx_word' id='word_1_19' title='bbox 965 305 1064 358; x_wconf 89' lang='lat' dir='ltr'>legis</span> <span class='ocrx_word' id='word_1_20' title='bbox 1085 303 1133 342; x_wconf 90' lang='lat' dir='ltr'>de</span> <span class='ocrx_word' id='word_1_21' title='bbox 1154 301 1309 340; x_wconf 86' lang='lat' dir='ltr'>ambitu</span> <span class='ocrx_word' id='word_1_22' title='bbox 1329 297 1493 352; x_wconf 85' lang='lat' dir='ltr'>praemio</span> <span class='ocrx_word' id='word_1_23' title='bbox 1509 325 1519 341; x_wconf 89' lang='lat'><em>‚</em></span> <span class='ocrx_word' id='word_1_24' title='bbox 1552 293 1686 332; x_wconf 79' lang='lat' dir='ltr'>minus</span> 
     </span>
     <span class='ocr_line' id='line_1_4' title="bbox 280 363 1687 438; baseline -0.023 -9"><span class='ocrx_word' id='word_1_25' title='bbox 280 386 499 432; x_wconf 90' lang='lat' dir='ltr'>invidioso,</span> <span class='ocrx_word' id='word_1_26' title='bbox 530 395 650 438; x_wconf 90' lang='lat' dir='ltr'>quam</span> <span class='ocrx_word' id='word_1_27' title='bbox 670 380 741 434; x_wconf 90' lang='lat' dir='ltr'>qui</span> <span class='ocrx_word' id='word_1_28' title='bbox 761 379 899 430; x_wconf 87' lang='lat' dir='ltr'>legum</span> <span class='ocrx_word' id='word_1_29' title='bbox 920 372 1092 428; x_wconf 84' lang='lat' dir='ltr'>praemiis</span> <span class='ocrx_word' id='word_1_30' title='bbox 1114 368 1336 424; x_wconf 84' lang='lat' dir='ltr'>praetoriam</span> <span class='ocrx_word' id='word_1_31' title='bbox 1358 363 1593 404; x_wconf 83' lang='lat' dir='ltr'>sententiam</span> <span class='ocrx_word' id='word_1_32' title='bbox 1607 390 1616 405; x_wconf 94' lang='lat'>‚</span> <span class='ocrx_word' id='word_1_33' title='bbox 1648 369 1687 396; x_wconf 77' lang='lat' dir='ltr'>et</span> 
     </span>
     <span class='ocr_line' id='line_1_5' title="bbox 280 426 1685 510; baseline -0.023 -15"><span class='ocrx_word' id='word_1_34' title='bbox 280 462 513 510; x_wconf 70' lang='lat' dir='ltr'>praetextam</span> <span class='ocrx_word' id='word_1_35' title='bbox 534 459 684 503; x_wconf 88' lang='lat' dir='ltr'>togam,</span> <span class='ocrx_word' id='word_1_36' title='bbox 716 444 1029 496; x_wconf 87' lang='lat' dir='ltr'>consequuntur.</span> <span class='ocrx_word' id='word_1_37' title='bbox 1062 439 1117 477; x_wconf 86' lang='lat' dir='ltr'>Et</span> <span class='ocrx_word' id='word_1_38' title='bbox 1137 435 1297 489; x_wconf 81' lang='lat' dir='ltr'>adoptio</span> <span class='ocrx_word' id='word_1_39' title='bbox 1319 429 1580 483; x_wconf 81' lang='lat' dir='ltr'>Theophanis</span> <span class='ocrx_word' id='word_1_40' title='bbox 1602 426 1685 478; x_wconf 77' lang='lat' dir='ltr'>agi-</span> 
     </span>
     <span class='ocr_line' id='line_1_6' title="bbox 281 496 1687 573; baseline -0.023 -10"><span class='ocrx_word' id='word_1_41' title='bbox 281 532 362 562; x_wconf 85' lang='lat' dir='ltr'>tata</span> <span class='ocrx_word' id='word_1_42' title='bbox 380 520 454 560; x_wconf 87' lang='lat' dir='ltr'>est:</span> <span class='ocrx_word' id='word_1_43' title='bbox 477 532 546 573; x_wconf 88' lang='lat' dir='ltr'>per</span> <span class='ocrx_word' id='word_1_44' title='bbox 566 529 687 570; x_wconf 92' lang='lat' dir='ltr'>quam</span> <span class='ocrx_word' id='word_1_45' title='bbox 708 510 920 552; x_wconf 85' lang='lat' dir='ltr'>Cornelius</span> <span class='ocrx_word' id='word_1_46' title='bbox 942 505 1045 546; x_wconf 83' lang='lat' dir='ltr'>nihil</span> <span class='ocrx_word' id='word_1_47' title='bbox 1066 504 1134 550; x_wconf 90' lang='lat' dir='ltr'>est,</span> <span class='ocrx_word' id='word_1_48' title='bbox 1157 510 1417 556; x_wconf 83' lang='lat' dir='ltr'>praeterquam</span> <span class='ocrx_word' id='word_1_49' title='bbox 1438 496 1687 551; x_wconf 89' lang='lat' dir='ltr'>propinquo-</span> 
     </span>
     <span class='ocr_line' id='line_1_7' title="bbox 282 575 1063 629; baseline -0.027 1"><span class='ocrx_word' id='word_1_50' title='bbox 282 603 373 629; x_wconf 85' lang='lat' dir='ltr'>rum</span> <span class='ocrx_word' id='word_1_51' title='bbox 393 588 554 626; x_wconf 88' lang='lat' dir='ltr'>suorum</span> <span class='ocrx_word' id='word_1_52' title='bbox 573 581 825 623; x_wconf 85' lang='lat' dir='ltr'>hereditates,</span> <span class='ocrx_word' id='word_1_53' title='bbox 857 575 1063 614; x_wconf 74' lang='lat' dir='ltr'>assecutus.</span> 
     </span>
    </p>

    <p class='ocr_par' dir='ltr' id='par_1_3' title="bbox 285 625 1716 2306">
     <span class='ocr_line' id='line_1_8' title="bbox 340 625 1689 703; baseline -0.025 -8"><span class='ocrx_word' id='word_1_54' title='bbox 340 653 498 694; x_wconf 90' lang='lat' dir='ltr'>XXVI.</span> <span class='ocrx_word' id='word_1_55' title='bbox 531 653 775 703; x_wconf 86' lang='lat' dir='ltr'>Qanquam</span> <span class='ocrx_word' id='word_1_56' title='bbox 795 643 960 682; x_wconf 88' lang='lat' dir='ltr'>istorum</span> <span class='ocrx_word' id='word_1_57' title='bbox 980 640 1133 678; x_wconf 85' lang='lat' dir='ltr'>animos</span> <span class='ocrx_word' id='word_1_58' title='bbox 1147 665 1157 681; x_wconf 92' lang='lat'>,</span> <span class='ocrx_word' id='word_1_59' title='bbox 1189 634 1260 686; x_wconf 91' lang='lat' dir='ltr'>qui</span> <span class='ocrx_word' id='word_1_60' title='bbox 1281 631 1351 685; x_wconf 86' lang='lat' dir='ltr'>ipfi</span> <span class='ocrx_word' id='word_1_61' title='bbox 1374 627 1563 668; x_wconf 89' lang='lat' dir='ltr'>Cornelio</span> <span class='ocrx_word' id='word_1_62' title='bbox 1585 625 1689 664; x_wconf 88' lang='lat' dir='ltr'>invi-</span> 
     </span>
     <span class='ocr_line' id='line_1_9' title="bbox 285 692 1690 766; baseline -0.024 -5"><span class='ocrx_word' id='word_1_63' title='bbox 285 722 394 766; x_wconf 89' lang='lat' dir='ltr'>dent,</span> <span class='ocrx_word' id='word_1_64' title='bbox 418 733 498 758; x_wconf 90' lang='lat' dir='ltr'>non</span> <span class='ocrx_word' id='word_1_65' title='bbox 519 717 574 756; x_wconf 89' lang='lat' dir='ltr'>est</span> <span class='ocrx_word' id='word_1_66' title='bbox 594 712 885 753; x_wconf 89' lang='lat' dir='ltr'>difficillimum</span> <span class='ocrx_word' id='word_1_67' title='bbox 906 706 1103 759; x_wconf 87' lang='lat' dir='ltr'>mitigare.</span> <span class='ocrx_word' id='word_1_68' title='bbox 1122 696 1241 740; x_wconf 82' lang='lat' dir='ltr'>More</span> <span class='ocrx_word' id='word_1_69' title='bbox 1260 697 1477 737; x_wconf 89' lang='lat' dir='ltr'>hominum</span> <span class='ocrx_word' id='word_1_70' title='bbox 1496 692 1690 735; x_wconf 88' lang='lat' dir='ltr'>invident,</span> 
     </span>
     <span class='ocr_line' id='line_1_10' title="bbox 286 756 1693 827; baseline -0.025 1"><span class='ocrx_word' id='word_1_71' title='bbox 286 790 329 827; x_wconf 91' lang='lat' dir='ltr'>in</span> <span class='ocrx_word' id='word_1_72' title='bbox 349 784 543 826; x_wconf 87' lang='lat' dir='ltr'>conviviis</span> <span class='ocrx_word' id='word_1_73' title='bbox 565 781 726 825; x_wconf 89' lang='lat' dir='ltr'>rodunt,</span> <span class='ocrx_word' id='word_1_74' title='bbox 749 779 791 816; x_wconf 93' lang='lat' dir='ltr'>in</span> <span class='ocrx_word' id='word_1_75' title='bbox 811 774 973 815; x_wconf 88' lang='lat' dir='ltr'>circulis</span> <span class='ocrx_word' id='word_1_76' title='bbox 994 770 1206 810; x_wconf 86' lang='lat' dir='ltr'>vellicant:</span> <span class='ocrx_word' id='word_1_77' title='bbox 1231 778 1311 804; x_wconf 89' lang='lat' dir='ltr'>non</span> <span class='ocrx_word' id='word_1_78' title='bbox 1332 762 1404 800; x_wconf 87' lang='lat' dir='ltr'>illo</span> <span class='ocrx_word' id='word_1_79' title='bbox 1425 759 1607 803; x_wconf 88' lang='lat' dir='ltr'>inimico,</span> <span class='ocrx_word' id='word_1_80' title='bbox 1628 756 1693 795; x_wconf 81' lang='lat' dir='ltr'>sed</span> 
     </span>
     <span class='ocr_line' id='line_1_11' title="bbox 286 823 1692 895; baseline -0.025 -1"><span class='ocrx_word' id='word_1_81' title='bbox 286 855 366 893; x_wconf 92' lang='lat' dir='ltr'>hoc</span> <span class='ocrx_word' id='word_1_82' title='bbox 383 850 592 895; x_wconf 87' lang='lat' dir='ltr'>maledico,</span> <span class='ocrx_word' id='word_1_83' title='bbox 611 847 727 885; x_wconf 86' lang='lat' dir='ltr'>dente</span> <span class='ocrx_word' id='word_1_84' title='bbox 743 850 925 895; x_wconf 85' lang='lat' dir='ltr'>carpunt.</span> <span class='ocrx_word' id='word_1_85' title='bbox 941 839 1024 890; x_wconf 85' lang='lat' dir='ltr'>Qi</span> <span class='ocrx_word' id='word_1_86' title='bbox 1041 835 1179 874; x_wconf 89' lang='lat' dir='ltr'>amicis</span> <span class='ocrx_word' id='word_1_87' title='bbox 1197 834 1246 871; x_wconf 91' lang='lat' dir='ltr'>L.</span> <span class='ocrx_word' id='word_1_88' title='bbox 1259 828 1439 870; x_wconf 86' lang='lat' dir='ltr'>Cornelii</span> <span class='ocrx_word' id='word_1_89' title='bbox 1455 835 1521 865; x_wconf 86' lang='lat' dir='ltr'>aut</span> <span class='ocrx_word' id='word_1_90' title='bbox 1537 823 1692 863; x_wconf 87' lang='lat' dir='ltr'>inimici</span> 
     </span>
     <span class='ocr_line' id='line_1_12' title="bbox 288 890 1693 967; baseline -0.023 -6"><span class='ocrx_word' id='word_1_91' title='bbox 288 922 394 967; x_wconf 90' lang='lat' dir='ltr'>sunt,</span> <span class='ocrx_word' id='word_1_92' title='bbox 424 927 493 958; x_wconf 88' lang='lat' dir='ltr'>aut</span> <span class='ocrx_word' id='word_1_93' title='bbox 518 914 714 958; x_wconf 81' lang='lat' dir='ltr'>invident,</span> <span class='ocrx_word' id='word_1_94' title='bbox 745 910 789 949; x_wconf 92' lang='lat' dir='ltr'>hi</span> <span class='ocrx_word' id='word_1_95' title='bbox 811 909 901 948; x_wconf 90' lang='lat' dir='ltr'>sunt</span> <span class='ocrx_word' id='word_1_96' title='bbox 921 906 1017 946; x_wconf 92' lang='lat' dir='ltr'>huic</span> <span class='ocrx_word' id='word_1_97' title='bbox 1038 903 1169 943; x_wconf 84' lang='lat' dir='ltr'>multo</span> <span class='ocrx_word' id='word_1_98' title='bbox 1190 897 1465 939; x_wconf 82' lang='lat' dir='ltr'>vehementius</span> <span class='ocrx_word' id='word_1_99' title='bbox 1486 890 1693 948; x_wconf 86' lang='lat' dir='ltr'>pertimes-</span> 
     </span>
     <span class='ocr_line' id='line_1_13' title="bbox 287 958 1696 1033; baseline -0.024 -5"><span class='ocrx_word' id='word_1_100' title='bbox 287 987 418 1027; x_wconf 87' lang='lat' dir='ltr'>cendi.</span> <span class='ocrx_word' id='word_1_101' title='bbox 442 985 550 1025; x_wconf 81' lang='lat' dir='ltr'>Nam</span> <span class='ocrx_word' id='word_1_102' title='bbox 571 981 668 1021; x_wconf 86' lang='lat' dir='ltr'>huic</span> <span class='ocrx_word' id='word_1_103' title='bbox 688 977 852 1033; x_wconf 88' lang='lat' dir='ltr'>quidem</span> <span class='ocrx_word' id='word_1_104' title='bbox 873 975 943 1028; x_wconf 88' lang='lat' dir='ltr'>ipfi</span> <span class='ocrx_word' id='word_1_105' title='bbox 964 972 1054 1027; x_wconf 81' lang='lat' dir='ltr'>quis</span> <span class='ocrx_word' id='word_1_106' title='bbox 1075 969 1130 1008; x_wconf 88' lang='lat' dir='ltr'>est</span> <span class='ocrx_word' id='word_1_107' title='bbox 1151 979 1328 1020; x_wconf 86' lang='lat' dir='ltr'>unquam</span> <span class='ocrx_word' id='word_1_108' title='bbox 1350 964 1534 1002; x_wconf 87' lang='lat' dir='ltr'>inventus</span> <span class='ocrx_word' id='word_1_109' title='bbox 1556 958 1696 997; x_wconf 88' lang='lat' dir='ltr'>inimi-</span> 
     </span>
     <span class='ocr_line' id='line_1_14' title="bbox 288 1026 1697 1105; baseline -0.025 -10"><span class='ocrx_word' id='word_1_110' title='bbox 288 1055 384 1094; x_wconf 90' lang='lat' dir='ltr'>cus?</span> <span class='ocrx_word' id='word_1_111' title='bbox 402 1061 470 1092; x_wconf 88' lang='lat' dir='ltr'>aut</span> <span class='ocrx_word' id='word_1_112' title='bbox 489 1050 580 1105; x_wconf 88' lang='lat' dir='ltr'>quis</span> <span class='ocrx_word' id='word_1_113' title='bbox 596 1050 686 1102; x_wconf 89' lang='lat' dir='ltr'>jure</span> <span class='ocrx_word' id='word_1_114' title='bbox 706 1044 780 1084; x_wconf 80' lang='lat' dir='ltr'>effe</span> <span class='ocrx_word' id='word_1_115' title='bbox 800 1042 962 1098; x_wconf 89' lang='lat' dir='ltr'>potuit?</span> <span class='ocrx_word' id='word_1_116' title='bbox 985 1051 1107 1093; x_wconf 88' lang='lat' dir='ltr'>quem</span> <span class='ocrx_word' id='word_1_117' title='bbox 1129 1036 1282 1074; x_wconf 90' lang='lat' dir='ltr'>bonum</span> <span class='ocrx_word' id='word_1_118' title='bbox 1303 1045 1382 1070; x_wconf 87' lang='lat' dir='ltr'>non</span> <span class='ocrx_word' id='word_1_119' title='bbox 1404 1029 1530 1068; x_wconf 86' lang='lat' dir='ltr'>coluit</span> <span class='ocrx_word' id='word_1_120' title='bbox 1547 1027 1560 1064; x_wconf 89' lang='lat'>?</span> <span class='ocrx_word' id='word_1_121' title='bbox 1583 1026 1697 1077; x_wconf 81' lang='lat' dir='ltr'>cujus</span> 
     </span>
     <span class='ocr_line' id='line_1_15' title="bbox 290 1091 1698 1171; baseline -0.024 -9"><span class='ocrx_word' id='word_1_122' title='bbox 290 1122 461 1162; x_wconf 83' lang='lat' dir='ltr'>fortunae</span> <span class='ocrx_word' id='word_1_123' title='bbox 481 1116 748 1171; x_wconf 85' lang='lat' dir='ltr'>dignitatique</span> <span class='ocrx_word' id='word_1_124' title='bbox 768 1125 849 1150; x_wconf 88' lang='lat' dir='ltr'>non</span> <span class='ocrx_word' id='word_1_125' title='bbox 876 1106 1094 1148; x_wconf 84' lang='lat' dir='ltr'>conceffit?</span> <span class='ocrx_word' id='word_1_126' title='bbox 1126 1101 1311 1142; x_wconf 86' lang='lat' dir='ltr'>Versatus</span> <span class='ocrx_word' id='word_1_127' title='bbox 1341 1100 1380 1137; x_wconf 86' lang='lat' dir='ltr'>in</span> <span class='ocrx_word' id='word_1_128' title='bbox 1410 1096 1551 1134; x_wconf 83' lang='lat' dir='ltr'>intima</span> <span class='ocrx_word' id='word_1_129' title='bbox 1577 1091 1698 1131; x_wconf 85' lang='lat' dir='ltr'>fami-</span> 
     </span>
     <span class='ocr_line' id='line_1_16' title="bbox 292 1161 1701 1234; baseline -0.023 -6"><span class='ocrx_word' id='word_1_130' title='bbox 292 1189 462 1228; x_wconf 87' lang='lat' dir='ltr'>liaritate</span> <span class='ocrx_word' id='word_1_131' title='bbox 481 1183 658 1224; x_wconf 89' lang='lat' dir='ltr'>hominis</span> <span class='ocrx_word' id='word_1_132' title='bbox 680 1176 939 1234; x_wconf 73' lang='lat' dir='ltr'>potentiffim‘i</span> <span class='ocrx_word' id='word_1_133' title='bbox 954 1204 965 1221; x_wconf 92' lang='lat'>‚</span> <span class='ocrx_word' id='word_1_134' title='bbox 998 1174 1039 1212; x_wconf 91' lang='lat' dir='ltr'>in</span> <span class='ocrx_word' id='word_1_135' title='bbox 1067 1168 1255 1210; x_wconf 83' lang='lat' dir='ltr'>maximis</span> <span class='ocrx_word' id='word_1_136' title='bbox 1284 1165 1422 1205; x_wconf 83' lang='lat' dir='ltr'>nostris</span> <span class='ocrx_word' id='word_1_137' title='bbox 1445 1161 1559 1201; x_wconf 89' lang='lat' dir='ltr'>malis</span> <span class='ocrx_word' id='word_1_138' title='bbox 1581 1168 1701 1211; x_wconf 87' lang='lat' dir='ltr'>atque</span> 
     </span>
     <span class='ocr_line' id='line_1_17' title="bbox 294 1230 1699 1298; baseline -0.024 -3"><span class='ocrx_word' id='word_1_139' title='bbox 294 1252 500 1294; x_wconf 90' lang='lat' dir='ltr'>discordiis</span> <span class='ocrx_word' id='word_1_140' title='bbox 523 1249 726 1289; x_wconf 89' lang='lat' dir='ltr'>neminem</span> <span class='ocrx_word' id='word_1_141' title='bbox 746 1256 925 1298; x_wconf 89' lang='lat' dir='ltr'>unquam</span> <span class='ocrx_word' id='word_1_142' title='bbox 944 1239 1105 1279; x_wconf 90' lang='lat' dir='ltr'>alterius</span> <span class='ocrx_word' id='word_1_143' title='bbox 1128 1235 1290 1275; x_wconf 86' lang='lat' dir='ltr'>rationis</span> <span class='ocrx_word' id='word_1_144' title='bbox 1311 1246 1354 1271; x_wconf 91' lang='lat' dir='ltr'>ac</span> <span class='ocrx_word' id='word_1_145' title='bbox 1376 1230 1511 1284; x_wconf 79' lang='lat' dir='ltr'>partiS,</span> <span class='ocrx_word' id='word_1_146' title='bbox 1544 1240 1623 1265; x_wconf 88' lang='lat' dir='ltr'>non</span> <span class='ocrx_word' id='word_1_147' title='bbox 1646 1238 1699 1269; x_wconf 85' lang='lat' dir='ltr'>re,</span> 
     </span>
     <span class='ocr_line' id='line_1_18' title="bbox 296 1296 1701 1365; baseline -0.024 -2"><span class='ocrx_word' id='word_1_148' title='bbox 296 1336 377 1362; x_wconf 90' lang='lat' dir='ltr'>non</span> <span class='ocrx_word' id='word_1_149' title='bbox 397 1320 518 1361; x_wconf 88' lang='lat' dir='ltr'>verbo</span> <span class='ocrx_word' id='word_1_150' title='bbox 533 1348 545 1365; x_wconf 91' lang='lat'>,</span> <span class='ocrx_word' id='word_1_151' title='bbox 577 1330 657 1356; x_wconf 90' lang='lat' dir='ltr'>non</span> <span class='ocrx_word' id='word_1_152' title='bbox 677 1314 792 1353; x_wconf 85' lang='lat' dir='ltr'>vultu</span> <span class='ocrx_word' id='word_1_153' title='bbox 814 1310 1006 1363; x_wconf 89' lang='lat' dir='ltr'>denique,</span> <span class='ocrx_word' id='word_1_154' title='bbox 1038 1304 1222 1345; x_wconf 84' lang='lat' dir='ltr'>offendit.</span> <span class='ocrx_word' id='word_1_155' title='bbox 1255 1301 1351 1340; x_wconf 85' lang='lat' dir='ltr'>Fuit</span> <span class='ocrx_word' id='word_1_156' title='bbox 1372 1298 1449 1337; x_wconf 90' lang='lat' dir='ltr'>hoc</span> <span class='ocrx_word' id='word_1_157' title='bbox 1470 1296 1546 1335; x_wconf 87' lang='lat' dir='ltr'>five</span> <span class='ocrx_word' id='word_1_158' title='bbox 1566 1306 1701 1333; x_wconf 84' lang='lat' dir='ltr'>meum</span> 
     </span>
     <span class='ocr_line' id='line_1_19' title="bbox 298 1360 1705 1440; baseline -0.024 -10"><span class='ocrx_word' id='word_1_159' title='bbox 298 1391 374 1430; x_wconf 91' lang='lat' dir='ltr'>five</span> <span class='ocrx_word' id='word_1_160' title='bbox 401 1385 630 1440; x_wconf 87' lang='lat' dir='ltr'>reipublicae</span> <span class='ocrx_word' id='word_1_161' title='bbox 657 1381 813 1426; x_wconf 90' lang='lat' dir='ltr'>fatum,</span> <span class='ocrx_word' id='word_1_162' title='bbox 846 1386 891 1416; x_wconf 90' lang='lat' dir='ltr'>ut</span> <span class='ocrx_word' id='word_1_163' title='bbox 918 1377 960 1415; x_wconf 89' lang='lat' dir='ltr'>in</span> <span class='ocrx_word' id='word_1_164' title='bbox 987 1387 1052 1413; x_wconf 87' lang='lat' dir='ltr'>me</span> <span class='ocrx_word' id='word_1_165' title='bbox 1079 1385 1206 1411; x_wconf 88' lang='lat' dir='ltr'>unum</span> <span class='ocrx_word' id='word_1_166' title='bbox 1234 1368 1364 1407; x_wconf 84' lang='lat' dir='ltr'>omnis</span> <span class='ocrx_word' id='word_1_167' title='bbox 1398 1365 1466 1402; x_wconf 86' lang='lat' dir='ltr'>illa</span> <span class='ocrx_word' id='word_1_168' title='bbox 1494 1360 1705 1401; x_wconf 85' lang='lat' dir='ltr'>inclinatio</span> 
     </span>
     <span class='ocr_line' id='line_1_20' title="bbox 297 1427 1704 1503; baseline -0.024 -6"><span class='ocrx_word' id='word_1_169' title='bbox 297 1454 580 1497; x_wconf 90' lang='lat' dir='ltr'>communium</span> <span class='ocrx_word' id='word_1_170' title='bbox 608 1460 837 1503; x_wconf 85' lang='lat' dir='ltr'>temporum</span> <span class='ocrx_word' id='word_1_171' title='bbox 865 1441 1144 1483; x_wconf 86' lang='lat' dir='ltr'>incumberet:</span> <span class='ocrx_word' id='word_1_172' title='bbox 1177 1451 1257 1476; x_wconf 90' lang='lat' dir='ltr'>non</span> <span class='ocrx_word' id='word_1_173' title='bbox 1286 1432 1406 1473; x_wconf 89' lang='lat' dir='ltr'>modo</span> <span class='ocrx_word' id='word_1_174' title='bbox 1435 1444 1514 1469; x_wconf 91' lang='lat' dir='ltr'>non</span> <span class='ocrx_word' id='word_1_175' title='bbox 1547 1427 1704 1466; x_wconf 82' lang='lat' dir='ltr'>exulta-</span> 
     </span>
     <span class='ocr_line' id='line_1_21' title="bbox 297 1492 1708 1564; baseline -0.026 1"><span class='ocrx_word' id='word_1_176' title='bbox 297 1524 358 1564; x_wconf 88' lang='lat' dir='ltr'>vit</span> <span class='ocrx_word' id='word_1_177' title='bbox 377 1524 419 1562; x_wconf 91' lang='lat' dir='ltr'>in</span> <span class='ocrx_word' id='word_1_178' title='bbox 440 1520 565 1561; x_wconf 88' lang='lat' dir='ltr'>ruinis</span> <span class='ocrx_word' id='word_1_179' title='bbox 585 1517 735 1562; x_wconf 87' lang='lat' dir='ltr'>vestris,</span> <span class='ocrx_word' id='word_1_180' title='bbox 766 1511 984 1564; x_wconf 87' lang='lat' dir='ltr'>nostrisque</span> <span class='ocrx_word' id='word_1_181' title='bbox 1003 1504 1224 1549; x_wconf 85' lang='lat' dir='ltr'>discordiis,</span> <span class='ocrx_word' id='word_1_182' title='bbox 1247 1499 1458 1541; x_wconf 89' lang='lat' dir='ltr'>Cornelius</span> <span class='ocrx_word' id='word_1_183' title='bbox 1472 1515 1486 1543; x_wconf 78' lang='lat'>3</span> <span class='ocrx_word' id='word_1_184' title='bbox 1509 1494 1573 1534; x_wconf 91' lang='lat' dir='ltr'>sed</span> <span class='ocrx_word' id='word_1_185' title='bbox 1593 1492 1708 1532; x_wconf 88' lang='lat' dir='ltr'>omni</span> 
     </span>
     <span class='ocr_line' id='line_1_22' title="bbox 299 1559 1706 1637; baseline -0.025 -6"><span class='ocrx_word' id='word_1_186' title='bbox 299 1590 435 1631; x_wconf 89' lang='lat' dir='ltr'>officio</span> <span class='ocrx_word' id='word_1_187' title='bbox 449 1618 461 1634; x_wconf 92' lang='lat'>‚</span> <span class='ocrx_word' id='word_1_188' title='bbox 491 1585 677 1637; x_wconf 88' lang='lat' dir='ltr'>lacrymis</span> <span class='ocrx_word' id='word_1_189' title='bbox 693 1612 705 1629; x_wconf 94' lang='lat'>‚</span> <span class='ocrx_word' id='word_1_190' title='bbox 736 1593 853 1634; x_wconf 87' lang='lat' dir='ltr'>opera</span> <span class='ocrx_word' id='word_1_191' title='bbox 866 1607 878 1624; x_wconf 94' lang='lat'>‚</span> <span class='ocrx_word' id='word_1_192' title='bbox 910 1573 1178 1615; x_wconf 84' lang='lat' dir='ltr'>consolatione</span> <span class='ocrx_word' id='word_1_193' title='bbox 1192 1599 1204 1616; x_wconf 89' lang='lat'>,</span> <span class='ocrx_word' id='word_1_194' title='bbox 1235 1579 1373 1608; x_wconf 87' lang='lat' dir='ltr'>omnes</span> <span class='ocrx_word' id='word_1_195' title='bbox 1389 1594 1400 1610; x_wconf 95' lang='lat'>,</span> <span class='ocrx_word' id='word_1_196' title='bbox 1433 1576 1497 1602; x_wconf 90' lang='lat' dir='ltr'>me</span> <span class='ocrx_word' id='word_1_197' title='bbox 1521 1559 1679 1599; x_wconf 89' lang='lat' dir='ltr'>absente</span> <span class='ocrx_word' id='word_1_198' title='bbox 1693 1586 1706 1605; x_wconf 91' lang='lat'>,</span> 
     </span>
     <span class='ocr_line' id='line_1_23' title="bbox 301 1629 1709 1701; baseline -0.025 -4"><span class='ocrx_word' id='word_1_199' title='bbox 301 1669 412 1697; x_wconf 84' lang='lat' dir='ltr'>meos</span> <span class='ocrx_word' id='word_1_200' title='bbox 433 1651 664 1694; x_wconf 87' lang='lat' dir='ltr'>sublevavit.</span> <span class='ocrx_word' id='word_1_201' title='bbox 698 1650 885 1701; x_wconf 87' lang='lat' dir='ltr'>Qorum</span> <span class='ocrx_word' id='word_1_202' title='bbox 915 1655 990 1696; x_wconf 85' lang='lat' dir='ltr'>ego</span> <span class='ocrx_word' id='word_1_203' title='bbox 1022 1637 1248 1679; x_wconf 87' lang='lat' dir='ltr'>testimonio</span> <span class='ocrx_word' id='word_1_204' title='bbox 1275 1647 1319 1672; x_wconf 85' lang='lat' dir='ltr'>ac</span> <span class='ocrx_word' id='word_1_205' title='bbox 1347 1629 1531 1686; x_wconf 88' lang='lat' dir='ltr'>precibus</span> <span class='ocrx_word' id='word_1_206' title='bbox 1559 1637 1709 1666; x_wconf 86' lang='lat' dir='ltr'>munus</span> 
     </span>
     <span class='ocr_line' id='line_1_24' title="bbox 301 1692 1708 1764; baseline -0.025 0"><span class='ocrx_word' id='word_1_207' title='bbox 301 1723 382 1764; x_wconf 90' lang='lat' dir='ltr'>hoc</span> <span class='ocrx_word' id='word_1_208' title='bbox 414 1721 604 1761; x_wconf 88' lang='lat' dir='ltr'>meritum</span> <span class='ocrx_word' id='word_1_209' title='bbox 636 1716 747 1760; x_wconf 90' lang='lat' dir='ltr'>huic,</span> <span class='ocrx_word' id='word_1_210' title='bbox 778 1722 833 1758; x_wconf 90' lang='lat' dir='ltr'>et,</span> <span class='ocrx_word' id='word_1_211' title='bbox 865 1719 909 1749; x_wconf 89' lang='lat' dir='ltr'>ut</span> <span class='ocrx_word' id='word_1_212' title='bbox 940 1722 962 1747; x_wconf 89' lang='lat' dir='ltr'>a</span> <span class='ocrx_word' id='word_1_213' title='bbox 992 1704 1192 1760; x_wconf 88' lang='lat' dir='ltr'>principio</span> <span class='ocrx_word' id='word_1_214' title='bbox 1224 1701 1323 1745; x_wconf 84' lang='lat' dir='ltr'>dixi,</span> <span class='ocrx_word' id='word_1_215' title='bbox 1350 1697 1497 1752; x_wconf 90' lang='lat' dir='ltr'>justam</span> <span class='ocrx_word' id='word_1_216' title='bbox 1527 1703 1567 1733; x_wconf 87' lang='lat' dir='ltr'>et</span> <span class='ocrx_word' id='word_1_217' title='bbox 1593 1692 1708 1731; x_wconf 89' lang='lat' dir='ltr'>debi-</span> 
     </span>
     <span class='ocr_line' id='line_1_25' title="bbox 303 1759 1711 1842; baseline -0.025 -12"><span class='ocrx_word' id='word_1_218' title='bbox 303 1801 387 1830; x_wconf 81' lang='lat' dir='ltr'>tam</span> <span class='ocrx_word' id='word_1_219' title='bbox 405 1788 588 1842; x_wconf 86' lang='lat' dir='ltr'>gratiam,</span> <span class='ocrx_word' id='word_1_220' title='bbox 621 1782 772 1822; x_wconf 87' lang='lat' dir='ltr'>refero:</span> <span class='ocrx_word' id='word_1_221' title='bbox 805 1779 1011 1832; x_wconf 89' lang='lat' dir='ltr'>speroque,</span> <span class='ocrx_word' id='word_1_222' title='bbox 1040 1771 1217 1824; x_wconf 88' lang='lat' dir='ltr'>Judices,</span> <span class='ocrx_word' id='word_1_223' title='bbox 1249 1777 1293 1806; x_wconf 92' lang='lat' dir='ltr'>ut</span> <span class='ocrx_word' id='word_1_224' title='bbox 1315 1778 1396 1810; x_wconf 87' lang='lat' dir='ltr'>eos,</span> <span class='ocrx_word' id='word_1_225' title='bbox 1418 1763 1488 1816; x_wconf 91' lang='lat' dir='ltr'>qui</span> <span class='ocrx_word' id='word_1_226' title='bbox 1510 1759 1711 1815; x_wconf 88' lang='lat' dir='ltr'>principes</span> 
     </span>
     <span class='ocr_line' id='line_1_26' title="bbox 304 1828 1712 1896; baseline -0.024 1"><span class='ocrx_word' id='word_1_227' title='bbox 304 1857 469 1896; x_wconf 88' lang='lat' dir='ltr'>fuerunt</span> <span class='ocrx_word' id='word_1_228' title='bbox 503 1847 773 1892; x_wconf 76' lang='lat' dir='ltr'>conservandae</span> <span class='ocrx_word' id='word_1_229' title='bbox 808 1843 943 1884; x_wconf 85' lang='lat' dir='ltr'>salutis</span> <span class='ocrx_word' id='word_1_230' title='bbox 975 1849 1043 1880; x_wconf 84' lang='lat' dir='ltr'>aut</span> <span class='ocrx_word' id='word_1_231' title='bbox 1075 1835 1282 1891; x_wconf 82' lang='lat' dir='ltr'>dignitatis</span> <span class='ocrx_word' id='word_1_232' title='bbox 1313 1845 1424 1877; x_wconf 86' lang='lat' dir='ltr'>meae,</span> <span class='ocrx_word' id='word_1_233' title='bbox 1455 1828 1641 1882; x_wconf 81' lang='lat' dir='ltr'>diligitis,</span> <span class='ocrx_word' id='word_1_234' title='bbox 1672 1834 1712 1865; x_wconf 88' lang='lat' dir='ltr'>et</span> 
     </span>
     <span class='ocr_line' id='line_1_27' title="bbox 304 1894 1712 1967; baseline -0.025 -3"><span class='ocrx_word' id='word_1_235' title='bbox 304 1936 415 1964; x_wconf 85' lang='lat' dir='ltr'>caros</span> <span class='ocrx_word' id='word_1_236' title='bbox 444 1918 599 1960; x_wconf 82' lang='lat' dir='ltr'>habetis</span> <span class='ocrx_word' id='word_1_237' title='bbox 616 1936 629 1964; x_wconf 79' lang='lat'>5</span> <span class='ocrx_word' id='word_1_238' title='bbox 661 1916 728 1962; x_wconf 89' lang='lat' dir='ltr'>fic,</span> <span class='ocrx_word' id='word_1_239' title='bbox 760 1926 846 1967; x_wconf 87' lang='lat' dir='ltr'>quae</span> <span class='ocrx_word' id='word_1_240' title='bbox 865 1910 914 1949; x_wconf 90' lang='lat' dir='ltr'>ab</span> <span class='ocrx_word' id='word_1_241' title='bbox 934 1907 1012 1947; x_wconf 92' lang='lat' dir='ltr'>hoc</span> <span class='ocrx_word' id='word_1_242' title='bbox 1034 1919 1106 1960; x_wconf 91' lang='lat' dir='ltr'>pro</span> <span class='ocrx_word' id='word_1_243' title='bbox 1127 1903 1315 1943; x_wconf 83' lang='lat' dir='ltr'>facultate</span> <span class='ocrx_word' id='word_1_244' title='bbox 1335 1898 1472 1952; x_wconf 88' lang='lat' dir='ltr'>hujus,</span> <span class='ocrx_word' id='word_1_245' title='bbox 1504 1908 1576 1949; x_wconf 90' lang='lat' dir='ltr'>pro</span> <span class='ocrx_word' id='word_1_246' title='bbox 1605 1894 1712 1938; x_wconf 90' lang='lat' dir='ltr'>loco,</span> 
     </span>
     <span class='ocr_line' id='line_1_28' title="bbox 307 1959 1712 2037; baseline -0.025 -6"><span class='ocrx_word' id='word_1_247' title='bbox 307 1990 409 2031; x_wconf 69' lang='lat' dir='ltr'>facta</span> <span class='ocrx_word' id='word_1_248' title='bbox 428 1987 533 2034; x_wconf 90' lang='lat' dir='ltr'>sunt,</span> <span class='ocrx_word' id='word_1_249' title='bbox 564 1993 604 2024; x_wconf 89' lang='lat' dir='ltr'>et</span> <span class='ocrx_word' id='word_1_250' title='bbox 624 1991 734 2037; x_wconf 83' lang='lat' dir='ltr'>grata</span> <span class='ocrx_word' id='word_1_251' title='bbox 760 1979 834 2019; x_wconf 87' lang='lat' dir='ltr'>effe</span> <span class='ocrx_word' id='word_1_252' title='bbox 862 1976 992 2021; x_wconf 87' lang='lat' dir='ltr'>vobis,</span> <span class='ocrx_word' id='word_1_253' title='bbox 1021 1982 1062 2013; x_wconf 89' lang='lat' dir='ltr'>et</span> <span class='ocrx_word' id='word_1_254' title='bbox 1091 1971 1269 2026; x_wconf 85' lang='lat' dir='ltr'>probata.</span> <span class='ocrx_word' id='word_1_255' title='bbox 1302 1967 1398 2006; x_wconf 92' lang='lat' dir='ltr'>Non</span> <span class='ocrx_word' id='word_1_256' title='bbox 1430 1964 1554 2017; x_wconf 87' lang='lat' dir='ltr'>igitur</span> <span class='ocrx_word' id='word_1_257' title='bbox 1577 1974 1598 1999; x_wconf 86' lang='lat' dir='ltr'>a</span> <span class='ocrx_word' id='word_1_258' title='bbox 1619 1959 1712 2004; x_wconf 84' lang='lat' dir='ltr'>suis,</span> 
     </span>
     <span class='ocr_line' id='line_1_29' title="bbox 308 2027 1712 2113; baseline -0.026 -15"><span class='ocrx_word' id='word_1_259' title='bbox 308 2069 409 2113; x_wconf 85' lang='lat' dir='ltr'>quos</span> <span class='ocrx_word' id='word_1_260' title='bbox 431 2054 563 2095; x_wconf 86' lang='lat' dir='ltr'>nullos</span> <span class='ocrx_word' id='word_1_261' title='bbox 583 2050 719 2095; x_wconf 89' lang='lat' dir='ltr'>habet,</span> <span class='ocrx_word' id='word_1_262' title='bbox 738 2046 801 2086; x_wconf 91' lang='lat' dir='ltr'>sed</span> <span class='ocrx_word' id='word_1_263' title='bbox 821 2059 843 2084; x_wconf 92' lang='lat' dir='ltr'>a</span> <span class='ocrx_word' id='word_1_264' title='bbox 863 2044 1039 2087; x_wconf 89' lang='lat' dir='ltr'>suorum,</span> <span class='ocrx_word' id='word_1_265' title='bbox 1057 2040 1129 2094; x_wconf 89' lang='lat' dir='ltr'>qui</span> <span class='ocrx_word' id='word_1_266' title='bbox 1148 2046 1188 2078; x_wconf 90' lang='lat' dir='ltr'>et</span> <span class='ocrx_word' id='word_1_267' title='bbox 1208 2034 1330 2075; x_wconf 85' lang='lat' dir='ltr'>multi</span> <span class='ocrx_word' id='word_1_268' title='bbox 1346 2042 1384 2071; x_wconf 92' lang='lat' dir='ltr'>et</span> <span class='ocrx_word' id='word_1_269' title='bbox 1405 2039 1585 2085; x_wconf 84' lang='lat' dir='ltr'>potentes</span> <span class='ocrx_word' id='word_1_270' title='bbox 1608 2027 1712 2071; x_wconf 87' lang='lat' dir='ltr'>sunt,</span> 
     </span>
     <span class='ocr_line' id='line_1_30' title="bbox 311 2096 1715 2176; baseline -0.024 -13"><span class='ocrx_word' id='word_1_271' title='bbox 311 2131 474 2176; x_wconf 88' lang='lat' dir='ltr'>urgetur</span> <span class='ocrx_word' id='word_1_272' title='bbox 495 2117 694 2159; x_wconf 89' lang='lat' dir='ltr'>inimicis:</span> <span class='ocrx_word' id='word_1_273' title='bbox 719 2126 818 2168; x_wconf 88' lang='lat' dir='ltr'>quos</span> <span class='ocrx_word' id='word_1_274' title='bbox 839 2109 1003 2165; x_wconf 90' lang='lat' dir='ltr'>quidem</span> <span class='ocrx_word' id='word_1_275' title='bbox 1021 2107 1200 2146; x_wconf 89' lang='lat' dir='ltr'>hesterno</span> <span class='ocrx_word' id='word_1_276' title='bbox 1216 2102 1279 2141; x_wconf 89' lang='lat' dir='ltr'>die</span> <span class='ocrx_word' id='word_1_277' title='bbox 1296 2101 1374 2140; x_wconf 88' lang='lat' dir='ltr'>Cn.</span> <span class='ocrx_word' id='word_1_278' title='bbox 1392 2096 1622 2150; x_wconf 86' lang='lat' dir='ltr'>Pompeius,</span> <span class='ocrx_word' id='word_1_279' title='bbox 1645 2106 1715 2131; x_wconf 88' lang='lat' dir='ltr'>co·-</span> 
     </span>
     <span class='ocr_line' id='line_1_31' title="bbox 311 2160 1715 2243; baseline -0.024 -14"><span class='ocrx_word' id='word_1_280' title='bbox 311 2189 420 2243; x_wconf 88' lang='lat' dir='ltr'>piosa</span> <span class='ocrx_word' id='word_1_281' title='bbox 438 2187 613 2226; x_wconf 87' lang='lat' dir='ltr'>oratione</span> <span class='ocrx_word' id='word_1_282' title='bbox 633 2192 673 2222; x_wconf 88' lang='lat' dir='ltr'>et</span> <span class='ocrx_word' id='word_1_283' title='bbox 693 2180 816 2235; x_wconf 85' lang='lat' dir='ltr'>gravi,</span> <span class='ocrx_word' id='word_1_284' title='bbox 847 2178 996 2222; x_wconf 89' lang='lat' dir='ltr'>secum,</span> <span class='ocrx_word' id='word_1_285' title='bbox 1028 2174 1053 2213; x_wconf 88' lang='lat' dir='ltr'>fi</span> <span class='ocrx_word' id='word_1_286' title='bbox 1075 2172 1238 2216; x_wconf 86' lang='lat' dir='ltr'>vellent,</span> <span class='ocrx_word' id='word_1_287' title='bbox 1270 2164 1506 2207; x_wconf 86' lang='lat' dir='ltr'>contendere</span> <span class='ocrx_word' id='word_1_288' title='bbox 1522 2160 1715 2216; x_wconf 76' lang='lat' dir='ltr'>jubebat3</span> 
     </span>
     <span class='ocr_line' id='line_1_32' title="bbox 316 2226 1716 2306; baseline -0.024 -10"><span class='ocrx_word' id='word_1_289' title='bbox 316 2256 364 2295; x_wconf 91' lang='lat' dir='ltr'>ab</span> <span class='ocrx_word' id='word_1_290' title='bbox 384 2255 462 2294; x_wconf 91' lang='lat' dir='ltr'>hoc</span> <span class='ocrx_word' id='word_1_291' title='bbox 483 2251 625 2306; x_wconf 89' lang='lat' dir='ltr'>impari</span> <span class='ocrx_word' id='word_1_292' title='bbox 646 2247 875 2293; x_wconf 87' lang='lat' dir='ltr'>certamine,</span> <span class='ocrx_word' id='word_1_293' title='bbox 906 2254 1024 2297; x_wconf 85' lang='lat' dir='ltr'>atque</span> <span class='ocrx_word' id='word_1_294' title='bbox 1049 2240 1191 2294; x_wconf 90' lang='lat' dir='ltr'>injusta</span> <span class='ocrx_word' id='word_1_295' title='bbox 1212 2234 1484 2277; x_wconf 73' lang='lat' dir='ltr'>contentione,</span> <span class='ocrx_word' id='word_1_296' title='bbox 1516 2226 1716 2269; x_wconf 82' lang='lat' dir='ltr'>avocabat.</span> 
     </span>
    </p>

    <p class='ocr_par' dir='ltr' id='par_1_4' title="bbox 373 2294 1719 2367">
     <span class='ocr_line' id='line_1_33' title="bbox 373 2294 1719 2367; baseline -0.023 -7"><span class='ocrx_word' id='word_1_297' title='bbox 373 2319 553 2360; x_wconf 90' lang='lat' dir='ltr'>XXVII.</span> <span class='ocrx_word' id='word_1_298' title='bbox 576 2318 631 2356; x_wconf 91' lang='lat' dir='ltr'>Et</span> <span class='ocrx_word' id='word_1_299' title='bbox 647 2324 727 2355; x_wconf 86' lang='lat' dir='ltr'>erat</span> <span class='ocrx_word' id='word_1_300' title='bbox 743 2326 853 2367; x_wconf 86' lang='lat' dir='ltr'>aequa</span> <span class='ocrx_word' id='word_1_301' title='bbox 871 2312 951 2357; x_wconf 86' lang='lat' dir='ltr'>lex,</span> <span class='ocrx_word' id='word_1_302' title='bbox 969 2319 1008 2348; x_wconf 89' lang='lat' dir='ltr'>et</span> <span class='ocrx_word' id='word_1_303' title='bbox 1030 2307 1160 2352; x_wconf 81' lang='lat' dir='ltr'>nobis,</span> <span class='ocrx_word' id='word_1_304' title='bbox 1181 2303 1357 2357; x_wconf 84' lang='lat' dir='ltr'>Judices,</span> <span class='ocrx_word' id='word_1_305' title='bbox 1376 2309 1493 2352; x_wconf 80' lang='lat' dir='ltr'>atque</span> <span class='ocrx_word' id='word_1_306' title='bbox 1514 2294 1719 2335; x_wconf 85' lang='lat' dir='ltr'>omnibus,</span> 
     </span>
    </p>
   </div>
   <div class='ocr_carea' id='block_1_3' title="bbox 319 2361 1722 2470">
    <p class='ocr_par' dir='ltr' id='par_1_5' title="bbox 319 2361 1722 2470">
     <span class='ocr_line' id='line_1_34' title="bbox 319 2361 1722 2444; baseline -0.026 -14"><span class='ocrx_word' id='word_1_307' title='bbox 319 2387 390 2444; x_wconf 86' lang='lat' dir='ltr'>qui</span> <span class='ocrx_word' id='word_1_308' title='bbox 411 2385 550 2427; x_wconf 84' lang='lat' dir='ltr'>nostris</span> <span class='ocrx_word' id='word_1_309' title='bbox 570 2379 907 2424; x_wconf 79' lang='lat' dir='ltr'>familiaritatibus</span> <span class='ocrx_word' id='word_1_310' title='bbox 930 2376 1203 2429; x_wconf 82' lang='lat' dir='ltr'>implicantur,</span> <span class='ocrx_word' id='word_1_311' title='bbox 1235 2368 1490 2409; x_wconf 75' lang='lat' dir='ltr'>vehementer</span> <span class='ocrx_word' id='word_1_312' title='bbox 1511 2361 1619 2401; x_wconf 79' lang='lat' dir='ltr'>utilis</span> <span class='ocrx_word' id='word_1_313' title='bbox 1634 2388 1644 2404; x_wconf 84' lang='grc'>,</span> <span class='ocrx_word' id='word_1_314' title='bbox 1678 2366 1722 2394; x_wconf 78' lang='lat' dir='ltr'>ut</span> 
     </span>
     <span class='ocr_line' id='line_1_35' title="bbox 1325 2435 1418 2470; baseline 0 0"><span class='ocrx_word' id='word_1_315' title='bbox 1325 2435 1363 2470; x_wconf 89' lang='lat' dir='ltr'>T</span> <span class='ocrx_word' id='word_1_316' title='bbox 1398 2445 1418 2470; x_wconf 83' lang='lat'>2</span> 
     </span>
    </p>
   </div>
  </div>
 </body>
</html>
