2076 2860
473 203 549 244 390
824 189 899 226 IN
959 188 1023 226 M.
1086 186 1513 227 ANTONIUM

469 292 667 330 {asturum
688 290 734 328 de
756 290 888 328 bellua
907 298 1021 342 putas
1040 290 1054 327 ?
1086 290 1216 342 Atqui
1245 290 1300 328 ais
1324 304 1417 331 eum
1440 298 1478 328 te
1498 290 1585 336 effe,
1618 291 1689 344 qui
1717 290 1868 343 semper

470 372 607 411 pacem
626 357 787 410 optaris,
820 356 971 408 semper
1002 369 1139 394 omnes
1173 356 1277 394 cives
1308 356 1429 395 salvos
1459 357 1644 395 volueris.
1691 356 1869 397 Honesta

468 424 621 468 orati0;
654 422 716 460 sed
744 423 812 467 ita,
845 423 871 460 fi
905 422 1028 459 bonos
1061 431 1100 460 et
1132 422 1249 460 utiles
1283 423 1510 475 reipublicae
1542 423 1674 462 cives:
1706 424 1763 461 fin
1784 437 1866 469 e03‚

468 490 538 541 qui
559 497 697 527 natura
713 489 819 526 cives
841 488 945 533 sunt,
966 488 1170 526 voluntate
1191 487 1334 533 hostes,
1356 489 1478 527 salvos
1500 489 1596 527 velis
1614 509 1626 535 3
1659 489 1757 542 quid
1777 499 1866 528 tan-

467 555 558 593 dem
579 555 729 593 interfit
747 555 854 593 inter
874 564 911 592 te
932 563 971 593 et
991 554 1082 592 illos
1103 556 1115 592 ?
1148 555 1262 593 Pater
1291 554 1455 607 quidem
1482 563 1589 600 tuus,
1622 569 1702 608 quo
1731 555 1868 594 utebar

466 621 554 660 sene
585 620 831 667 adolescens,
864 620 987 659 homo
1020 621 1171 658 severus
1203 630 1242 658 et
1273 620 1471 674 prudens,
1504 622 1649 674 primas
1681 622 1867 660 omnium

467 687 618 725 civium
652 688 697 726 Ρ.
722 688 886 732 Nastae,
920 688 989 740 qui
1022 687 1119 726 Tib.
1145 686 1377 726 Gracchum
1404 686 1621 732 interfecit,
1653 687 1742 726 dare
1766 687 1866 726 sole-

468 753 560 791 bat:
594 755 677 806 ejus
711 754 819 792 enirn
850 755 1010 798 virtute,
1042 753 1220 798 confilio,
1253 753 1529 806 magnitudine
1550 755 1687 799 animi,
1720 753 1864 792 libera-

467 829 549 858 tam
570 820 860 873 rempublicam
879 820 1153 859 arbitrabatur.

522 886 666 938 Qid?
699 900 769 924 nos
791 900 811 923 a
831 886 1009 938 patribus
1038 900 1136 924 num
1161 886 1273 923 aliter
1293 886 1518 938 accepimus
1539 887 1551 923 ?
1584 886 1692 938 Ergo
1725 886 1756 924 is
1791 885 1866 923 tibi

467 952 579 996 civis,
603 952 628 989 fi
652 952 898 1004 temporibus
920 952 1000 990 illis
1022 951 1168 997 fuiffes,
1193 965 1271 989 non
1293 952 1538 1004 probaretur,
1561 952 1654 1003 quia
1673 965 1754 989 non
1774 965 1864 989 om-

466 1031 533 1055 nes
556 1018 677 1056 salvos
699 1018 771 1056 effe
793 1018 986 1057 voluiffet.
1028 1018 1133 1070 Qod
1156 1019 1210 1056 L.
1235 1018 1397 1070 Opimius
1426 1019 1545 1071 constal
1568 1017 1683 1056 verba
1697 1018 1798 1070 fecit
1825 1016 1867 1056 de

465 1084 659 1137 republica,
681 1084 721 1123 de
741 1100 781 1123 ea
799 1100 840 1123 re
857 1086 913 1123 ita
932 1086 1157 1137 cergficerunt,
1185 1085 1279 1122 UTI
1305 1086 1512 1122 Ommms
1538 1097 1713 1122 CONSUL
1739 1097 1864 1122 REM—

469 1163 714 1189 PUBL1CAM
742 1164 1072 1189 DEFENDERET.
1117 1151 1277 1188 Senatus
1299 1149 1382 1188 haec
1412 1149 1556 1194 verbis,
1590 1150 1779 1202 Opimius
1800 1163 1863 1187 ar<-

466 1217 557 1255 mis.
583 1218 697 1255 Num
715 1218 837 1269 igitur
853 1231 960 1262 eum,
980 1217 1005 1254 fi
1027 1227 1115 1255 tum
1135 1216 1242 1260 effes,
1261 1217 1514 1254 temerarium
1535 1217 1663 1254 civem
1683 1225 1750 1254 aut
1771 1230 1863 1254 cru-

466 1283 595 1321 delem
617 1293 771 1336 putares
792 1285 804 1321 ?
837 1294 902 1321 aut
924 1282 1234 1334 QMetellum,
1263 1283 1376 1334 cujus
1398 1291 1567 1333 quatuor
1586 1281 1661 1319 filii
1682 1281 1864 1320 consula-

466 1351 550 1388 res?
575 1351 619 1389 P.
637 1350 873 1394 Lentulum,
892 1349 1115 1401 principem
1132 1348 1310 1386 senatus?
1334 1348 1558 1401 complures
1576 1347 1671 1386 alios
1687 1348 1863 1387 summos

464 1416 583 1461 viros,
606 1416 675 1468 qui
696 1429 791 1454 cum
813 1416 861 1454 L.
880 1415 1048 1468 Opimio
1068 1413 1228 1452 consule
1248 1413 1386 1451 armati
1410 1412 1642 1452 Gracchum
1662 1413 1704 1451 in
1725 1415 1862 1452 Aven-

464 1482 597 1520 tinum
618 1481 810 1535 persecuti
833 1481 954 1520 sunt?
987 1494 1066 1533 quo
1098 1480 1138 1518 in
1172 1479 1314 1533 proelio
1347 1480 1544 1518 Lentulus
1577 1493 1691 1532 grave
1718 1480 1863 1519 vulnus

465 1548 647 1601 accepit3
679 1547 910 1586 interfectus
944 1547 997 1585 est
1030 1545 1253 1593 Gracchus,
1285 1555 1323 1584 et
1356 1546 1419 1584 M.
1445 1546 1611 1584 Fulvius
1633 1544 1863 1593 consularis,

462 1614 624 1668 ejusque
644 1614 723 1652 duo
743 1613 1026 1652 adolescentuli
1046 1613 1135 1651 filii.

520 1682 572 1720 V.
603 1681 671 1720 Illi
692 1680 815 1734 igitur
835 1680 909 1719 viri
930 1678 1199 1733 vituperandi:
1224 1693 1304 1717 non
1325 1679 1435 1718 enim
1454 1677 1558 1717 cives
1578 1691 1718 1718 omnes
1739 1677 1863 1718 salvos

462 1747 536 1785 effe
555 1747 781 1786 voluerunt.
821 1746 889 1784 Ad
907 1746 1092 1798 propiora
1110 1745 1328 1784 veniamus.
1363 1746 1413 1784 C.
1436 1745 1584 1790 Mario,
1615 1745 1667 1784 L.
1686 1744 1861 1791 Valerio,

462 1812 708 1857 consulibus,
741 1812 893 1850 senatus
921 1811 1213 1864 rempublicam
1240 1810 1527 1849 defendendam
1548 1810 1684 1849 dedit:
1709 1812 1768 1849 JL.
1792 1811 1860 1848 Sa-

462 1867 674 1923 turninus,
705 1878 890 1916 tribunus
925 1877 1076 1930 plebis,
1109 1876 1301 1922 Glaucia,
1332 1885 1495 1929 praetor,
1527 1877 1580 1915 est
1613 1876 1860 1916 interfectus.

463 1946 618 1983 Omnes
652 1944 725 1982 illo
760 1943 822 1982 die
857 1943 1227 1989 Scauri,'Metelli,
1261 1943 1441 1987 Claudii,
1475 1942 1631 1988 Catuli,
1666 1942 1860 1989 Scaevolae‚

464 2011 601 2056 Craffi,
624 2023 730 2049 arma
750 2009 1012 2063 sumpserunt.
1052 2010 1167 2048 Num
1186 2018 1254 2047 aut
1273 2009 1452 2047 consules
1474 2009 1580 2055 illos,
1610 2018 1678 2047 aut
1698 2009 1861 2047 clariffi-

463 2091 550 2116 mos
571 2078 690 2123 viros,
720 2076 999 2130 vituperandos
1032 2077 1177 2129 putas?
1210 2077 1299 2128 Ego
1333 2075 1552 2114 Catilinam
1583 2076 1709 2128 perire
1735 2075 1860 2115 volui.

463 2145 579 2184 Num
601 2153 659 2189 tu,
683 2143 752 2196 qui
771 2157 908 2182 omnes
931 2143 1051 2181 salvos
1073 2143 1146 2188 vis,
1171 2143 1387 2180 Catilinam
1409 2142 1559 2180 salvum
1579 2141 1859 2180 effevoluisti?

463 2211 558 2250 Hoc
587 2209 760 2255 interest,
793 2209 952 2255 Calene,
984 2209 1088 2247 inter
1119 2223 1247 2247 meam
1281 2209 1514 2247 sententiam
1547 2218 1585 2246 et
1617 2218 1754 2247 tuam:
1788 2220 1862 2260 ego

463 2277 558 2316 nolo
577 2289 822 2329 quemquam
843 2276 971 2315 civem
992 2276 1257 2321 committere,
1290 2286 1334 2313 ut
1366 2285 1494 2314 morte
1526 2274 1756 2313 multandus
1783 2274 1830 2312 fit
1845 2293 1859 2319 ς

463 2353 523 2389 tu,
554 2344 674 2382 etiam
703 2343 731 2381 fi
761 2342 1019 2387 commiserit,
1051 2341 1360 2380 conservandum
1388 2352 1516 2395 putas.
1563 2341 1610 2379 In
1639 2353 1802 2394 corpore
1832 2339 1860 2377 fi

463 2409 562 2463 quid
582 2409 775 2462 ejusmodi
802 2409 870 2455 est,
903 2408 1012 2461 quod
1032 2409 1187 2461 reliquo
1207 2408 1362 2461 corpori
1385 2416 1536 2453 noceat,
1572 2407 1633 2444 uri
1665 2406 1861 2457 secarique

462 2477 667 2531 patimur;
701 2486 744 2516 ut
765 2476 994 2516 membrum
1013 2475 1176 2528 aliquod
1204 2475 1351 2528 potius,
1383 2488 1504 2527 quam
1536 2482 1668 2513 totum
1699 2485 1856 2526 corpus,
