2076 2860
434 201 511 251 408
789 198 863 236 IN
924 197 988 235 M.
1050 197 1474 236 ANTONIUM

435 303 675 356 Apollonia?
699 301 795 354 quid
812 314 904 338 cum
922 298 1168 351 Dyrrachio?
1192 299 1288 351 quid
1306 313 1398 337 cum
1417 299 1603 351 Illyrico?
1621 300 1718 353 quid
1731 288 1828 339 cum

436 370 481 407 P.
506 369 657 406 Vatinii
679 367 926 419 imperatoris
947 366 1122 403 exercitu
1143 366 1155 403 ?
1193 365 1448 410 Succedebat,
1481 375 1524 403 ut
1552 366 1631 419 ipse
1656 366 1826 411 dicebat,

435 435 661 474 Hortensio.
706 433 816 470 Certi
846 432 942 470 fines
974 432 1234 477 Macedoniae,
1267 442 1371 470 certa
1397 432 1589 478 conditio,
1622 442 1766 478 certus,
1799 434 1825 471 fi

433 501 554 539 modo
585 509 664 537 erat
696 498 817 543 ullus,
849 497 1074 535 exercitus:
1107 511 1200 534 curn
1230 497 1392 548 Illyrico
1422 511 1528 542 vero,
1559 508 1597 535 et
1632 512 1726 536 cum
1746 499 1827 535 Va-

433 567 525 604 tinii
547 565 785 617 legionibus,
818 564 914 616 quid
936 573 1015 600 erat
1037 563 1245 601 Antonio?
1278 564 1333 600 At
1355 576 1403 600 ne
1424 563 1547 600 Bruto
1568 564 1754 615 quidem:
1789 563 1830 601 id

431 632 540 670 'enim
561 630 714 668 fortaffe
734 629 930 682 quispiam
952 629 1158 680 improbus
1180 628 1338 666 dixerit.
1364 629 1514 666 Omnes
1532 628 1721 680 legiones,
1740 639 1830 666 om-

433 711 500 736 nes
522 697 658 749 copite,
691 710 777 749 quae
799 695 947 747 ubique
968 694 1072 739 sunt,
1105 694 1332 746 reipublicae
1363 693 1465 731 sunt.
1509 694 1652 746 Neque
1682 693 1740 732 hae
1771 693 1830 731 le·-

433 766 585 816 giones,
618 777 704 815 quae
726 763 789 799 M.
814 762 1040 799 Antonium
1061 760 1321 812 reliquerunt,
1348 761 1518 798 Antonii
1539 762 1687 812 potius,
1711 774 1831 813 quam

435 830 677 882 reipublicae,
710 828 822 867 fuiffe
843 828 1045 866 dicuntur.
1088 828 1221 864 Omne
1251 827 1359 864 enim
1388 827 1583 864 exercitus
1605 836 1644 865 et
1673 827 1832 880 imperii

429 898 496 949 jus
523 896 672 934 amittit
700 896 748 941 is,
780 895 850 947 qui
878 907 923 932 eo
955 893 1124 946 imperio
1155 903 1193 931 et
1225 893 1400 931 exercitu
1433 893 1723 946 rempublicam
1755 907 1830 947 op-

434 972 601 1015 pugnat.

491 1030 564 1068 VI.
590 1028 711 1081 Qod
732 1028 758 1066 fi
776 1027 855 1081 ipsa
871 1026 1310 1080 resptiblicajudicaret‚
1328 1035 1394 1064 aut
1411 1026 1437 1064 fi
1454 1040 1571 1065 omne
1582 1028 1647 1079 jus
1666 1026 1831 1064 decretis

433 1098 518 1149 ejus
540 1095 792 1139 statueretur3
816 1094 1061 1137 Antonione,
1080 1106 1127 1130 an
1149 1093 1288 1136 Bruto,
1306 1092 1480 1144 legiones
1497 1092 1635 1145 populi
1659 1092 1831 1130 Romani

433 1162 675 1214 adjudicaret
694 1162 706 1198 ?
739 1160 854 1198 Alter
873 1159 1070 1198 advolarat
1091 1158 1221 1196 subito
1241 1158 1288 1195 ad
1319 1157 1582 1211 direptionem
1607 1158 1833 1211 pestemque

437 1228 647 1272 sociorum,
680 1235 739 1271 ut,
771 1239 1008 1278 quacunque
1037 1224 1125 1268 iret,
1158 1224 1293 1261 omnia
1321 1223 1496 1268 vastaret,
1529 1223 1729 1276 diriperet,
1761 1237 1832 1261 au-

435 1294 583 1339 ferret;
615 1293 790 1331 exercitu
818 1291 958 1344 populi
991 1290 1163 1328 Romani
1195 1298 1333 1326 contra
1363 1289 1493 1341 ipsum
1521 1289 1718 1342 populum
1746 1290 1833 1327 Ro-

436 1373 600 1398 manum
622 1367 797 1396 uteretur
816 1372 824 1395 :
858 1354 954 1394 alter
974 1369 1060 1394 eam
1082 1355 1150 1393 fibi
1178 1355 1307 1407 legem
1329 1354 1524 1400 statuerat,
1557 1364 1616 1401 ut,
1648 1368 1832 1408 quocun-

437 1440 515 1479 que
547 1424 732 1469 veniffet‚
763 1423 833 1461 lux
867 1422 1009 1461 venisse
1045 1420 1225 1474 quaedam
1260 1429 1298 1459 et
1333 1420 1415 1473 spes
1451 1421 1584 1459 salutis
1619 1421 1832 1460 videretur.

438 1492 624 1544 Denique
644 1491 740 1528 alter
761 1489 806 1526 ad
827 1488 1077 1527 evertendam
1099 1487 1389 1539 rempublicam
1410 1486 1582 1539 praefidia
1605 1487 1831 1539 quaerebat3

436 1559 535 1597 alter
554 1559 601 1595 ad
626 1556 942 1596 conservandam.
987 1555 1075 1593 Nec
1106 1567 1196 1591 vero
1226 1566 1296 1591 nos
1328 1552 1404 1591 hoc
1432 1554 1558 1605 magis
1588 1553 1833 1598 videbamus,

435 1638 557 1678 quam
587 1624 657 1676 ipfi
687 1622 862 1668 milites,
895 1635 916 1659 a
935 1621 1081 1674 quibus
1104 1629 1212 1658 tanta
1231 1620 1272 1658 in
1287 1618 1507 1673 judicando
1525 1619 1735 1673 prudentia
1755 1632 1835 1657 non

434 1700 517 1729 erat
538 1688 782 1743 postulanda,

494 1759 603 1795 Cum
633 1756 781 1808 septem
801 1754 1034 1792 cohortibus
1065 1753 1137 1792 effe
1167 1753 1384 1806 Apollonia
1413 1752 1550 1791 scribit
1579 1753 1833 1791 Antonium:

438 1824 607 1875 quijam
628 1830 694 1859 aut
715 1829 852 1872 captus
874 1819 941 1864 est,
978 1820 1102 1871 (quod
1124 1820 1195 1858 Dii
1216 1819 1309 1857 dent
1330 1819 1359 1869 l)
1392 1828 1459 1856 aut
1479 1828 1597 1864 certe,
1624 1818 1748 1857 homo
1767 1832 1835 1856 veo

439 1887 650 1931 secundm,
676 1887 717 1923 in
740 1884 1020 1922 Macedoniam
1041 1898 1120 1922 non
1143 1884 1308 1928 accedit,
1332 1897 1380 1921 ne
1400 1893 1537 1921 contra
1557 1884 1833 1921 senatus-con-

440 1954 587 1992 sultum
604 1951 733 1990 fecifl‘e
750 1951 940 1989 videatur.
965 1947 1153 1988 Dele&us
1170 1949 1327 1987 habitus
1346 1950 1386 1986 in
1404 1949 1641 1987 Macedonia
1656 1949 1709 1987 est
1725 1949 1834 1987 surn-

438 2034 507 2058 mo
529 2019 804 2071 QHortensii
825 2017 966 2062 studio,
990 2027 1027 2054 et
1050 2016 1258 2054 industria:
1282 2016 1395 2068 cujus
1416 2016 1594 2053 animum
1615 2016 1834 2068 egregium,

440 2086 687 2138 dignumque
708 2093 746 2121 et
768 2083 851 2136 ipso
872 2092 910 2120 et
931 2083 1146 2135 majoribus
1168 2083 1267 2134 ejus,
1289 2095 1337 2120 ex
1359 2082 1472 2120 Bruti
1492 2082 1617 2120 literis
1639 2081 1836 2134 perspice-

440 2168 480 2191 re
510 2151 706 2205 potuistis.
751 2150 891 2201 Legio,
923 2162 1041 2201 quam
1073 2150 1121 2187 L.
1147 2149 1236 2187 Piso
1261 2148 1444 2194 ducebat,
1476 2148 1627 2201 legatus
1648 2148 1834 2193 Antonii,

441 2218 627 2257 Ciceroni
649 2217 685 2254 se
706 2215 789 2254 filio
810 2229 898 2253 meo
921 2214 1095 2253 tradidit.
1128 2215 1356 2267 Equitatus,
1389 2214 1457 2267 qui
1480 2215 1520 2252 in
1543 2215 1692 2266 Syriam
1714 2215 1834 2253 duce*

442 2286 555 2322 batur
577 2283 780 2335 bipertito,
812 2282 909 2318 alter
938 2295 1029 2318 eum
1059 2281 1303 2332 quaestorem,
1335 2295 1354 2318 a
1379 2294 1458 2332 quo
1479 2280 1710 2325 ducebatur,
1743 2280 1835 2318 reli-

441 2352 528 2403 quit
550 2351 589 2387 in
612 2347 822 2393 Thessalia,
842 2347 995 2398 seseque
1016 2347 1062 2384 ad
1085 2348 1253 2384 Brutum
1275 2347 1471 2391 contulit,
1494 2347 1661 2385 alterum
1683 2347 1723 2384 in
1742 2346 1834 2383 Ma-

432 2417 605 2455 >cedonia
638 2416 715 2453 Cn.
749 2414 971 2457 Domitius,
1003 2412 1224 2451 adolescens
1259 2412 1411 2450 su'mma
1442 2413 1601 2458 virtute,
1633 2412 1835 2464 gravitate,

442 2481 672 2525 constantia,
703 2480 750 2517 ab
773 2480 902 2531 legato
924 2479 1080 2529 Syriaco
1101 2478 1281 2517 abduxit.
1315 2478 1360 2516 P.
1384 2486 1515 2515 autem
1537 2478 1736 2522 Vatinius,
1768 2476 1837 2529 qui
