2076 2860
678 164 1251 202 PHILIPPICA
1326 165 1398 202 xi.
1658 180 1735 219 417

336 266 377 304 in
398 267 480 319 ejus
503 279 665 319 corpore
687 266 892 304 lacerando
913 275 1030 317 atque
1051 266 1241 311 vexando,
1275 280 1366 305 cum
1395 266 1573 304 animum
1602 266 1733 305 satiare

337 345 416 369 non
438 332 573 384 pofi'et,
606 333 741 370 oculos
764 332 912 384 paverit
935 332 1036 370 suos.

392 399 464 436 IV.
491 399 527 436 O
549 399 680 436 multo
701 399 877 437 miserior
900 398 1121 443 Dolabella,
1144 412 1263 450 quam
1285 399 1366 444 ille,
1385 413 1505 451 quem
1528 408 1571 437 tu
1593 399 1727 437 miser-

334 463 481 501 rimum
503 464 575 502 effe
591 464 770 502 voluisti!
797 464 964 502 Dolores
984 464 1211 502 Trebonius
1229 465 1393 517 pertulit
1410 478 1596 516 magnos:
1621 465 1728 502 mul-

333 529 379 573 ti,
411 543 458 568 ex
479 531 610 568 morbi
631 531 833 582 gravitate,
856 532 1021 583 rna-iores
1042 546 1050 568 :
1084 544 1183 582 quos
1206 541 1336 569 tamen
1359 545 1438 569 non
1459 531 1634 575 miseros,
1667 531 1731 569 sed

331 594 559 641 laboriosos,
592 596 720 635 dicere
741 596 925 635 solemus.
959 598 1122 648 Longus
1146 595 1222 633 fuit
1244 597 1356 634 dolor
1378 596 1516 641 bidui,
1550 605 1587 634 at
1615 610 1727 634 com-

332 660 528 712 pluribus,
560 675 754 700 annorum
791 662 885 715 saepe
920 663 1168 700 multorum:
1203 676 1273 699 nec
1308 675 1399 700 vero
1432 662 1608 713 graviora
1638 662 1727 700 sunt

331 727 564 765 carnificum
587 738 795 774 tormenta,
828 742 947 781 quam
969 728 1169 766 interdum
1191 728 1456 766 cruciamenta
1477 728 1723 767 morborum.

331 793 422 830 Alia
452 793 555 838 sunt,
588 795 675 839 alia,
708 795 885 847 inquam,
920 796 955 831 O
978 793 1225 846 perditiflimi
1250 792 1432 831 homines
1453 802 1492 831 et
1512 794 1724 831 amentiffi-

330 859 402 904 mi,
435 860 565 898 multo
595 861 806 899 miseriora.
850 862 973 905 Nam,
1005 874 1084 913 quo
1115 861 1239 911 major
1267 860 1323 898 vis
1354 859 1407 897 est
1436 860 1574 904 animI,
1607 874 1726 912 quam

330 926 520 977 corporis,
544 925 620 964 hoc
642 926 731 964 sunt
751 927 926 979 graviora
946 940 1002 971 ea,
1025 940 1112 978 quae
1133 926 1416 978 concipiuntur
1435 927 1582 971 animo,
1606 939 1725 979 quam

329 991 412 1036 illa,
444 1005 530 1044 quae
551 1005 728 1044 corpore.
771 993 956 1030 Miserior
985 993 1122 1045 igitur,
1155 993 1225 1045 qui
1255 992 1416 1044 suscipit
1447 993 1486 1029 in
1517 992 1553 1030 se
1583 992 1722 1036 scelus,

327 1068 448 1107 quam
468 1057 515 1102 is,
539 1058 609 1110 qui
629 1058 787 1095 alterius
809 1057 963 1095 facinus
985 1058 1114 1095 subire
1134 1059 1304 1109 cogitur.
1331 1059 1539 1096 Cruciatus
1557 1071 1576 1095 a
1599 1058 1724 1096 Dola-

328 1121 431 1159 bella
451 1123 677 1161 Trebonius
695 1138 703 1161 :
728 1132 766 1161 et
787 1123 949 1176 quidem
968 1137 991 1161 a
1011 1122 1385 1175 Carthaginensibus
1407 1124 1602 1175 Regulus.
1636 1125 1725 1176 Qa

328 1201 367 1226 re
388 1202 482 1226 cum
503 1189 758 1227 crudelissimi
789 1190 902 1228 Poeni
917 1189 1086 1242 judicati
1108 1189 1183 1227 fint
1203 1190 1244 1227 in
1265 1188 1402 1234 hoste;
1435 1189 1533 1242 quid
1563 1190 1605 1227 in
1639 1191 1724 1228 cive

327 1253 536 1291 Dolabella
562 1254 799 1306 judicandus
829 1255 882 1292 est
902 1256 915 1292 ?
947 1256 1012 1292 An
1042 1268 1132 1292 vero
1152 1253 1230 1292 hoc
1251 1254 1535 1293 conferendum
1557 1255 1642 1293 est?
1674 1269 1722 1294 an

325 1318 607 1365 dubitandum,
639 1329 726 1358 uter
752 1320 959 1358 miserior?
992 1319 1087 1364 isne,
1119 1321 1232 1372 cujus
1264 1330 1435 1358 mortem
1464 1320 1616 1359 senatus
1647 1335 1721 1373 po-

325 1385 520 1439 pulusque
553 1387 757 1424 Romanus
787 1386 924 1424 ulcisci
957 1386 1096 1438 cupit,
1129 1399 1176 1424 an
1209 1387 1256 1431 is,
1289 1387 1358 1439 qui
1387 1388 1539 1426 cunctis
1569 1387 1721 1426 senatus

325 1451 527 1490 sententiis
549 1451 669 1491 hostis
696 1453 748 1490 est
773 1453 973 1505 judicatus
993 1454 1006 1490 ?
1040 1453 1147 1491 Nam
1167 1453 1315 1490 caeteris
1337 1453 1501 1505 quidem
1521 1454 1610 1491 vitae
1630 1467 1721 1506 par-

326 1518 448 1564 tibus,
480 1520 568 1571 quis
601 1519 669 1565 est,
702 1520 770 1572 qui
804 1519 917 1571 poffit
948 1519 1026 1556 fine
1054 1519 1248 1556 Trebonii
1279 1519 1452 1557 maxima
1479 1520 1723 1558 contumelia

323 1583 502 1622 conferre
521 1585 644 1622 vitam
666 1585 861 1623 Trebonii
888 1599 982 1623 cum
1010 1584 1229 1622 Dolabellae
1248 1585 1261 1621 ?
1295 1584 1471 1622 Alterius
1493 1585 1718 1631 confilium,

325 1650 546 1702 ingenium,
579 1649 888 1696 humanitatem,
921 1650 1211 1695 innocentiam,
1243 1649 1562 1702 magnitudinem
1596 1650 1720 1688 animi

324 1717 364 1753 in
386 1717 509 1769 patria
529 1716 742 1762 liberanda,
774 1717 863 1769 quis
885 1717 1070 1769 ignorat?
1104 1716 1232 1754 Alteri
1262 1729 1282 1753 a
1311 1729 1432 1768 puero
1462 1729 1533 1768 pro
1563 1715 1717 1754 deliciis

324 1782 533 1821 crudelitas
555 1782 660 1821 fuit:
693 1783 834 1821 deinde
860 1796 903 1820 ea
930 1782 1146 1820 libidinum
1175 1781 1396 1834 turpitudo,
1430 1791 1472 1819 ut
1498 1782 1539 1819 in
1567 1780 1644 1819 hoc
1673 1783 1719 1820 fit

323 1848 473 1901 semper
505 1848 584 1901 ipse
615 1849 780 1893 laetatus,
813 1848 920 1900 quod
951 1861 993 1885 ea
1022 1847 1180 1892 faceret,
1213 1861 1299 1899 quae
1333 1847 1403 1884 fibi
1435 1847 1558 1898 objici
1591 1861 1639 1885 ne
1669 1848 1717 1885 ab

323 1914 489 1951 inimico
509 1914 672 1966 quidem
693 1914 844 1966 poffent
870 1913 1105 1952 verecundo.
1151 1913 1204 1950 Et
1230 1912 1311 1956 hic,
1346 1912 1417 1950 Dii
1444 1912 1714 1951 immortales!

321 1980 533 2033 aliquando
553 1979 633 2019 fuit
653 1994 780 2019 meus.
815 1981 987 2019 Occulta
1006 1980 1113 2018 enim
1134 1988 1242 2017 erant
1263 1979 1358 2016 vitia
1373 1992 1453 2016 non
1474 1979 1714 2032 inquirenti:

321 2059 448 2098 neque
477 2059 584 2084 nunc
617 2045 771 2085 fortasse
802 2046 952 2084 alienus
984 2046 1032 2084 ab
1064 2058 1110 2083 eo
1143 2044 1272 2089 essem,
1305 2044 1375 2082 nisi
1397 2044 1466 2083 ille
1486 2045 1613 2090 vobis,
1646 2045 1716 2083 nifi

321 2111 522 2150 moenibus
543 2111 690 2163 patriae,
723 2111 793 2148 nisi
814 2110 909 2148 huic
930 2110 1034 2156 urbi,
1066 2109 1136 2148 nisi
1168 2110 1258 2148 Diis
1286 2110 1510 2162 penatibus,
1543 2110 1612 2148 nifi
1640 2110 1714 2148 aris

321 2186 361 2215 et
379 2175 480 2214 focis
502 2178 685 2214 omnium
707 2176 897 2222 nostrum,
929 2177 999 2215 nis1
1021 2176 1191 2228 denique
1219 2184 1365 2214 naturae
1391 2185 1429 2214 et
1457 2175 1712 2221 humanitati,

323 2242 506 2280 inventus
527 2241 617 2280 esset
638 2242 839 2281 inimicus.
883 2244 920 2280 A
947 2256 1027 2296 quo
1053 2241 1262 2287 admoniti,
1294 2241 1524 2294 diligentius
1550 2250 1589 2279 et
1608 2242 1712 2294 vigi-

321 2308 467 2346 lantius
489 2321 691 2346 caveamus
713 2309 952 2348 Antonium.

378 2374 430 2412 V.
463 2374 626 2412 Etenim
648 2375 857 2412 Dolabella
877 2389 955 2413 non
977 2375 1031 2413 ita
1050 2375 1199 2412 multos
1222 2373 1353 2412 secum
1373 2372 1514 2410 habuit
1535 2381 1647 2410 notos
1669 2385 1711 2408 ac

321 2440 490 2493 insignes
525 2440 723 2480 latrones:
755 2450 793 2480 at
827 2441 993 2485 videtis,
1027 2453 1125 2493 quos
1160 2450 1200 2478 et
1234 2453 1353 2492 quam
1389 2439 1537 2476 multos
1571 2437 1712 2476 habeat

404 2507 471 2545 To
484 2519 535 2546 M.
570 2507 644 2545 VJ.
1266 2505 1304 2543 G
1334 2517 1361 2556 g
1389 2517 1415 2556 g
