2076 2860
440 200 519 242 374
791 184 869 223 IN
927 183 994 222 M.
1054 183 1481 224 ANTONIUM

439 289 635 344 sumpfiffe
650 287 892 342 cognomen)
911 301 998 341 quae
1017 287 1144 341 potest
1159 287 1231 326 effe
1247 289 1373 341 major
1394 288 1503 334 fides,
1522 301 1642 341 quam
1659 286 1837 329 fraudare

438 358 649 396 creditores
667 358 680 394 ?
712 356 831 394 domo
852 355 1091 408 profugere?
1113 366 1274 409 propter
1293 369 1341 394 aes
1362 356 1536 394 alienum
1558 356 1613 395 ire
1634 356 1680 394 ad
1700 360 1833 396 arma?

439 425 523 463 Ubi
555 424 710 478 plausus
743 423 811 461 ille
844 424 885 461 in
917 422 1125 476 triumpho
1157 424 1242 462 est?
1274 424 1371 477 saepe
1392 424 1529 462 ludis?
1561 424 1632 462 ubi
1652 424 1833 471 aedilitas,

437 491 563 529 delata
591 490 746 528 summo
778 489 905 528 studio
937 489 1167 528 bonorum?
1200 490 1302 541 Qis
1323 489 1391 535 est,
1424 490 1494 542 qui
1515 489 1623 529 hunc
1644 505 1724 529 non
1746 490 1835 529 casu

436 556 633 596 existimet
654 559 755 595 rec‘te
775 555 905 595 feciffe
925 557 937 594 ?
970 556 1147 609 nequitia
1166 556 1234 601 est,
1267 556 1407 594 scelere
1429 558 1452 582 ἦε
1471 558 1495 582 ⁹*
1515 558 1538 582 ’ἑ

494 624 545 661 V.
580 623 653 662 Sed
674 623 788 661 redeo
809 623 855 662 ad
887 636 1038 661 amores
1066 622 1303 675 deliciasque
1324 622 1484 668 nostras,
1516 623 1565 662 L.
1591 622 1834 670 Antonium,

435 689 506 741 qui
537 703 605 728 vos
638 704 775 729 omnes
808 691 849 728 in
881 690 1000 729 fidem
1028 689 1137 728 suam
1164 690 1325 742 recepit.
1372 689 1573 741 Negatis?
1605 703 1704 728 num
1725 689 1836 742 quis-

436 757 545 810 piam
565 757 618 795 est
638 757 822 803 vestrum,
845 758 915 809 qui
937 757 1089 795 tribum
1111 770 1190 795 non
1212 755 1352 794 habeat
1372 758 1384 794 ?
1417 765 1520 794 certe
1541 770 1674 795 nemo.
1706 757 1836 810 Atqui

437 824 555 862 illum
576 825 755 877 quinque
774 834 814 863 et
835 824 998 877 triginta
1018 824 1144 862 tribus
1166 833 1378 877 patronum
1399 823 1649 876 adoptarunt.
1683 823 1835 861 Rursus

436 890 657 928 reclamatis
678 892 690 928 ?
724 890 929 944 Adspicite
949 904 970 928 a
990 890 1137 929 finistra
1162 890 1275 928 illam
1295 890 1513 943 equestrem
1534 889 1698 928 statuam
1720 890 1835 928 inau-

437 966 584 995 ratam:
608 958 649 995 in
670 971 747 1010 qua
767 957 865 1010 quid
886 957 1122 1010 inscriptum
1143 956 1223 994 est?
1248 958 1469 1009 QINQJE
1495 969 1555 994 ET
1581 969 1832 995 TRIGINTA

439 1036 610 1062 TRIBUS
649 1036 887 1063 PATRONo.
935 1024 1080 1077 Populi
1113 1024 1285 1061 Romani
1316 1024 1440 1075 igitur
1472 1022 1525 1060 est
1555 1033 1744 1075 patronus
1780 1023 1831 1061 L.

437 1090 671 1129 Antonius?
704 1091 848 1129 malam
879 1090 1044 1144 quidem
1075 1090 1137 1128 illi
1168 1090 1341 1143 pestem!
1374 1089 1539 1127 clamori
1570 1090 1678 1129 enim
1709 1089 1836 1128 vestro

436 1156 630 1195 affentior.
677 1158 775 1196 Non
807 1157 926 1196 modo
958 1156 1024 1195 hic
1056 1157 1170 1202 latro,
1203 1170 1322 1209 quem
1345 1156 1532 1194 clientem
1554 1155 1695 1194 habere
1716 1169 1836 1194 nemo

435 1223 560 1268 velit;
594 1223 655 1261 sed
676 1224 766 1276 quis
790 1237 964 1276 unquam
987 1224 1105 1261 tantis
1127 1223 1285 1275 opibus,
1319 1223 1437 1260 tantis
1464 1222 1579 1260 rebus
1601 1221 1716 1274 gestis
1737 1221 1833 1267 fuit,

435 1290 505 1341 qui
539 1289 575 1327 se
607 1290 746 1342 populi
777 1290 964 1334 Romani,
997 1289 1154 1327 victoris
1176 1288 1410 1340 dominique
1430 1288 1614 1326 omnium
1636 1287 1834 1339 gentium,

436 1365 647 1407 patronum
669 1355 797 1394 dicere
818 1355 976 1393 auderet
996 1356 1011 1392 ?

494 1422 539 1460 In
572 1421 659 1460 foro
692 1423 740 1460 L.
766 1421 935 1460 Antonii
963 1420 1128 1458 statuam
1155 1419 1364 1464 videmus;
1398 1419 1496 1458 ficut
1517 1419 1628 1457 illam
1649 1419 1834 1472 QTre-

435 1487 552 1532 muli,
584 1489 653 1540 qui
689 1488 888 1526 HerniCos
921 1487 1083 1532 devicit,
1114 1496 1203 1524 ante
1236 1486 1421 1524 Castoris.
1470 1487 1507 1524 O
1540 1485 1833 1538 impudentiam

434 1553 739 1593 incredibilem!
774 1563 981 1593 tantumne
1013 1553 1084 1592 fibi
1116 1553 1294 1606 sumpsit,
1325 1553 1418 1606 quia
1445 1552 1608 1604 Mylafis
1636 1551 1834 1591 mirmillo

433 1618 635 1659 Thracem
660 1620 876 1673 jugulavit,
907 1620 1145 1659 familiarem
1177 1620 1324 1658 suum?
1357 1632 1532 1672 quonam
1564 1617 1685 1657 modo
1717 1617 1837 1657 istum

432 1685 533 1725 ferre
554 1686 765 1740 possemus,
797 1687 824 1725 fi
854 1687 896 1725 in
926 1686 1004 1725 hoc
1031 1685 1134 1731 foro,
1166 1684 1431 1738 spectantibus
1452 1685 1580 1729 vobis,
1612 1684 1835 1738 depugnas-

433 1752 489 1790 set
508 1754 521 1790 ?
554 1753 627 1791 Sed
647 1752 732 1792 haec
753 1767 830 1791 una
850 1754 985 1792 statua.
1032 1753 1169 1791 Altera
1195 1753 1243 1790 ab
1263 1752 1467 1805 equitibus
1490 1752 1699 1797 Romanis,
1730 1765 1836 1804 equo

433 1818 622 1872 publico:
647 1818 717 1871 qui
738 1819 835 1857 item
855 1819 1098 1864 adscribunt,
1130 1819 1376 1856 PATRONO.
1411 1819 1545 1870 Qem
1567 1831 1743 1870 unquam
1763 1816 1835 1855 iste

432 1883 530 1922 ordo
549 1893 762 1937 patronum
782 1884 983 1937 adoptavit
1002 1885 1015 1922 ?
1048 1884 1074 1922 fi
1096 1897 1354 1936 quemquam,
1386 1883 1524 1921 debuit
1544 1897 1622 1921 me.
1668 1882 1741 1921 Sed
1769 1896 1835 1921 me

432 1950 593 1989 omitto.
626 1952 760 2003 Qem
781 1950 981 1990 censorem
996 1951 1008 1988 ?
1022 1948 1025 1951 ’
1041 1964 1160 2003 quem
1182 1950 1487 2002 imperatorem?
1520 1950 1674 2001 Agrum
1697 1949 1745 1987 iis
1767 1948 1832 1987 di-

433 2016 535 2055 visit.
569 2017 607 2054 O
629 2017 818 2063 sordidos,
850 2018 919 2071 qui
940 2025 1204 2070 acceperunt3
1238 2016 1482 2068 improbum,
1515 2016 1583 2068 qui
1606 2014 1757 2054 dederit
1776 2015 1786 2053 Ι

490 2083 718 2122 Statuerunt
738 2085 857 2122 etiam
879 2084 1030 2122 tribuni
1052 2083 1257 2128 militares,
1290 2082 1359 2135 qui
1381 2082 1421 2120 in
1443 2082 1682 2120 exercitibus
1705 2081 1833 2120 Caesa-

433 2150 486 2189 ris
502 2150 851 2198 duobus-fuerunt.
876 2150 978 2202 Qis
995 2149 1049 2188 est
1070 2149 1137 2187 iste
1154 2148 1276 2187 ordo?
1301 2148 1428 2186 Multi
1450 2147 1611 2186 fuerunt
1633 2148 1773 2186 multis
1791 2148 1834 2186 in

429 2217 656 2271 legionibus
677 2231 746 2271 per
767 2226 827 2256 tot
847 2230 968 2256 annos
988 2232 996 2255 :
1031 2216 1077 2254 iis
1100 2229 1259 2268 quoque
1281 2214 1409 2253 divifit
1431 2215 1671 2253 Semurium.
1706 2215 1831 2253 Carn-

431 2299 505 2339 pus
528 2285 700 2323 Martius
723 2284 899 2329 restabat,
933 2283 1002 2321 nisi
1025 2283 1133 2336 prius
1155 2296 1248 2320 cum
1270 2280 1387 2320 fratre
1419 2281 1594 2334 fugisset.
1643 2281 1716 2319 Sed
1749 2280 1834 2319 haec

431 2365 616 2404 agrorum
636 2351 838 2404 affignatio
859 2350 977 2403 paulo
997 2358 1100 2395 ante,
1133 2348 1327 2400 Qirites,
1361 2349 1410 2387 L.
1431 2347 1606 2393 Caesaris,
1630 2345 1831 2385 clarissimi

431 2418 521 2464 viri,
552 2427 592 2457 et
623 2416 921 2471 praestantiffimi
954 2415 1154 2461 senatoris,
1187 2414 1377 2452 sententia
1408 2414 1590 2452 diffoluta
1621 2412 1700 2451 est:
1733 2411 1830 2450 huic

430 2485 540 2525 enim
570 2484 715 2532 affenfi,
751 2483 1031 2538 septemvirum
1063 2484 1145 2521 affita
1180 2480 1421 2521 sustulimus.
1467 2482 1606 2532 Jacent
1643 2477 1833 2517 beneficia
