2076 2860
708 117 1284 157 PHILIPPICA
1361 119 1436 159 VI.
1690 135 1767 176 375

369 222 572 261 Nuculae:
606 220 725 274 friget
757 231 944 274 patronus
977 222 1194 260 Antonius.
1241 222 1350 261 Nam
1382 222 1602 276 possessores
1634 226 1768 265 animo

370 290 542 342 aequiore
576 288 802 327 discedent:
836 289 988 327 nullam
1023 289 1239 343 impensam
1271 288 1458 336 fecerant,
1491 291 1671 331 nondum
1702 294 1767 332 in-

369 355 603 400 struxerant,
634 356 780 408 partim
800 356 894 408 quia
914 369 993 394 non
1014 356 1282 403 confidebant,
1314 359 1458 410 partim
1480 359 1574 411 quia
1592 373 1672 398 non
1693 359 1766 398 ha—

369 421 531 460 bebant.
577 421 650 459 Sed
682 421 751 459 illa
782 422 904 459 statua
934 422 1135 475 palmaris,
1167 423 1214 461 de
1234 437 1325 477 qua,
1357 424 1383 462 fi
1405 425 1568 463 meliora
1589 435 1767 480 tempora

368 487 504 534 effent,
523 502 604 526 non
624 488 772 541 poffem
794 489 872 527 fine
892 489 970 527 risu
987 489 1134 528 dicere:
1158 491 1208 529 L.
1225 492 1463 537 ANTONIO,
1481 493 1594 543 JANI
1621 506 1763 533 MEDII

370 567 611 594 PATRONo.
656 557 765 594 Itane
784 557 797 593 ?
829 556 952 608 Janus
981 557 1135 595 medius
1156 558 1198 595 in
1219 558 1269 596 L.
1293 559 1464 597 Antonii
1482 559 1667 599 clientela
1686 561 1765 600 fit?

366 622 459 675 quis
481 635 658 674 unquam
679 623 720 660 in
743 622 813 661 illo
835 624 935 674 Jano
956 623 1140 663 inventus
1167 623 1234 669 est,
1266 625 1337 677 qui
1369 626 1420 664 L.
1443 626 1622 665 Antonio
1652 628 1767 666 mille

367 688 584 727 nummum
605 688 724 727 ferret
743 690 959 742 expensum
977 691 992 727 ?

424 755 498 793 VI.
532 754 606 793 Sed
626 756 746 794 nimis
768 756 895 794 multa
910 756 957 794 de
978 757 1117 809 nugis:
1140 756 1187 794 ad
1204 756 1361 795 causam
1382 757 1614 811 bellumque
1630 759 1763 797 redea-

366 834 477 860 mus:
502 835 729 874 quanquam
746 837 826 861 non
846 823 1020 861 alienum
1041 822 1119 861 fuit
1139 823 1318 876 personas
1336 824 1522 877 quasdam
1538 840 1558 863 a
1573 826 1684 864 vobis
1702 840 1763 864 re-

364 888 579 940 cognosci,
603 898 662 934 ut,
684 888 925 942 quibuscum
946 889 1098 928 bellum
1118 899 1331 942 gereretur,
1348 891 1496 944 poflitis
1519 892 1630 930 taciti
1649 894 1763 945 cogi-

366 961 461 992 tare.
495 955 583 1006 Ego
604 964 736 993 autem
758 969 824 993 vos
846 954 997 1002 hortor,
1016 956 1209 1008 Qirstes,
1228 966 1287 1003 ut,
1306 958 1427 996 etiarn
1448 958 1474 996 fl
1495 959 1639 997 melius
1656 959 1764 997 aliud

362 1018 460 1065 fuit,
493 1029 624 1058 tamen
645 1021 868 1073 legatorum
887 1022 1061 1060 reditum
1081 1024 1294 1075 expectetis
1314 1024 1449 1062 animo
1470 1039 1596 1078 aequo.
1644 1025 1762 1063 Cele-

363 1085 458 1124 ritas
480 1085 649 1125 detrasza
668 1086 715 1124 de
736 1087 848 1125 causa
866 1087 920 1125 est
935 1106 948 1133 3
981 1087 1077 1126 boni
1098 1097 1228 1126 tamen
1249 1089 1401 1142 aliquid
1421 1090 1575 1129 acceffit
1595 1091 1641 1129 ad
1668 1105 1762 1129 cau-

365 1150 460 1191 sam.
500 1153 608 1191 Cum
627 1153 736 1192 enim
757 1154 876 1206 legati
896 1154 1174 1200 renuntiarint,
1206 1155 1315 1207 quod
1335 1165 1439 1194 certe
1458 1158 1760 1204 renuntiabunt,

365 1230 445 1255 non
476 1218 517 1255 in
547 1219 668 1256 vestra
695 1220 897 1272 potestate,
928 1234 1008 1258 non
1030 1221 1071 1258 in
1092 1220 1261 1266 senatUS,
1293 1221 1365 1260 effe
1386 1223 1640 1269 Antonium;
1673 1225 1763 1277 quis

365 1285 440 1321 erit
470 1293 551 1322 tam
581 1285 787 1337 improbus
818 1286 930 1331 civis,
963 1287 1031 1338 qui
1061 1286 1180 1324 illum
1206 1288 1338 1326 civem
1366 1287 1595 1328 habendum
1615 1292 1760 1342 putet?

364 1350 489 1389 Nunc
520 1351 628 1389 enim
658 1351 747 1390 sunt
778 1353 894 1405 pauci
924 1352 985 1390 illi
1015 1352 1193 1405 quidem,
1225 1353 1289 1391 sed
1311 1363 1440 1393 tamen
1461 1356 1609 1409 plures,
1641 1370 1762 1408 quam

362 1416 570 1469 republica
587 1417 757 1470 dignum
778 1418 845 1463 est,
877 1419 947 1471 qui
970 1419 1022 1456 ita
1048 1419 1289 1472 lo'quantur:
1323 1421 1388 1459 Ne
1418 1421 1566 1474 legatos
1598 1423 1764 1475 quidem·

362 1483 690 1535 expectabimus?
729 1484 845 1522 Istam
875 1494 979 1522 certe
1008 1498 1161 1530 vocem,
1192 1486 1563 1540 simulationemque
1583 1490 1759 1527 clemen-

360 1549 439 1593 πίε,
471 1550 724 1601 extorquebit
746 1551 792 1587 iis
816 1564 872 1588 res
895 1551 975 1602 ipsa
995 1551 1168 1603 publica.
1211 1552 1304 1603 Qo
1333 1553 1467 1598 etiam,
1500 1563 1543 1592 ut
1573 1555 1761 1593 confitear

364 1614 492 1659 vobis,
525 1616 718 1667 Qirites,
751 1617 883 1654 minus
916 1616 1109 1655 hodierno
1142 1618 1203 1655 die
1236 1619 1438 1664 contendi,
1478 1620 1610 1658 minus
1646 1621 1759 1659 labo-

363 1681 458 1725 ravi,
477 1689 520 1718 ut
541 1680 643 1719 mihi
664 1682 815 1720 senatus
837 1682 1040 1721 assentiens
1063 1685 1283 1722 tumultum
1301 1684 1539 1731 decerneret,
1558 1686 1643 1740 saga
1658 1687 1761 1726 sumi

358 1746 540 1797 juberet:
564 1747 687 1784 malui
709 1748 853 1800 viginti
874 1748 1012 1786 diebus
1033 1749 1118 1801 post
1139 1749 1371 1788 sententiam
1392 1764 1521 1789 meam
1542 1752 1690 1790 laudari
1711 1753 1759 1792 ab

360 1812 566 1857 omnibus,
599 1827 719 1865 quam
741 1828 760 1851 a
781 1815 914 1866 paucis
937 1814 1055 1852 hodie
1076 1816 1301 1868 vituperari.

419 1879 684 1931 Qapropter‚
709 1881 902 1931 Qirites,
925 1882 1124 1933 expe&ate
1145 1882 1365 1933 legatorum
1386 1883 1573 1929 reditum,
1600 1893 1639 1922 et
1658 1899 1757 1938 pau-

358 1957 501 1982 corum
532 1945 685 1984 dierum
707 1946 925 1984 molestiam
947 1947 1140 1985 devorate.
1186 1949 1269 2001 Qi
1291 1963 1383 1987 cum
1406 1950 1606 1997 redierint,
1639 1952 1665 1989 si
1687 1966 1756 2005 pa-

358 2024 448 2048 cem
480 2011 657 2057 afferent,
690 2013 882 2065 cupidum
915 2027 1005 2058 me;
1040 2014 1066 2051 fi
1095 2014 1261 2060 bellum,
1294 2016 1755 2069 providumjudicatote.

361 2077 426 2113 An
447 2090 520 2128 ego
541 2091 620 2114 non
643 2078 869 2129 provideam
897 2079 995 2116 meis
1024 2079 1211 2118 civibus?
1244 2094 1323 2118 non
1356 2082 1436 2120 dies
1470 2083 1678 2135 nostesque
1711 2085 1758 2123 de

362 2140 482 2178 vestra
516 2142 710 2187 libertate,
744 2142 790 2180 de
826 2144 1052 2195 reipublicae
1088 2145 1223 2191 salute,
1254 2147 1429 2200 cogitem
1448 2149 1461 2186 ?
1504 2149 1613 2200 Qid
1648 2151 1757 2188 enim

363 2220 442 2243 non
475 2206 597 2244 debeo
630 2207 755 2252 vobis,
789 2208 982 2259 Qirites‚
1014 2224 1134 2262 quem
1165 2226 1248 2257 vos,
1281 2226 1301 2250 a
1332 2213 1368 2251 se
1395 2224 1542 2259 ortum,
1575 2214 1754 2253 homini-

361 2272 434 2310 bus
458 2272 706 2312 nobilissimis
729 2275 915 2313 omnibus
937 2275 1155 2316 honoribus
1181 2279 1405 2331 praetulistis
1426 2281 1438 2317 ?
1482 2282 1546 2318 An
1579 2282 1754 2333 ingratus

360 2337 446 2376 sum
466 2339 478 2375 ?
515 2339 607 2390 quis
643 2340 775 2378 minus
796 2342 808 2378 ?
849 2343 932 2393 qui,
975 2344 1095 2395 partis
1130 2343 1365 2391 honoribus,
1395 2345 1551 2384 eosdem
1587 2347 1676 2398 gefli
1711 2348 1753 2384 in

358 2401 446 2441 foro
485 2403 650 2450 labores,
697 2417 794 2457 quos
827 2406 868 2444 in
904 2407 1097 2459 petendis.
1149 2409 1277 2448 Rudis
1312 2410 1354 2448 in
1389 2410 1591 2463 republica
1609 2412 1622 2448 ?
1664 2411 1752 2463 quis
