2076 2860
652 157 1227 199 PHILIPPICA
1305 157 1422 197 xm.
1653 171 1731 210 449

391 265 494 317 Qis
516 273 597 302 tam
613 263 797 301 barbarus
815 261 1017 313 unquam?
1041 268 1122 298 tarn
1138 259 1351 297 immanis?
1375 267 1456 297 tam
1476 257 1609 297 ferus?
1634 257 1730 297 Non

333 330 508 368 audivit:
540 344 619 368 non
642 327 865 381 respondit:
890 340 1017 380 neque
1037 339 1101 364 eos
1124 325 1252 363 solum
1273 325 1491 378 praesentes,
1516 324 1577 362 sed
1599 325 1729 363 multo

334 397 459 448 magis
482 409 567 441 nos,
600 410 621 434 a
641 395 787 448 quibus
809 393 871 432 illi
891 401 999 431 erant
1020 391 1136 436 miffi,
1170 391 1328 444 sprevit,
1350 400 1388 429 et
1409 404 1480 444 pro
1502 389 1630 428 nihilo
1651 405 1727 443 pu-

332 463 444 501 tavit.
478 461 625 507 Postea,
649 460 757 514 quod
778 460 917 504 scelus,
941 457 1048 512 quod
1068 457 1237 503 facinus,
1261 456 1456 510 parricida
1472 470 1552 494 non
1572 456 1725 495 edidit?

331 528 585 567 circumsedit
615 528 776 566 colonos
809 527 966 571 vestros,
998 526 1218 564 exercitum
1251 524 1392 577 populi
1426 524 1614 569 Romani,
1646 524 1725 562 im-

330 604 564 649 peratorem,
597 594 798 633 consulem
820 594 1092 646 designatum:
1124 605 1235 644 agros
1256 591 1412 630 divexat
1438 591 1588 628 civium
1617 591 1725 643 opti-

331 675 489 700 morum
510 677 518 700 :
551 660 671 699 hostis
703 661 926 699 teterrimus
957 658 1143 698 omnibus
1176 657 1289 696 bonis
1311 670 1445 696 cruces
1466 670 1509 695 ac
1531 666 1727 696 tormenta

333 729 554 768 minitatur.

387 796 440 833 X.
475 796 581 833 Cum
613 794 705 840 hoc,
739 795 802 832 M.
826 792 991 846 Lepide,
1024 806 1098 844 pax
1129 790 1201 830 effe
1230 805 1317 843 quae
1347 789 1503 843 potest?
1535 791 1648 843 cujus
1676 803 1725 828 ne

332 859 527 913 supplicio
548 860 710 913 quidem
732 859 816 897 ullo
838 859 962 896 satiari
984 858 1140 896 videtur
1166 855 1269 909 poffe
1298 855 1470 910 populus
1501 856 1720 894 Romanus.

331 926 452 977 Qod
474 927 499 965 fi
521 927 609 978 quis
631 925 759 964 adhuc
786 925 964 963 dubitare
994 924 1140 977 potuit,
1172 923 1270 975 quin
1300 922 1411 960 nulla
1439 922 1599 960 societas
1628 920 1724 959 huic

330 991 475 1037 ordini,
507 991 736 1045 populoque
769 993 966 1035 Romano,
998 1004 1092 1028 cum
1126 989 1195 1028 illa
1227 988 1559 1041 importunissima
1594 987 1725 1026 bellua

330 1058 444 1110 poffit
465 1058 561 1103 effe;
595 1058 739 1096 desinat
759 1057 935 1110 profecto
955 1056 1149 1100 dubitare,
1180 1054 1243 1093 his
1264 1055 1435 1108 cognitis
1457 1055 1596 1099 literis,
1627 1067 1723 1107 quas

329 1123 432 1162 mihi
454 1123 581 1162 miffas
602 1124 650 1161 ab
672 1124 811 1162 Hirtio
831 1121 991 1160 consule
1012 1120 1131 1159 modo
1160 1121 1308 1173 accepi.
1353 1122 1428 1158 Eas
1459 1119 1556 1158 dum
1585 1121 1722 1165 recito,

329 1190 506 1242 dumque
528 1190 574 1228 de
596 1190 756 1242 singulis
788 1188 989 1227 sententiis
1021 1187 1191 1225 breviter
1219 1186 1392 1240 disputo,
1423 1186 1559 1231 velim,
1592 1186 1723 1224 Patres

329 1255 558 1308 conscripti,
591 1265 635 1293 ut
655 1254 784 1293 adhuc
805 1254 965 1299 fecistis,
998 1267 1062 1292 me
1081 1261 1229 1291 attente
1249 1252 1429 1291 audiatis.
1474 1254 1721 1291 ANTONius

330 1323 516 1360 HrnTio
539 1331 577 1360 et
599 1322 810 1360 CAESAR1.
844 1321 988 1373 Neque
1009 1320 1046 1358 se
1067 1319 1358 1372 imperatorem,
1390 1332 1517 1371 neque
1538 1319 1724 1357 Hirtium

329 1389 547 1434 consulem,
580 1402 651 1427 nec
684 1397 920 1441 propraetore
942 1386 1145 1426 Caesarem.
1191 1386 1289 1424 Satis
1316 1385 1393 1424 hoc
1423 1385 1586 1438 quidem
1611 1385 1720 1424 scite.

330 1456 538 1510 Deponere
573 1455 746 1493 alienum
782 1468 925 1492 nomen
957 1452 1038 1506 ipse
1066 1453 1223 1497 maluit,
1255 1465 1374 1505 quam
1396 1452 1476 1490 illis
1497 1452 1615 1490 suum
1633 1451 1721 1490 red-

328 1522 431 1560 dere.
467 1522 623 1574 Cognita
642 1530 754 1560 morte
774 1521 818 1559 C.
834 1518 1011 1564 Trebonii,
1043 1533 1111 1558 non
1124 1519 1208 1572 plus
1222 1518 1476 1571 gavificsstmz‚
1498 1532 1604 1571 quam
1619 1516 1724 1555 dolui.

329 1587 472 1625 Videte
492 1587 589 1640 quid
610 1587 646 1625 se
666 1587 858 1639 gavisum,
890 1585 988 1639 quid
1009 1584 1185 1629 doluisse,
1218 1584 1322 1621 dicat
1341 1599 1349 1621 ε
1383 1582 1539 1621 facilius
1561 1583 1607 1621 de
1630 1597 1722 1635 pace

330 1653 613 1692 deliberabitis.
658 1653 798 1706 Dedff
810 1663 937 1706 paenas
941 1653 1160 1705 sceleratum
1178 1651 1293 1690 cineri
1315 1659 1423 1703 atque
1448 1649 1567 1701 offi'bus
1595 1650 1720 1702 clary?-

313 1721 405 1773 stmi
420 1721 509 1766 viri,
540 1729 575 1759 et
604 1719 802 1774 apparu-tffi’
821 1734 948 1758 numen
980 1720 1144 1758 Deorum
1174 1718 1277 1756 intra
1281 1717 1396 1769 finem
1424 1717 1514 1755 anni
1529 1716 1721 1761 vertentis,

328 1796 394 1825 aut
413 1786 495 1838 jam
509 1787 628 1840 sbluto
643 1786 818 1840 supplicio
842 1784 1055 1838 parricidae,
1085 1793 1152 1822 aut
1182 1781 1410 1836 ιἠφεηιίιήῐε,
1440 1781 1634 1820 laetandum
1663 1781 1722 1834 est.

330 1854 367 1891 O
397 1853 601 1905 Spartace!
635 1866 755 1905 quern
787 1852 893 1889 enim
928 1862 964 1888 te
996 1850 1127 1903 potius
1158 1849 1385 1902 appellem?
1419 1850 1530 1900 cujus
1564 1858 1723 1901 propter

328 1918 474 1957 nefaria
495 1919 633 1957 scelera
655 1917 869 1956 tolerabilis
891 1916 1003 1955 fuifi'e
1024 1915 1178 1954 videtur
1200 1915 1393 1953 Catilina:
1418 1914 1629 1952 lactandum
1651 1913 1723 1952 effe

329 1986 440 2023 ausus
461 1999 500 2024 es
523 1974 701 2029 scribere,
730 1984 982 2023 Trebonium
1003 1981 1145 2020 dediffe
1166 1995 1298 2034 poenas
1320 1982 1332 2017 ?
1366 1980 1594 2018 sceleratum
1616 1982 1719 2018 Tre-

331 2051 496 2090 bonium
517 2054 528 2089 ?
562 2065 641 2104 quo
663 2051 817 2095 scelere,
842 2050 910 2087 nisi
933 2048 1039 2101 quod
1063 2057 1099 2086 te
1120 2047 1251 2086 idibus
1275 2047 1433 2085 Martiis
1454 2060 1474 2084 a
1495 2047 1626 2085 debita
1647 2047 1721 2085 tibi

330 2117 432 2170 peste
453 2118 606 2155 seduxit
625 2119 638 2154 ?

386 2185 486 2235 Age,
519 2183 595 2221 hoc
616 2183 781 2221 laetaris:
814 2183 1031 2227 videamus,
1062 2181 1158 2234 quid
1179 2180 1340 2219 moleste
1360 2180 1473 2219 feras.
1506 2178 1719 2233 Hostemju-

329 2250 486 2289 dicatum
519 2250 581 2288 hoc
613 2258 766 2302 tempore
796 2250 1034 2294 Dolabellam,
1069 2264 1104 2287 eo
1133 2247 1227 2302 quod
1239 2248 1416 2300 ficarium
1450 2246 1645 2290 occicl'erit5
1686 2254 1720 2284 ct

329 2314 450 2355 videri
477 2315 648 2354 cariorem
670 2315 798 2367 populo
827 2316 985 2354 Romano
999 2315 1291 2367 filiumsturrae,
1327 2328 1432 2367 quam
1463 2314 1506 2351 C.
1532 2311 1720 2364 Caesmvm,

323 2382 464 2436 patriae
476 2391 678 2434 parentem,
696 2381 982 2434 ingemfiendum
1003 2381 1059 2433 est.
1084 2380 1194 2432 Qid
1215 2380 1439 2431 ingemiscis
1462 2378 1610 2416 hostem
1634 2379 1719 2415 Do-

330 2448 514 2488 labellam
549 2447 806 2500 judicatum?
853 2447 949 2500 quid
969 2448 980 2484 ?
1028 2455 1065 2484 te
1104 2459 1182 2484 non
1222 2445 1414 2495 intelligis
1450 2444 1600 2482 delectu
1642 2451 1722 2480 tota

412 2516 544 2553 Tom.
578 2514 651 2552 VI.
1300 2510 1333 2549 L
1365 2509 1378 2547 l
1409 2509 1421 2547 l
