2076 2860
405 193 486 234 354
758 180 836 218 IN
895 179 960 217 M.
1021 178 1449 218 ANTONIUM

462 281 536 318 IV.
570 280 643 318 Sed
677 279 942 332 auspiciorum
977 293 1048 317 nos
1083 278 1238 317 fortaffe
1272 280 1420 318 erimus
1455 279 1703 333 interpreteS,
1735 280 1805 332 qui

406 347 539 385 sumus
575 347 657 398 ejus
693 345 883 397 collegae:
921 359 1020 383 num
1054 359 1147 398 ergo
1182 346 1301 385 etiam
1336 359 1537 384 armorum
1573 347 1805 398 interpretes

407 412 649 465 quaerimus?
674 412 857 450 Primum
878 425 1015 450 omnes
1037 411 1113 449 fori
1135 412 1263 449 aditus
1286 413 1339 449 ita
1360 412 1457 465 septi
1480 412 1584 458 sunt,
1608 422 1667 457 ut,
1689 414 1808 451 etiam

406 479 434 516 fi
455 491 574 516 nemo
595 477 763 515 obstaret
784 487 971 523 armatus,
990 487 1136 523 tamen,
1161 478 1230 515 nisi
1253 478 1369 530 septis
1393 479 1566 524 revulfis,
1589 479 1745 516 introiri
1766 479 1811 516 in

408 544 542 582 forum
563 544 677 582 nullo
697 544 818 582 modo
838 544 975 597 posset.
1009 545 1072 582 Sic
1094 558 1184 582 vero
1205 554 1314 582 erant
1336 544 1517 597 disposita
1536 545 1722 597 praesidia,
1746 554 1805 589 ut,

410 610 612 663 quomodo
632 609 807 648 hostium
828 611 956 648 aditus
980 611 1075 648 urbe
1096 610 1374 663 prohibentur,
1406 610 1574 648 castellis
1607 621 1646 648 et
1676 611 1809 663 operi-

410 678 500 721 bus,
532 676 580 714 ab
600 676 833 728 ingreffione
854 676 931 714 fori
951 677 1148 729 populum
1169 678 1238 722 ita,
1270 677 1529 729 tribunosque
1550 677 1693 729 plebis,
1715 691 1810 729 pro—

411 743 556 795 pulsari
577 742 741 782 videres.
785 743 944 795 Qibus
967 743 1013 780 de
1034 743 1154 781 caufis
1176 757 1237 781 eas
1259 743 1379 795 leges,
1403 757 1498 795 quas
1520 743 1584 781 M.
1608 743 1811 780 Antonius

412 808 541 847 tuliffe
562 808 724 854 dicitur,
756 823 893 847 omnes
924 809 1061 847 censeo
1091 823 1160 861 per
1180 810 1263 847 vim
1284 818 1322 846 et
1353 818 1490 847 contra
1509 808 1680 861 auspicia
1699 808 1811 854 latas,

413 875 539 928 iisque
570 875 726 927 legibus
759 875 956 928 populum
989 889 1069 914 non
1102 877 1239 914 teneri.
1286 876 1324 913 Si
1352 889 1473 928 quam
1500 876 1630 927 legem
1651 874 1699 912 de
1718 875 1813 913 aitis

414 941 576 980 Caesaris
606 942 903 987 confirmandis,
936 942 1030 980 deve
1062 942 1253 980 dictatura
1284 943 1325 980 in
1358 951 1595 994 perpetuum
1622 941 1811 986 tollenda,

414 1007 511 1046 deve
541 1007 710 1045 coloniis
743 1008 784 1045 in
817 1021 928 1060 agros
957 1008 1212 1053 deducendis,
1245 1008 1373 1046 tulisse
1398 1008 1462 1046 M.
1487 1008 1689 1046 Antonius
1710 1007 1813 1045 dici-

414 1083 507 1119 tur;
545 1073 696 1112 easdem
730 1074 834 1126 leges
871 1074 917 1112 de
952 1075 1133 1127 integro,
1170 1084 1214 1112 ut
1249 1074 1445 1126 populum
1480 1083 1664 1119 teneant,
1701 1073 1813 1111 salvis

414 1139 598 1193 auspiciis
620 1139 712 1178 ferri
734 1141 876 1192 placet.
919 1141 1113 1192 Qamvis
1146 1140 1254 1178 enim
1286 1140 1391 1192 leges
1425 1140 1545 1177 bonas
1578 1139 1716 1178 vitiose
1747 1153 1817 1192 per

417 1206 580 1257 vimque
601 1206 760 1251 tulerit;
794 1216 924 1244 tamen
945 1205 1006 1244 hae
1027 1206 1131 1258 leges
1154 1220 1233 1244 non
1255 1206 1344 1244 sunt
1365 1205 1575 1244 habendae:
1609 1206 1816 1258 omnisque

418 1271 578 1309 audacia
598 1271 824 1323 gladiatoris
847 1273 1014 1310 amentis
1036 1272 1265 1309 au&oritate
1287 1271 1413 1309 nostra
1433 1271 1673 1324 repudianda
1691 1271 1760 1309 est.

476 1337 551 1376 Illa
589 1351 679 1375 vero
714 1337 908 1389 diffipatio
943 1338 1120 1389 pecuniae
1155 1338 1326 1389 publicae
1360 1336 1521 1374 ferenda
1554 1337 1668 1374 nullo
1698 1336 1818 1374 modo

419 1403 487 1449 est,
519 1418 587 1456 per
616 1418 734 1455 quam
763 1403 901 1456 septies
924 1404 1070 1442 millies
1092 1403 1194 1441 falfis
1217 1403 1568 1456 perscriptionibus
1590 1403 1818 1441 donationi-

421 1470 571 1523 busque
591 1471 757 1508 avertit:
792 1480 835 1507 ut
865 1470 1039 1523 portenti
1069 1470 1195 1508 fimile
1214 1470 1407 1515 videatur,
1439 1479 1589 1507 tantam
1609 1471 1819 1522 pecuniam

420 1537 560 1589 populi
591 1536 764 1574 Romani
787 1545 868 1574 tam
890 1537 998 1574 brevi
1020 1546 1196 1589 ternpore
1218 1537 1343 1589 perire
1364 1536 1544 1588 potuifi‘e.
1582 1535 1693 1587 Qid
1713 1536 1726 1573 ?
1757 1535 1820 1572 illi

423 1603 614 1640 immanes
648 1602 830 1653 quaestus,
866 1601 1085 1648 ferendine,
1120 1615 1220 1655 quos
1253 1602 1318 1641 M.
1341 1602 1512 1640 Antonii
1539 1611 1621 1640 tota
1646 1600 1823 1639 exhausit

422 1668 587 1706 domus!
614 1669 785 1706 Decreta
804 1667 898 1706 falsa
917 1668 1133 1706 vendebat:
1158 1682 1290 1720 regna,
1313 1668 1507 1713 civitates,
1530 1668 1820 1712 immunitates,

424 1735 462 1771 in
497 1747 560 1778 aes,
593 1743 752 1786 accepta
783 1735 964 1786 pecunia,
991 1735 1159 1786 jubebat
1180 1733 1319 1772 incidi.
1364 1735 1464 1772 Haec
1486 1733 1523 1771 se
1542 1747 1589 1771 ex
1611 1746 1821 1771 commen-

424 1800 530 1837 tariis
553 1799 728 1844 Caesaris,
747 1813 918 1850 quorum
940 1800 1020 1852 ipse
1036 1802 1169 1837 au&0r
1189 1809 1284 1845 erat,
1302 1813 1414 1851 agere
1435 1799 1604 1838 dicebat.
1630 1798 1823 1837 Calebant

424 1866 465 1904 in
497 1865 682 1901 interiore
710 1865 856 1902 aedium
886 1874 994 1916 parte
1022 1866 1143 1902 totius
1166 1865 1393 1917 reipublicae
1415 1865 1628 1903 nundinae:
1662 1864 1820 1908 mulier,

425 1930 497 1968 fibi
518 1929 687 1975 felicior,
720 1943 840 1982 quam
872 1931 980 1975 viris,
1012 1931 1236 1968 auctionem
1263 1931 1557 1982 provinciarum
1585 1943 1821 1981 regnorum-

424 2010 502 2050 que
537 1995 732 2034 faciebat:
771 1996 1073 2035 restituebantur
1107 1997 1267 2041 exules,
1304 1997 1408 2049 quafi
1444 1997 1556 2049 lege,
1591 1997 1670 2034 fine
1706 1996 1820 2048 lege:

424 2076 511 2114 quae
534 2062 603 2099 nis1
631 2063 859 2100 au&oritate
889 2062 1042 2101 senatus
1072 2063 1363 2109 rescinduntur,
1395 2063 1584 2116 quoniam
1606 2062 1760 2114 ingreffi
1782 2061 1824 2098 in

427 2128 534 2180 spem
556 2128 784 2181 reipublicae
806 2129 1077 2181 recuperandae
1098 2129 1248 2174 suanS,
1280 2129 1412 2182 imago
1433 2128 1542 2167 nulla
1570 2128 1701 2166 liberae
1722 2127 1823 2165 civi-

427 2195 517 2233 tatis
539 2194 798 2247 relinquetur.

483 2262 628 2312 Neque
657 2261 784 2299 solum
812 2262 1107 2300 commentariis
1137 2262 1442 2307 commentitiis,
1473 2259 1826 2313 chirographisque

427 2327 646 2373 venalibus,
665 2328 966 2366 innumerabilis
989 2329 1157 2380 pecunia
1176 2329 1359 2382 congesta
1379 2329 1419 2366 in
1441 2327 1552 2366 illam
1570 2327 1736 2365 domum
1757 2325 1836 2370 est,

427 2407 547 2437 cum,
579 2407 666 2446 qua:
699 2393 892 2432 vendebat
923 2394 1142 2439 Antonius,
1174 2408 1217 2432 ea
1249 2395 1285 2432 se
1316 2408 1364 2432 ex
1395 2394 1489 2431 affitis
1523 2392 1682 2431 Caesaris
1716 2403 1826 2443 agere

426 2460 604 2507 diceret,
637 2459 700 2499 sed
735 2460 887 2499 senatus
922 2461 1043 2499 etiam
1077 2460 1282 2507 consulta,
1314 2460 1482 2515 pecunia
1516 2467 1702 2512 accepta,
1733 2455 1825 2495 falsa
