2076 2860
656 152 1232 194 PHILIPPICA
1308 150 1360 188 V.
1627 161 1701 201 353

309 261 427 299 Meus
448 258 598 297 amicus
620 257 687 296 est.
723 256 781 294 Sit
801 256 934 308 patriae
954 253 1078 306 prius,
1111 252 1231 290 Meus
1252 258 1457 303 cognatus.
1491 248 1556 286 An
1576 247 1702 301 potest

309 326 494 379 cognatio
515 325 596 363 ulla
615 323 775 376 propior
796 321 882 366 effe,
905 333 1024 373 quam
1045 318 1192 371 patriae,
1225 317 1266 354 in
1288 330 1365 369 qua
1383 323 1561 369 parentes
1582 314 1702 351 etiam

308 391 595 431 continentur?
627 388 738 427 Mihi
758 388 969 440 pecuniam
993 384 1189 423 attribuit.
1224 383 1356 435 Cupio
1385 382 1530 426 videre,
1562 380 1633 433 qui
1662 378 1702 417 id

309 458 447 496 audeat
467 457 609 495 dicere.
648 455 758 507 Qid
780 463 911 492 autem
931 461 1080 504 agatur,
1113 464 1206 488 cum
1237 462 1449 502 aperuero3
1483 446 1599 485 facile
1628 446 1702 484 erit

308 523 484 568 statuere,
517 535 636 575 quam
657 520 891 559 sententiam
912 518 1066 562 dicatis,
1098 526 1164 554 aut
1188 529 1308 568 quam
1329 513 1562 567 sequamini.

366 591 443 627 ΙΙΙ.
476 589 636 640 Agitur,
669 596 803 625 utrum
826 586 889 623 M.
914 584 1092 622 Antonio
1112 582 1278 620 facultas
1300 580 1414 618 detur
1433 577 1701 631 opprimendae

311 654 552 707 reipublicae,
584 652 698 690 caedis
719 649 906 689 faciendae
929 650 1140 691 bonorum,
1172 644 1401 698 diripiendae
1431 643 1555 688 urbis,
1586 656 1701 695 agro-

310 734 398 757 rum
421 719 496 757 suis
517 717 737 756 latronibus
759 714 1023 758 condonandi,
1052 711 1247 766 populum
1270 711 1498 748 Romanum
1518 708 1703 746 servitute

310 783 591 837 opprimendi;
624 797 670 820 an
692 781 836 820 horum
859 779 960 818 nihil
987 778 1112 816 facere
1132 778 1167 814 ei
1197 776 1326 813 liceat.
1364 774 1572 818 Dubitate,
1604 773 1704 826 quid

309 851 446 903 agatis.
497 851 554 887 At
586 862 664 886 non
697 847 842 885 cadunt
873 844 956 883 haec
989 845 1029 881 in
1062 842 1302 880 Antonium.
1349 840 1443 878 Hoc
1476 853 1524 876 ne
1559 839 1703 890 Cotyla

310 916 473 968 quidem
495 915 622 953 dicere
649 913 820 952 auderet.
865 910 976 962 Qid
1005 909 1114 947 enim
1143 909 1184 946 in
1213 921 1306 945 eum
1338 920 1415 944 non
1447 905 1584 943 cadit?
1615 905 1700 958 qui,

309 984 422 1034 cujus
454 983 536 1019 aeta
568 980 604 1017 se
635 978 843 1017 defendere
875 977 987 1020 dicit,
1019 976 1102 1027 ejus
1135 987 1195 1012 eas
1228 974 1332 1025 leges
1367 972 1574 1025 pervertit,
1607 985 1701 1024 quas

310 1048 482 1086 maxime
514 1046 669 1084 laudare
700 1054 939 1097 poteramus.
982 1041 1056 1079 Ille
1086 1040 1246 1093 paludes
1279 1039 1418 1077 siccare
1449 1037 1602 1075 voluit:
1636 1036 1702 1074 hic

308 1126 470 1151 omnem
506 1111 661 1149 Italiam
693 1108 894 1147 moderato
924 1106 1107 1150 homini,
1140 1106 1189 1142 L.
1214 1104 1419 1148 Antonio,
1451 1101 1703 1140 dividendam

309 1179 433 1217 dedit.
466 1177 608 1230 Qid?
640 1176 742 1214 hanc
773 1176 900 1227 legem
930 1172 1101 1226 populus
1132 1172 1337 1208 Romanus
1359 1170 1539 1221 accepit?
1571 1168 1700 1220 quid?

310 1259 378 1298 per
406 1244 577 1296 auspicia
605 1242 704 1280 ferre
735 1242 898 1294 potuit?
931 1239 1004 1276 Sed
1032 1252 1156 1290 augur
1175 1236 1418 1274 verecundus
1440 1235 1518 1273 fine
1539 1235 1702 1286 collegis

310 1311 357 1349 de
377 1311 574 1363 auspiciis.
608 1311 846 1360 Qanq-uam
869 1306 936 1343 illa
955 1305 1125 1356 auspicia
1146 1317 1224 1341 non
1245 1312 1361 1354 egent
1382 1301 1703 1354 interpretatione

311 1389 534 1428 augurum:
569 1376 666 1425 Jove
695 1374 802 1410 enirn
832 1379 992 1409 tonante
1021 1383 1115 1406 cum
1145 1368 1294 1421 populo
1325 1367 1387 1418 agi
1418 1380 1495 1404 non
1527 1366 1599 1404 effe
1628 1365 1700 1410 fas,

310 1443 398 1494 quis
420 1441 600 1493 ignorat?
625 1439 798 1477 Tribuni
820 1436 946 1489 plebis
970 1435 1146 1472 tulerunt
1166 1433 1212 1471 de
1232 1432 1446 1486 provinciis
1468 1440 1605 1470 contra
1625 1433 1705 1469 acta

312 1507 471 1547 Caesaris
491 1523 499 1544 :
523 1507 591 1544 ille
612 1505 834 1548 biennium,
857 1502 924 1539 iste
945 1500 1214 1538 sexcennium.
1248 1499 1362 1537 Num
1382 1498 1501 1535 etiam
1520 1496 1623 1534 hanc
1644 1497 1702 1534 le-

310 1587 402 1626 gem
422 1572 593 1625 populus
616 1572 820 1609 Romanus
841 1567 1016 1619 accepit?
1040 1565 1161 1618 quid?
1184 1564 1434 1618 promulgata
1452 1562 1555 1602 fuit?
1578 1562 1702 1614 quid?

311 1652 442 1678 nonne
470 1647 558 1675 ante
584 1637 675 1682 lata,
708 1649 827 1688 quam
855 1633 1027 1685 scripta?
1060 1644 1190 1669 nonne
1217 1639 1306 1668 ante
1335 1628 1484 1667 factum
1513 1627 1703 1673 vidimus,

312 1719 433 1758 quam
452 1704 635 1742 futurum
656 1702 864 1755 quisquam
886 1700 939 1738 est
960 1698 1173 1751 suspicatus
1192 1698 1205 1734 ?

369 1770 453 1809 Ubi
474 1770 537 1808 lex
560 1769 720 1807 Caecilia
738 1777 776 1805 et
800 1766 950 1805 Didia?
983 1765 1051 1802 ubi
1077 1762 1360 1816 promulgatiO,
1393 1759 1704 1798 trinundinum?

314 1838 382 1875 ubi
402 1850 527 1889 poenae
555 1835 702 1872 recenti
730 1834 815 1885 lege
836 1832 955 1883 Junia
981 1840 1020 1868 et
1053 1829 1239 1867 Licinia?
1272 1826 1479 1879 possuntne
1509 1824 1568 1863 hae
1600 1825 1705 1877 leges

312 1913 400 1941 ratoe
420 1902 492 1940 effe
514 1902 591 1940 fine
612 1900 775 1939 interitu
796 1899 932 1951 legum
953 1896 1220 1949 reliquarum?
1245 1893 1371 1932 Eccui
1392 1891 1556 1945 potestas
1578 1891 1619 1929 in
1640 1891 1706 1929 fo-

312 1983 401 2008 rum
421 1968 643 2007 infinuandi
663 1966 771 2005 fuit?
794 1979 880 2017 quae
901 1977 1016 2017 porro
1038 1963 1106 2001 illa
1127 1961 1329 1999 tonitrua?
1361 1973 1447 2011 quae
1468 1957 1673 2011 tempestas
1691 1960 1704 1994 ?

311 2045 369 2080 ut,
401 2035 428 2073 fi
454 2034 624 2087 auspicia
656 2033 720 2071 M.
744 2031 968 2070 Antonium
1001 2042 1079 2067 non
1112 2035 1330 2071 moverent,
1362 2024 1547 2063 sustinere
1575 2032 1705 2062 tamen

314 2114 406 2138 eum
426 2113 468 2137 ac
490 2099 589 2138 ferre
610 2097 774 2151 potuiffe
796 2105 944 2134 tantam
966 2096 1045 2132 vim
1069 2093 1323 2146 tempestatis,
1344 2091 1496 2136 imbris,
1515 2103 1558 2128 ac
1575 2089 1706 2127 turbi-

317 2179 429 2210 num,
460 2166 609 2203 mirum
629 2163 840 2201 videretur.
873 2163 1006 2213 Qam
1027 2161 1154 2212 legem
1177 2160 1299 2211 igitur
1321 2158 1355 2195 se
1376 2170 1500 2208 augur
1521 2156 1618 2193 dicit
1641 2164 1705 2192 tu-

315 2231 410 2275 lisse,
435 2244 514 2268 non
535 2229 654 2268 modo
676 2237 835 2267 tonante
855 2229 967 2279 J0ve,
991 2226 1053 2264 scd
1075 2239 1195 2279 prope
1217 2223 1355 2263 caelesti
1377 2223 1548 2261 clamore
1568 2219 1706 2273 prohi-

318 2297 450 2340 bente,
481 2294 583 2332 hanc
604 2294 804 2332 dubitabit
824 2302 960 2331 contra
980 2292 1149 2344 auspicia
1179 2291 1296 2328 latam
1319 2288 1498 2327 confiteri
1518 2289 1530 2323 ἒ
1607 2285 1673 2322 uid
1694 2286 1706 2320 ?

317 2361 424 2414 quod
445 2374 538 2398 cum
558 2374 604 2398 eo
625 2360 777 2412 collega
797 2359 905 2403 tulit,
935 2372 1053 2410 quem
1076 2357 1154 2410 ipse
1176 2356 1270 2393 fecit
1293 2355 1356 2392 sua
1378 2352 1626 2391 nuntiatione
1647 2351 1706 2386 vi-

318 2427 478 2471 tiosum,
497 2425 651 2464 nihilne
666 2426 713 2464 ad
727 2425 896 2478 auspicia
913 2425 1039 2462 bonus
1056 2437 1180 2476 augur
1197 2422 1388 2473 pertinere
1405 2420 1612 2456 arbitratus
1630 2416 1705 2453 cf't?

402 2494 469 2532 To
483 2505 535 2531 M.
568 2492 642 2531 Vl.
1320 2486 1354 2522 Y
1386 2498 1406 2534 y
