2076 2860
440 158 513 195 166
913 156 1359 194 ORATIO

435 253 502 289 Tu
535 266 624 290 vero
640 282 650 297 ,
682 252 749 304 qui
771 251 816 288 ad
838 250 1014 289 senatum
1036 250 1137 289 nihil
1160 251 1352 304 scripseris
1368 271 1379 297 ς
1413 261 1457 290 ut
1480 254 1522 290 in
1543 254 1639 292 urbe
1660 255 1827 307 nequior

434 317 616 355 inventus
633 332 687 362 es,
705 331 823 370 quam
837 317 1049 362 Gabinius,
1068 317 1118 355 fic
1135 318 1175 354 in
1191 318 1394 370 provincia
1408 319 1526 371 paulo
1543 328 1688 366 tamen,
1706 334 1826 373 quam

433 382 516 428 ille,
549 384 757 421 demiffior.
791 384 898 422 Nam
919 384 988 421 ille
1008 397 1150 436 gurges
1171 392 1288 436 atque
1306 383 1459 430 helluo,
1489 395 1600 424 natus
1621 387 1827 425 abdomini
1888 392 1891 396 '

434 449 515 494 suo,
549 463 626 487 non
658 449 765 486 laudi
797 458 912 500 atque
944 450 1093 501 gloriae,
1125 464 1218 488 cum
1250 451 1401 503 equites
1430 452 1632 491 Romanos
1661 454 1704 491 in
1731 467 1825 506 pro-

434 516 574 559 vincia,
607 528 699 552 cum
731 515 980 566 publicanOS,
1013 516 1220 554 nobiscum
1255 526 1294 554 et
1326 517 1528 556 voluntate
1562 527 1600 556 et
1635 519 1827 571 dignitate

433 581 678 631 conjundtos,
709 593 846 618 omnes
866 579 1053 626 fortunis,
1085 581 1233 619 multos
1262 581 1381 626 fama,
1413 584 1584 635 vitaque,
1616 583 1824 635 privass‘et3

432 657 525 682 cum
545 645 679 696 egiffet
699 645 806 682 aliud
826 644 928 683 nihil
952 646 992 683 in
1014 645 1086 683 illo
1105 646 1282 683 exercitu
1299 676 1310 691 ,
1342 647 1414 684 nifi
1445 656 1488 685 ut
1510 647 1624 685 urbes
1646 648 1824 701 depopu-

432 709 589 755 laretur,
612 724 722 762 agros
744 711 917 756 vastaret,
939 710 1162 750 exhauriret
1183 711 1348 756 domos;
1371 712 1483 750 ausus
1504 713 1557 751 est
1581 713 1697 766 (quid
1717 715 1825 752 enim

432 776 499 813 ille
521 790 599 813 non
621 776 778 815 auderet
794 777 826 827 ?)
851 791 872 814 a
891 777 1023 815 senatu
1040 777 1370 830 supplicationem
1387 791 1455 830 per
1470 778 1600 816 literas
1616 779 1823 831 postulare.

487 843 644 880 XVIII.
680 844 716 880 O
737 843 811 880 -Dii
831 843 1074 881 immortales
1092 844 1099 880 !
1124 832 1220 881 tune
1240 845 1373 888 etiam,
1396 853 1513 896 atque
1534 844 1629 882 adeo
1648 858 1731 890 vos,
1754 858 1825 897 ge-

432 907 549 945 minae
565 909 766 960 voragines
784 909 1015 961 scopulique
1034 909 1276 961 reipublicae‚
1292 923 1358 946 vos
1381 923 1510 947 meam
1530 909 1734 948 fortunam
1753 911 1825 948 de-

431 974 618 1025 primitis,
651 975 813 1013 vestram
837 976 1062 1013 extollitis?
1095 989 1189 1012 cum
1221 975 1268 1012 de
1300 989 1363 1012 me
1395 989 1437 1013 ea
1468 975 1827 1014 senatus-consulta

431 1040 586 1078 absente
607 1040 705 1078 faeta
727 1042 814 1087 fint,
831 1057 883 1080 eae
904 1043 1114 1080 conciones
1132 1041 1289 1086 habitae,
1308 1042 1340 1079 is
1362 1051 1493 1079 motus
1510 1042 1630 1081 fuerit
1645 1044 1823 1081 munici-

431 1107 588 1158 piorum
603 1117 640 1144 et
657 1108 902 1146 coloniarum
916 1109 1112 1152 omnium,
1129 1122 1170 1145 ea
1183 1107 1335 1145 decreta
1347 1108 1667 1160 publicanorum,
1682 1122 1725 1146 ea
1736 1109 1823 1146 col-

432 1172 643 1224 legiorum,
675 1187 717 1210 ea
737 1174 906 1226 denique
926 1188 1116 1227 generum
1137 1174 1401 1225 ordinumque
1422 1175 1619 1219 omnium,
1643 1189 1728 1227 quae
1750 1188 1823 1227 ego

432 1252 510 1275 non
532 1239 651 1276 modo
671 1250 804 1292 optare
826 1255 1029 1293 nunquam
1050 1240 1245 1283 auderem,
1274 1239 1336 1277 sed
1357 1241 1528 1291 cogitare
1550 1254 1628 1278 non
1650 1241 1822 1292 pofi‘em3

433 1317 499 1341 vos
522 1314 651 1341 autem
674 1305 923 1357 sempiternas
946 1305 1162 1343 foediffimae
1185 1305 1441 1356 turpitudinis
1464 1314 1574 1342 notas
1597 1306 1792 1343 subieritis
1811 1308 1823 1343 ?

488 1371 552 1407 An
574 1384 647 1422 ego
665 1400 675 1414 ,
707 1371 733 1408 fi
766 1381 801 1408 te
831 1380 869 1408 et
891 1371 1112 1409 Gabinium
1134 1371 1243 1408 cruci
1264 1370 1421 1408 suffixos
1443 1370 1616 1408 viderem
1634 1400 1645 1416 ‚
1677 1372 1823 1423 majore

431 1435 602 1473 afficerer
624 1436 759 1473 laetitia
777 1450 825 1474 ex
846 1437 1020 1489 corporis
1042 1436 1155 1474 vestri
1176 1436 1408 1474 laceratione
1423 1465 1434 1480 ,
1466 1449 1585 1488 quam
1606 1436 1756 1474 afficior
1776 1450 1825 1475 ex

431 1501 617 1539 infamia?
642 1502 816 1540 Nullum
832 1502 885 1540 est
901 1502 1141 1555 supplicium
1162 1502 1398 1554 putandum,
1415 1515 1496 1554 quo
1516 1502 1619 1540 affici
1640 1502 1729 1540 casu
1749 1503 1824 1540 ali-

431 1581 511 1619 quo
531 1569 649 1605 etiam
667 1568 760 1605 boni
777 1570 850 1606 viri
870 1568 1067 1621 fortesque
1083 1568 1253 1621 poffunt.
1278 1569 1412 1620 Atque
1428 1567 1504 1606 hoc
1526 1568 1689 1620 quidem
1705 1570 1824 1607 etiam

432 1633 492 1670 isti
515 1634 573 1671 tui
594 1634 733 1671 dicunt
753 1635 981 1687 voluptarii,
1016 1634 1174 1679 Graeci;
1208 1647 1306 1686 quos
1329 1634 1480 1672 utinam
1509 1634 1563 1671 ita
1582 1634 1748 1680 audires,
1781 1644 1826 1673 ut

431 1708 538 1736 erant
559 1699 760 1737 audiendi!
787 1713 990 1752 nunquam
1007 1709 1044 1738 te
1059 1700 1101 1738 in
1123 1709 1182 1738 tot
1202 1699 1350 1752 flagitia
1369 1699 1660 1751 ingurgitaffes:
1684 1713 1823 1738 verum

430 1764 539 1802 audis
570 1766 610 1802 in
641 1765 875 1817 praesepibus
894 1795 905 1810 ,
937 1766 1045 1803 audis
1075 1767 1117 1803 in
1147 1765 1287 1817 stupris
1305 1795 1316 1810 ‚
1348 1766 1457 1803 audis
1477 1766 1520 1803 in
1540 1766 1633 1804 cibo
1653 1775 1692 1804 et
1711 1766 1820 1805 vino.

432 1830 505 1867 Sed
525 1830 665 1883 dicunt
686 1830 746 1867 isti
768 1831 852 1882 ipfi,
871 1831 941 1882 qui
962 1831 1063 1868 mala
1083 1830 1230 1875 dolore,
1250 1831 1352 1868 bona
1371 1831 1588 1882 voluptate,
1611 1831 1822 1877 definiunt,

432 1895 659 1947 sapientem,
691 1896 808 1933 etiam
830 1896 856 1933 fi
876 1896 917 1933 in
941 1895 1156 1933 Phalaridis
1179 1905 1289 1933 tauro
1310 1895 1483 1933 inclusus
1506 1896 1693 1934 succenfis
1715 1898 1822 1949 igni-

433 1961 505 2000 bus
528 1970 731 2006 torreatur,
750 1961 948 1999 dicturum
969 1949 1114 2006 tamen,
1133 1962 1243 1999 suave
1264 1961 1364 1999 illud
1386 1961 1472 2005 effe,
1491 1961 1644 2013 seseque
1666 1976 1713 2000 ne
1734 1972 1823 2000 tan-

432 2027 563 2065 tulum
584 2027 747 2079 quidem
768 2029 1032 2066 commoveri:
1058 2036 1206 2065 tantam
1227 2027 1384 2065 virtutis
1401 2027 1473 2065 effe
1493 2027 1574 2065 vim
1595 2028 1820 2074 voluerunt,

432 2102 475 2131 ut
497 2106 574 2130 non
598 2092 718 2144 poffet
739 2107 915 2145 unquam
936 2093 1007 2131 effe
1028 2094 1086 2131 vir
1106 2094 1233 2132 bonus
1254 2107 1333 2131 non
1356 2094 1504 2131 beatus.
1550 2095 1649 2146 Qae
1670 2093 1723 2131 est
1744 2095 1822 2147 igi-

433 2169 495 2197 tur
516 2172 631 2211 poena
649 2160 661 2196 ?
693 2160 801 2211 quod
821 2159 1061 2212 supplicium
1080 2161 1093 2197 ?
1127 2161 1171 2199 Id
1188 2190 1197 2205 ,
1230 2174 1316 2198 mea
1342 2159 1531 2198 sententia
1545 2189 1556 2205 ,
1588 2159 1695 2212 quod
1716 2161 1822 2198 acci-

431 2225 520 2263 dere
550 2225 699 2262 nemini
722 2225 844 2277 potest
859 2255 869 2271 ,
902 2226 971 2264 nisi
994 2227 1152 2264 nocenti
1172 2242 1180 2264 ε
1214 2226 1389 2278 suscepta
1408 2225 1512 2264 fraus
1531 2255 1541 2271 ‚
1574 2226 1764 2278 impedita
1784 2235 1824 2264 et

431 2292 604 2344 oppreffa
620 2305 730 2330 mens
751 2293 1003 2338 conscientia,
1027 2294 1221 2331 bonorum
1243 2294 1426 2331 omnium
1447 2293 1599 2339 odium,
1622 2293 1823 2346 notajusti

423 2358 597 2402 senatus,
629 2358 777 2396 amiffio
798 2358 1015 2411 dignitatis.

486 2425 601 2462 XIX.
635 2425 723 2463 Nec
754 2423 856 2463 mihi
887 2424 956 2463 ille
990 2424 1054 2463 M.
1078 2424 1283 2478 Regulu5‚
1315 2438 1435 2478 quem
1468 2424 1792 2478 Carthaginenses
1805 2452 1826 2469 ‚-
