2076 2860
719 154 859 194 PRO
921 152 966 190 P.
1029 148 1324 188 SEXTIO.
1677 158 1723 196 51

323 261 489 302 Aliusne
521 258 575 297 est
606 255 750 308 aliquis
785 251 979 306 improbis
1013 249 1169 288 civibus
1201 245 1412 301 peculiaris
1444 244 1632 299 populus,
1664 242 1731 281 cui

324 343 395 368 nos
415 324 552 375 offensi
573 322 766 374 invisique
788 318 982 357 fuerimus
1003 317 1015 353 ?

379 395 493 434 LIX.
527 389 730 444 Equidem
751 386 934 426 existimo
949 415 959 431 ,
993 383 1154 422 nullum
1177 392 1334 434 tempus
1356 379 1429 419 effe
1450 376 1732 431 frequentioris

324 460 479 517 populi,
497 471 617 512 quam
635 454 736 494 illud
753 452 1058 508 gladiatorium3
1078 463 1205 502 neque
1222 447 1427 487 concionis
1447 446 1582 490 ullius,
1606 456 1735 495 neque

324 542 416 569 vero
437 526 614 565 ullorum
635 522 911 561 comitiorum.
936 518 1036 556 Haec
1058 516 1182 568 igitur
1199 513 1502 553 innumerabilis
1520 511 1736 550 hominum

325 594 561 639 multitudo,
579 591 664 631 haec
681 588 822 644 populi
838 585 1014 626 Romani
1030 593 1138 623 tanta
1153 582 1388 636 significatio
1410 580 1489 619 fine
1509 579 1590 618 ulla
1610 577 1736 616 varie-

327 672 407 703 tate
428 660 611 705 univerfi,
644 671 737 696 cum
767 656 846 694 illis
869 653 959 707 ipsis
981 651 1120 690 diebus
1142 650 1190 688 de
1211 663 1274 687 me
1294 650 1427 686 acrum
1449 647 1498 685 iri
1520 653 1737 700 putaretur,

329 729 428 784 quid
448 726 661 767 declaravit
674 754 686 770 ,
719 723 789 762 nis1
811 721 1060 775 optimorum
1081 717 1233 755 civium
1254 714 1419 753 salutem
1440 722 1479 751 et
1500 712 1739 765 dignitatem

330 796 482 851 populo
504 795 688 833 Romano
709 803 839 828 caram
859 787 932 825 effe
954 783 1133 824 universo
1152 784 1165 820 ?

388 864 446 901 At
466 874 556 900 vero
578 868 616 898 et
637 858 705 896 ille
727 856 910 894 tribunus
932 851 1078 905 plebis,
1111 850 1179 902 qui
1209 848 1257 887 de
1278 862 1357 893 me,
1391 860 1471 886 non
1494 846 1631 899 patris,
1664 842 1739 887 avi,

334 929 483 985 proavi,
514 927 713 978 majorum
733 922 905 974 denique
928 919 1086 957 suorum
1114 917 1315 961 omnium,
1349 914 1414 953 sed
1444 912 1740 954 Graeculormn,

334 996 529 1039 instituto,
561 992 799 1031 concionem
829 987 1070 1038 interrogare
1091 984 1254 1029 solebat,
1287 982 1473 1020 Velletne
1503 994 1568 1018 me
1589 979 1742 1021 redi1·e;

332 1073 387 1110 et,
405 1076 500 1101 cum
515 1070 595 1099 erat
611 1059 871 1097 reclamatum
887 1053 1086 1093 semivivis
1108 1050 1443 1091 mercenariorum
1466 1047 1646 1091 vocibus,
1671 1058 1745 1098 po-

334 1131 478 1185 pulum
499 1129 730 1167 Romanum
753 1135 893 1176 negare
913 1120 1098 1160 dicebat:
1132 1120 1164 1157 is
1180 1149 1192 1164 ‚
1225 1131 1319 1156 cum
1348 1115 1528 1169 quotidie
1549 1113 1746 1167 gladiato-

336 1211 395 1237 res
418 1197 619 1250 spectaret,
651 1204 857 1245 nunquam
878 1188 932 1227 est
952 1186 1200 1240 conspectus,
1232 1198 1327 1223 cum
1351 1183 1504 1221 veniret
1524 1197 1532 1220 :
1566 1193 1745 1232 emerge-

338 1266 406 1303 bat
426 1263 572 1307 subito,
595 1274 688 1300 cum
710 1259 779 1298 sub
801 1256 953 1296 tabulas
975 1252 1232 1307 subrepserat,
1263 1262 1321 1297 ut,
1351 1251 1485 1289 Mater
1505 1257 1541 1287 te
1556 1247 1750 1301 appello—-

339 1331 513 1370 dicturus
534 1328 747 1367 videretur.
780 1326 919 1377 Itaque
941 1322 1010 1360 illa
1030 1321 1092 1359 via
1112 1319 1319 1363 latebrosa,
1342 1330 1421 1370 qua
1441 1317 1658 1369 spectatum
1681 1313 1750 1351 ille

340 1397 544 1442 veniebat,
578 1395 712 1448 Appia
726 1395 811 1447 jam
833 1391 1070 1430 vocabatur:
1104 1387 1174 1440 qui
1196 1395 1327 1425 tamen
1342 1414 1353 1430 ,
1386 1396 1550 1436 quoquo
1571 1391 1752 1434 tempore

340 1465 570 1518 conspectus
592 1471 687 1507 erat,
721 1474 801 1498 non
823 1457 944 1497 modo
965 1455 1216 1510 gladiatores,
1249 1452 1312 1491 sed
1334 1451 1426 1504 equi
1452 1450 1523 1503 ipfi
1554 1447 1749 1501 gladiato-

341 1547 446 1578 rum,
478 1530 694 1584 repentinis
717 1527 840 1566 fibilis
862 1523 1189 1564 extimescebam,

398 1597 604 1637 Videtisne
625 1596 762 1647 igitur,
781 1602 977 1645 quantum
998 1591 1102 1627 inter
1122 1587 1320 1640 populum
1341 1586 1574 1623 Romanum
1593 1591 1633 1620 et
1654 1594 1752 1619 con-

344 1664 503 1704 cionem
524 1662 707 1700 interfit?
740 1659 925 1697 dominos
958 1655 1202 1693 concionum
1234 1651 1347 1691 omni
1379 1649 1472 1689 odio
1504 1648 1646 1702 populi
1678 1661 1753 1686 no-

346 1732 446 1777 tari;
469 1729 616 1783 quibus
637 1736 770 1765 autem
792 1723 996 1764 confistere
1017 1722 1060 1759 in
1081 1732 1291 1774 operarum
1312 1716 1577 1756 concionibus
1600 1729 1680 1754 non
1702 1714 1754 1753 li-

346 1808 445 1844 ceat,
477 1809 542 1835 eos
563 1794 675 1833 omni
696 1792 837 1846 populi
859 1789 1034 1829 Romani
1057 1786 1345 1840 significatione
1366 1783 1541 1822 decorari
1560 1784 1573 1820 ?

401 1866 470 1903 Tu
501 1860 605 1900 mihi
637 1860 758 1898 etiam
791 1858 855 1896 M.
887 1855 1064 1895 Atilium
1097 1853 1303 1906 Regulum
1336 1862 1654 1894 commemoras,
1680 1847 1758 1900 vqui

346 1931 472 1972 redire
504 1928 586 1982 ipse
619 1926 906 1979 Carthaginem
938 1923 1003 1962 sua
1034 1921 1240 1960 voluntate
1268 1919 1316 1957 ad
1346 1917 1606 1971 supplicium,
1637 1928 1760 1968 quam

347 1998 427 2038 fine
446 1996 495 2035 iis
516 1994 683 2049 captivis
696 2023 708 2040 ,
737 2007 758 2032 a
778 1992 926 2046 quibus
947 1989 996 2028 ad
1016 1989 1194 2027 senatum
1215 1985 1351 2025 miffus
1372 1993 1453 2023 erat
1466 2013 1477 2029 ,
1509 1984 1650 2022 Romae
1672 1994 1760 2020 rna-

348 2078 455 2111 nere,
486 2062 704 2102 maluerit?
736 2070 775 2099 et
807 2058 912 2098 mihi
946 2069 1062 2110 negas
1092 2054 1315 2108 optandum
1346 2051 1519 2090 reditum
1549 2049 1663 2089 fuiffe
1692 2062 1762 2102 per

349 2130 521 2171 familias
542 2136 802 2181 comparatas,
833 2134 874 2164 et
893 2123 1078 2163 homines
1099 2130 1285 2160 armatos.

407 2198 500 2237 LX.
523 2196 621 2234 Vim
639 2194 789 2233 scilicet
805 2206 879 2245 ego
896 2189 1121 2234 defideravi,
1139 2188 1224 2241 qui,
1243 2187 1341 2224 dum
1362 2184 1419 2223 vis
1442 2182 1535 2228 fuit,
1555 2181 1658 2220 nihil
1681 2180 1760 2234 egi,

351 2274 391 2303 et
406 2277 542 2317 quem,
561 2263 587 2301 fi
608 2262 666 2300 vis
689 2274 769 2299 non
791 2258 937 2304 fuiffet,
956 2256 1066 2296 nulla
1085 2269 1144 2294 res
1166 2253 1398 2292 labefactare
1415 2249 1615 2304 potuiffet.
1636 2249 1761 2286 Hunc

354 2345 428 2385 ego
448 2331 621 2370 reditum
642 2328 904 2382 repudiarem,
927 2325 997 2379 qui
1019 2325 1074 2362 ita
1094 2323 1236 2361 florens
1258 2320 1352 2366 fuit,
1371 2328 1415 2357 ut
1435 2331 1580 2362 verear,
1604 2330 1652 2354 ne
1673 2316 1762 2368 quis

355 2411 420 2437 me
440 2395 568 2435 studio
588 2395 724 2448 gloriae
744 2388 858 2448 putet
878 2391 1030 2430 idcirco
1059 2388 1177 2428 exifi'e
1193 2418 1204 2433 ‚
1237 2396 1281 2426 ut
1310 2387 1365 2424 ita
1395 2383 1564 2422 redirem
1584 2384 1596 2420 ?
1631 2382 1764 2432 Qem

355 2464 466 2504 enim
504 2474 682 2515 unquam
721 2461 874 2500 senatus
913 2458 1044 2498 civem
1059 2485 1070 2504 ‚
1111 2455 1184 2495 nisi
1224 2467 1289 2493 me
1304 2482 1314 2499 ,
1357 2450 1586 2490 nationibus
1621 2447 1765 2486 exteris

1364 2520 1403 2556 G
1437 2532 1458 2557 ς’.
