2076 2860
652 129 1224 173 PHILIPPICA
1300 128 1415 168 XIV.
1648 130 1723 180 461

340 237 458 276 unius
481 236 576 274 civis
598 235 821 288 periculum
843 234 1036 287 populum
1059 233 1285 271 Romanum
1311 231 1358 269 ad
1378 231 1464 284 saga
1483 230 1577 278 iiffe,
1608 245 1730 285 prop-

341 312 401 341 ter
420 301 593 355 ejusdem
614 301 777 338 salutem
798 299 932 337 redisse
952 298 999 336 ad
1020 308 1143 351 togas.
1168 298 1320 336 Tollite
1336 297 1460 341 hanc;
1485 297 1635 335 nullam
1653 307 1733 336 tam

341 381 466 420 pravae
487 366 685 405 sententiae
706 365 859 403 causam
880 364 1094 417 reperietis.
1127 364 1209 401 Vos
1231 377 1334 408 vero,
1368 363 1412 401 P.
1438 364 1486 401 C.
1511 363 1734 402 conservate

341 434 611 472 auetoritatem
634 432 811 477 vestram,
843 440 997 469 manete
1028 431 1069 468 in
1103 430 1305 476 sententia,
1339 439 1466 468 tenete
1496 429 1618 468 vestra
1646 443 1731 468 me-

343 499 483 544 moria,
514 497 622 551 quod
643 497 738 550 saepe
759 496 991 542 ostendistis,
1023 495 1141 548 hujus
1171 496 1292 534 totius
1325 495 1421 533 belli
1451 496 1492 532 in
1522 495 1638 534 unius
1660 496 1734 534 viri

342 564 543 603 fortiffimi
563 573 602 602 et
623 563 788 601 maximi
810 563 889 600 vita
908 562 1078 615 politum
1098 561 1171 600 effe
1191 561 1416 600 discrimen.

390 632 445 670 II.
470 630 534 668 Ad
551 630 605 668 D.
620 631 788 668 Brutum
805 628 1053 667 liberandum
1070 628 1188 680 legati
1205 627 1320 672 miffi,
1335 627 1533 680 principes
1547 627 1733 672 civitatis,

343 698 413 750 qui
436 697 497 734 illi
517 695 618 734 hosti
639 709 681 734 ac
697 695 898 748 parricidae
915 694 1206 739 denuntiarent,
1224 703 1268 731 ut
1284 707 1304 731 a
1320 693 1483 731 Mutina
1498 693 1732 731 discederet:

343 762 517 816 ejusdem
538 763 592 801 D.
618 762 730 800 Bruti
759 760 1011 800 conservandi
1031 761 1167 812 gratia,
1190 758 1326 797 consul
1357 759 1496 796 sortitu
1516 759 1563 796 ad
1584 759 1736 797 bellum

345 828 543 882 profectus
574 829 626 866 A.
651 827 839 872 Hirtius;
872 828 984 879 cujus
1015 825 1333 864 imbecillitatem
1357 825 1592 863 valetudinis
1614 825 1737 863 animi

344 895 469 934 virtus
490 903 529 932 et
550 893 633 946 spes
654 893 823 932 vietoriae
844 892 1115 931 confirmavit:
1140 891 1278 936 Caesar,
1297 905 1405 936 cum,
1422 892 1596 930 exercitu
1613 905 1681 944 per
1702 891 1738 928 se

346 970 587 1014 comparato,
618 974 639 998 a
658 960 797 1013 primis
818 959 990 1012 pestibus
1013 958 1302 1012 rempublicam
1328 957 1536 1003 liberasset,
1568 971 1615 996 ne
1642 958 1739 1010 quid

345 1027 476 1081 postea
495 1027 648 1065 sceleris
668 1026 849 1071 oriretur,
882 1024 1079 1078 profthus
1100 1024 1154 1063 est
1182 1024 1228 1062 ad
1254 1024 1424 1063 eundem
1444 1025 1611 1062 Brutum
1633 1023 1736 1061 libe-

346 1092 526 1138 randum,
557 1092 733 1144 vicitque
762 1091 940 1129 dolorem
968 1091 1142 1142 aliquem
1167 1090 1426 1128 domesticum
1447 1091 1578 1143 patriae
1598 1091 1738 1127 carita-

347 1168 400 1199 te.
425 1159 536 1211 Qid
553 1160 602 1197 C.
620 1158 740 1196 Pansa
754 1158 836 1210 egit
851 1156 958 1195 aliud
975 1156 1190 1194 delectibus
1207 1155 1413 1201 habendis,
1431 1156 1609 1208 pecuniis
1627 1170 1739 1194 com-

349 1225 544 1278 parandis,
577 1224 727 1262 senatus
749 1223 938 1262 consultis
968 1222 1158 1261 faciendis
1185 1222 1415 1275 graviffimis
1437 1223 1476 1260 in
1500 1223 1740 1267 Antonium,

349 1291 464 1329 nobis
486 1289 753 1334 cohortandis,
785 1289 934 1343 populo
967 1290 1150 1326 Romano
1181 1289 1228 1326 ad
1259 1288 1413 1326 causam
1444 1289 1636 1326 libertatis
1668 1302 1739 1326 vo—

350 1357 489 1403 cando,
513 1356 582 1394 nisi
606 1366 648 1393 ut
670 1357 724 1394 D.
745 1357 890 1393 Brutus
911 1355 1171 1393 liberaretur?
1202 1368 1223 1391 a
1242 1368 1321 1407 quo
1343 1354 1514 1407 populus
1536 1355 1740 1392 Romanus

351 1423 534 1476 frequens
568 1423 621 1460 ita
651 1421 813 1459 salutem
844 1422 899 1459 D.
930 1421 1043 1458 Bruti
1073 1433 1150 1458 una
1180 1433 1275 1458 voce
1307 1420 1549 1473 depoposcit,
1582 1429 1626 1458 ut
1656 1433 1742 1457 eam

351 1504 430 1528 non
451 1490 579 1528 solum
599 1488 820 1526 commodis
847 1487 938 1532 suis,
971 1488 1034 1525 sed
1065 1488 1184 1525 etiarn
1216 1487 1428 1525 neceffitati
1459 1487 1601 1531 vic‘tus,
1630 1496 1741 1524 ante-

349 1555 482 1594 ferret.
528 1554 648 1606 Qod
678 1554 824 1606 sperare
850 1567 918 1591 nos
941 1553 1102 1605 quidem
1124 1553 1328 1597 debemus,
1360 1553 1491 1590 Patres
1513 1551 1740 1604 conscripti,

351 1631 418 1659 aut
438 1621 539 1659 inibi
561 1619 646 1664 effe,
678 1629 745 1657 aut
768 1621 852 1671 jam
885 1619 957 1656 effe
989 1618 1243 1656 confectum:
1277 1617 1340 1655 sed
1371 1617 1451 1671 spei
1482 1617 1657 1655 fructum
1688 1619 1744 1655 rei

353 1688 538 1726 convenit
572 1696 610 1724 et
645 1686 802 1724 eventui
837 1685 1031 1731 reservari,
1064 1699 1111 1723 ne
1142 1694 1208 1723 aut
1244 1685 1422 1723 Deorum
1455 1683 1743 1722 immortalium

354 1753 593 1791 beneficium
620 1750 866 1789 festinatione
895 1750 1144 1804 praeripuiffe,
1176 1759 1243 1787 aut
1272 1750 1354 1787 vim
1383 1748 1552 1787 fortunae
1580 1749 1745 1786 stultitia

354 1817 637 1871 contempsisse,
669 1817 884 1855 videamur.
929 1817 1016 1861 Sed,
1049 1817 1236 1868 quoniam
1258 1815 1490 1867 significatio
1510 1814 1629 1853 vestra
1656 1815 1743 1852 satis

354 1885 536 1929 declarat,
569 1883 665 1936 quid
686 1882 758 1921 hac
780 1883 827 1921 de
848 1896 887 1921 re
907 1882 1106 1927 sentiatis,
1138 1882 1185 1919 ad
1207 1881 1335 1919 literas
1356 1881 1526 1925 veniam,
1549 1894 1634 1933 qua:
1656 1881 1745 1918 sunt

355 1966 376 1990 a
395 1950 623 1990 consulibus
643 1958 682 1988 et
702 1964 723 1988 a
743 1958 978 2003 propraetore
999 1948 1132 1993 miffae,
1159 1948 1184 1986 fi
1206 1961 1328 2000 pauca
1348 1956 1451 1992 ante,
1474 1960 1558 1999 quae
1579 1946 1626 1984 ad
1648 1947 1745 1999 ipsas

354 2017 483 2055 literas
505 2017 739 2069 pertineant,
771 2015 919 2054 dixero.

403 2084 479 2121 III.
501 2083 652 2121 Imbuti
670 2082 855 2133 sanguine
871 2080 1005 2133 gladii,
1023 2081 1154 2118 Patres
1169 2080 1396 2134 conscripti,
1412 2080 1616 2132 legionum
1633 2093 1745 2118 exer-

356 2149 590 2201 cituumque
611 2147 845 2192 nostrorum,
868 2148 928 2185 vel
950 2146 1154 2184 madefacti
1176 2148 1323 2200 potius,
1346 2146 1500 2185 duobus
1521 2146 1744 2190 consulum,

358 2214 475 2252 tertio
498 2213 655 2251 Caesaris
678 2213 833 2265 proelio.
867 2213 906 2250 Si
926 2212 1098 2250 hostium
1120 2212 1197 2250 fuit
1219 2213 1286 2251 ille
1308 2213 1476 2264 sanguis,
1495 2212 1645 2250 summa
1666 2211 1744 2248 mi-

360 2280 477 2317 litum
499 2279 649 2330 pietas;
683 2277 877 2316 nefarium
899 2278 1036 2323 scelus,
1069 2278 1095 2316 fi
1115 2278 1279 2317 civium.
1317 2277 1534 2330 Qousque
1555 2277 1677 2328 igitur
1698 2277 1744 2320 is,

359 2346 429 2399 qui
450 2357 585 2382 omncs
607 2343 732 2381 hostes
754 2343 893 2382 scelere
915 2344 1121 2396 superavit,
1144 2345 1305 2382 nomine
1326 2343 1445 2382 hostis
1467 2343 1613 2380 carebit
1632 2343 1644 2379 ?
1677 2342 1746 2379 nisi

362 2423 568 2450 mucrones
590 2410 706 2448 etiam
730 2410 949 2448 nostrorum
971 2410 1149 2448 militum
1166 2419 1329 2449 tremere
1345 2408 1480 2453 vultis,
1499 2418 1536 2446 et
1553 2407 1745 2450 dubitare,
