2076 2860
405 216 479 270 136
878 210 1323 249 ORATIO

401 328 572 368 cumque
602 312 739 352 nostris
769 310 922 349 civibus
952 319 1081 364 pateat
1109 310 1183 349 iter
1209 310 1256 348 ad
1283 318 1438 349 caeteras
1465 310 1672 357 civitates;
1705 319 1792 351 tum

400 395 504 426 vero,
524 390 568 418 ut
584 392 748 433 quaeque
769 377 977 416 nobiscum
997 377 1171 416 maxime
1192 376 1388 422 societate,
1410 378 1599 423 amicitia,
1618 378 1792 431 sponfio-

400 461 462 492 ne,
480 447 672 500 pastione,
691 445 836 483 foedere
851 445 939 496 conj
947 446 1062 482 uneca
1076 443 1144 489 est,
1162 444 1216 482 ita
1232 443 1334 482 mihi
1349 444 1522 483 maxime
1537 445 1792 484 communio-

399 527 490 551 nem
511 512 809 556 beneficiorum,
841 511 1110 563 praemiorum,
1141 510 1327 556 civitatis,
1359 510 1562 549 continere
1580 510 1751 550 videtur.

454 578 582 632 Atqui
611 587 756 616 caeterae
786 576 963 615 civitates
994 590 1130 614 ornnes
1162 590 1241 615 non
1271 576 1499 615 dubitarent
1520 576 1668 615 nostros
1690 577 1793 616 reci-

397 658 487 698 pere
508 645 550 683 in
571 644 654 682 suas
676 644 852 681 civitates
867 672 879 688 ,
912 642 938 680 fi
959 642 1065 680 idem
1087 655 1156 680 nos
1172 642 1273 694 juris
1295 641 1529 681 haberemus
1544 673 1556 689 ‚
1588 642 1696 697 quod
1716 657 1793 683 cae-

400 712 485 751 teri.
534 711 606 749 Sed
628 724 698 749 nos
720 724 799 748 non
820 710 1021 763 poffumus
1042 718 1082 747 et
1100 707 1221 761 hujus
1242 708 1314 747 effe
1335 709 1505 748 civitatis
1521 739 1532 755 ,
1564 719 1602 748 et
1623 709 1795 762 cujusvis

399 788 605 831 praeterea:
639 777 786 815 caeteris
808 775 1032 814 concessum
1052 775 1119 813 est.
1152 775 1291 828 Itaque
1320 774 1362 813 in
1393 775 1544 813 Graecis
1564 775 1794 814 civitatibus

398 845 578 883 videmus
594 873 604 889 ,
642 843 812 881 Athenis
846 840 1027 880 Rhodios
1043 870 1054 887 ‚
1092 840 1412 879 Lacedaemonios
1428 870 1439 885 ‚
1480 849 1638 879 caeteros
1674 840 1794 880 undi-

399 925 475 964 que
507 910 698 955 adscribi,
730 908 1026 960 multarumque
1057 906 1131 945 effe
1161 905 1316 944 eosdem
1350 905 1532 944 homines
1568 907 1792 946 civitatum.

401 979 495 1029 Qo
529 989 656 1014 errore
690 973 826 1013 ductos
861 973 943 1011 vidi
978 981 1136 1025 egomet
1171 971 1384 1010 nonnullos
1420 972 1626 1024 imperitos
1658 971 1794 1011 homi-

402 1057 467 1081 nes
484 1073 494 1088 ‚
527 1041 675 1080 nostros
705 1042 808 1079 cives
825 1069 836 1085 ,
868 1038 1038 1078 Athenis
1069 1039 1110 1076 in
1141 1037 1508 1089 numerojudicum
1529 1046 1645 1090 atque
1667 1039 1794 1076 Areo-

400 1110 638 1163 pagitarum,
670 1117 773 1146 certa
795 1106 915 1151 tribu,
948 1114 1055 1144 certo
1083 1118 1276 1149 numer0;
1309 1117 1402 1142 cum
1424 1105 1662 1156 ignorarent,
1694 1104 1721 1143 fi
1742 1105 1795 1142 il-

400 1175 479 1212 lam
501 1174 702 1212 civitatem
722 1173 841 1211 effent
861 1171 1006 1223 adepti,
1038 1169 1140 1208 hanc
1161 1169 1197 1207 se
1217 1169 1436 1222 perdidiffe,
1460 1169 1530 1207 nifi
1551 1169 1797 1222 postIIminio

401 1240 697 1293 recuperaffent.
742 1238 894 1276 Peritus
928 1250 1018 1274 vero
1044 1235 1169 1275 nostri
1196 1235 1297 1286 juris
1330 1248 1374 1272 ae
1406 1235 1527 1272 moris
1563 1248 1681 1272 nemo
1716 1248 1793 1273 un-

401 1321 520 1360 quam
535 1337 546 1352 ,
578 1306 647 1359 qui
676 1304 777 1343 hanc
807 1304 1008 1342 civitatem
1030 1301 1195 1339 retinere
1216 1301 1333 1339 vellet
1347 1330 1358 1346 ,
1391 1301 1432 1338 in
1453 1300 1570 1339 aliam
1591 1300 1795 1340 civitatem

401 1374 437 1411 se
458 1373 616 1411 dicavit.

456 1441 574 1478 XIII.
600 1438 673 1478 Sed
693 1438 759 1477 hic
782 1447 888 1477 totus
910 1437 1020 1475 locus
1043 1435 1317 1489 disputationis
1339 1444 1456 1488 atque
1477 1434 1664 1473 orationis
1681 1448 1793 1481 meae,

400 1506 575 1557 Judioes,
594 1506 764 1558 pertinet
780 1505 826 1543 ad
842 1504 1131 1555 communejus
1150 1501 1428 1540 mutandarum
1444 1501 1672 1546 civitatum;
1691 1499 1795 1539 nihil

400 1573 532 1618 habet,
551 1573 657 1626 quod
675 1573 719 1610 fit
735 1572 941 1625 proprium
958 1569 1160 1622 religioniS
1182 1583 1225 1607 ac
1246 1568 1456 1607 foederum.
1482 1566 1666 1605 Defendo
1686 1567 1796 1605 enim

400 1654 482 1678 rem
505 1638 737 1682 universam,
762 1638 913 1675 nullam
935 1635 1006 1674 effe
1026 1644 1187 1688 gentem
1207 1648 1254 1672 ex
1276 1634 1387 1672 omni
1409 1634 1568 1686 regione
1590 1642 1795 1678 terrarum,

401 1720 526 1758 neque
549 1715 629 1743 tam
654 1704 900 1742 diffidentem
930 1716 950 1739 a
979 1701 1128 1754 populo
1159 1702 1342 1738 Romano
1373 1699 1464 1738 odio
1485 1698 1658 1752 quodam
1677 1707 1796 1752 atque

399 1772 552 1809 diffidio
568 1800 577 1815 ‚
611 1783 736 1822 neque
760 1778 839 1805 tam
861 1767 936 1804 fide
957 1766 1308 1817 benevolentiaque
1329 1767 1582 1818 conjundtam
1597 1794 1609 1810 ,
1641 1779 1688 1803 ex
1719 1777 1797 1817 qua

401 1838 513 1875 nobis
536 1836 791 1874 intel-dietum
813 1834 871 1877 fit,
891 1842 933 1871 ut
951 1846 998 1869 ne
1015 1846 1135 1884 quem
1157 1831 1364 1868 adsciscere
1385 1832 1527 1875 civem,
1551 1840 1616 1869 aut
1637 1830 1797 1869 civitate

400 1905 556 1947 donare,
589 1901 789 1954 poffimus.
825 1901 860 1937 O
878 1900 967 1951 jura
987 1898 1181 1950 praeclara,
1214 1906 1330 1949 atque
1351 1896 1541 1933 divinitus
1557 1897 1642 1947 jam
1662 1896 1755 1933 inde
1775 1909 1797 1933 a

400 1969 597 2023 princ-ipio
629 1967 799 2005 Romani
832 1965 1004 2003 nominis
1026 1978 1046 2001 a
1067 1962 1281 2015 majoribus
1304 1962 1442 2000 nostris
1464 1970 1687 2014 comparata
1706 1962 1713 1999 !
1747 1975 1796 2000 ne

400 2038 488 2090 quis
508 2036 680 2073 nostrum
697 2033 785 2086 plus
804 2046 921 2085 quam
940 2032 1054 2069 unius
1073 2030 1242 2068 civitatis
1260 2029 1331 2067 effe
1348 2028 1481 2081 poffit;
1501 2028 1795 2081 (dissimilitudo

399 2104 506 2141 enim
528 2102 733 2139 civitatum
757 2099 979 2136 varietatem
996 2097 1097 2150 juris
1118 2095 1258 2134 habeat
1280 2095 1425 2133 necesse
1445 2094 1524 2145 est)
1550 2109 1597 2132 ne
1618 2096 1706 2147 quis
1729 2095 1793 2133 in-

400 2171 503 2207 vitus
526 2168 682 2205 civitate
705 2174 907 2208 mutetur;
943 2177 1036 2201 neve
1067 2163 1106 2200 in
1133 2163 1290 2200 civitate
1313 2170 1465 2199 maneat
1487 2161 1650 2199 invitus.
1695 2161 1795 2200 Haec

401 2236 438 2273 su
448 2245 489 2272 nt
510 2234 617 2271 cuim
639 2231 895 2269 fundamenta
911 2228 1126 2267 firmiffima
1142 2228 1277 2266 nostrae
1293 2228 1501 2272 libertatis,
1520 2226 1576 2264 sui
1595 2239 1795 2280 quemque

395 2302 495 2355 juris
517 2310 554 2338 et
577 2297 784 2342 retinendi,
807 2306 845 2334 et
866 2295 1109 2340 dimittendi,
1132 2294 1203 2332 effe
1224 2295 1448 2332 dominum.
1478 2293 1584 2331 Illud
1606 2308 1696 2332 vero
1717 2294 1795 2332 fine

402 2368 481 2406 ulla
502 2365 746 2404 dubitatione
767 2363 939 2401 maxime
961 2362 1136 2399 nostrum
1152 2359 1333 2398 fundavit
1354 2360 1582 2413 imperium,
1601 2369 1638 2398 et
1654 2359 1794 2413 populi

402 2433 572 2473 Romani
595 2444 738 2469 nomen
760 2430 883 2474 auxit,
914 2427 1021 2481 quod
1041 2428 1223 2480 princeps
1246 2426 1327 2472 ille,
1360 2435 1508 2464 creator
1529 2425 1646 2478 hujus
1669 2424 1794 2468 urbis,

401 2499 624 2543 Romqus,
657 2496 801 2536 foedere
834 2495 977 2533 Sabino
1009 2493 1168 2539 docuit,
1201 2493 1319 2532 etiarn
1351 2491 1528 2530 hostibus
1560 2488 1794 2543 recipiendis
