<?xml version="1.0" encoding="UTF-8"?>
<!DOCTYPE html PUBLIC "-//W3C//DTD XHTML 1.0 Transitional//EN"
    "http://www.w3.org/TR/xhtml1/DTD/xhtml1-transitional.dtd">
<html xmlns="http://www.w3.org/1999/xhtml" xml:lang="en" lang="en">
 <head>
  <title>
</title>
<meta http-equiv="Content-Type" content="text/html;charset=utf-8" />
  <meta name='ocr-system' content='tesseract 3.04.00' />
  <meta name='ocr-capabilities' content='ocr_page ocr_carea ocr_par ocr_line ocrx_word'/>
</head>
<body>
  <div class='ocr_page' id='page_1' title='image "./operacumindicibu06ciceuoft_0472.png"; bbox 0 0 2076 2860; ppageno 0'>
   <div class='ocr_carea' id='block_1_1' title="bbox 466 147 1503 204">
    <p class='ocr_par' dir='ltr' id='par_1_1' title="bbox 466 147 1503 204">
     <span class='ocr_line' id='line_1_1' title="bbox 466 147 1503 204; baseline -0.003 -11"><span class='ocrx_word' id='word_1_1' title='bbox 466 155 544 204; x_wconf 69' lang='lat'>462</span> <span class='ocrx_word' id='word_1_2' title='bbox 815 151 892 191; x_wconf 80' lang='lat' dir='ltr'>IN</span> <span class='ocrx_word' id='word_1_3' title='bbox 951 150 1016 189; x_wconf 81' lang='lat' dir='ltr'>M.</span> <span class='ocrx_word' id='word_1_4' title='bbox 1076 147 1503 190; x_wconf 83' lang='lat' dir='ltr'>ANTONIUM</span> 
     </span>
    </p>
   </div>
   <div class='ocr_carea' id='block_1_2' title="bbox 444 251 1856 2493">
    <p class='ocr_par' dir='ltr' id='par_1_2' title="bbox 457 251 1856 837">
     <span class='ocr_line' id='line_1_2' title="bbox 465 251 1853 306; baseline 0.001 -13"><span class='ocrx_word' id='word_1_5' title='bbox 465 265 599 297; x_wconf 88' lang='lat' dir='ltr'>utrum</span> <span class='ocrx_word' id='word_1_6' title='bbox 620 255 661 292; x_wconf 88' lang='lat' dir='ltr'>in</span> <span class='ocrx_word' id='word_1_7' title='bbox 683 253 767 292; x_wconf 84' lang='lat' dir='ltr'>cive</span> <span class='ocrx_word' id='word_1_8' title='bbox 786 266 834 291; x_wconf 89' lang='lat' dir='ltr'>an</span> <span class='ocrx_word' id='word_1_9' title='bbox 861 253 903 291; x_wconf 87' lang='lat' dir='ltr'>in</span> <span class='ocrx_word' id='word_1_10' title='bbox 933 251 1042 291; x_wconf 89' lang='lat' dir='ltr'>hoste</span> <span class='ocrx_word' id='word_1_11' title='bbox 1071 253 1256 305; x_wconf 83' lang='lat' dir='ltr'>figantur.</span> <span class='ocrx_word' id='word_1_12' title='bbox 1302 252 1642 306; x_wconf 87' lang='lat' dir='ltr'>Supplicationem</span> <span class='ocrx_word' id='word_1_13' title='bbox 1672 252 1853 294; x_wconf 62' lang='lat' dir='ltr'>decerni-</span> 
     </span>
     <span class='ocr_line' id='line_1_3' title="bbox 464 319 1854 372; baseline -0.001 -11"><span class='ocrx_word' id='word_1_14' title='bbox 464 323 543 367; x_wconf 87' lang='lat' dir='ltr'>tis;</span> <span class='ocrx_word' id='word_1_15' title='bbox 575 321 726 360; x_wconf 88' lang='lat' dir='ltr'>hostem</span> <span class='ocrx_word' id='word_1_16' title='bbox 755 333 833 358; x_wconf 90' lang='lat' dir='ltr'>non</span> <span class='ocrx_word' id='word_1_17' title='bbox 860 319 1081 372; x_wconf 84' lang='lat' dir='ltr'>appellatis.</span> <span class='ocrx_word' id='word_1_18' title='bbox 1119 321 1250 358; x_wconf 80' lang='lat' dir='ltr'>Gratae</span> <span class='ocrx_word' id='word_1_19' title='bbox 1277 333 1368 358; x_wconf 90' lang='lat' dir='ltr'>vero</span> <span class='ocrx_word' id='word_1_20' title='bbox 1398 319 1534 359; x_wconf 85' lang='lat' dir='ltr'>nostrae</span> <span class='ocrx_word' id='word_1_21' title='bbox 1564 320 1654 359; x_wconf 88' lang='lat' dir='ltr'>Diis</span> <span class='ocrx_word' id='word_1_22' title='bbox 1684 319 1854 360; x_wconf 84' lang='lat' dir='ltr'>immor-</span> 
     </span>
     <span class='ocr_line' id='line_1_4' title="bbox 462 386 1856 440; baseline 0.002 -15"><span class='ocrx_word' id='word_1_23' title='bbox 462 389 607 426; x_wconf 85' lang='lat' dir='ltr'>talibus</span> <span class='ocrx_word' id='word_1_24' title='bbox 629 387 908 440; x_wconf 77' lang='lat' dir='ltr'>gratulationes</span> <span class='ocrx_word' id='word_1_25' title='bbox 935 396 1064 431; x_wconf 90' lang='lat' dir='ltr'>erunt,</span> <span class='ocrx_word' id='word_1_26' title='bbox 1096 396 1213 438; x_wconf 82' lang='lat' dir='ltr'>gratae</span> <span class='ocrx_word' id='word_1_27' title='bbox 1239 386 1422 431; x_wconf 56' lang='lat' dir='ltr'>victimae,</span> <span class='ocrx_word' id='word_1_28' title='bbox 1454 401 1546 425; x_wconf 90' lang='lat' dir='ltr'>cum</span> <span class='ocrx_word' id='word_1_29' title='bbox 1575 386 1780 428; x_wconf 68' lang='lat' dir='ltr'>interfecta</span> <span class='ocrx_word' id='word_1_30' title='bbox 1807 387 1856 428; x_wconf 88' lang='lat' dir='ltr'>fit</span> 
     </span>
     <span class='ocr_line' id='line_1_5' title="bbox 461 452 1854 506; baseline 0.001 -14"><span class='ocrx_word' id='word_1_31' title='bbox 461 455 610 492; x_wconf 89' lang='lat' dir='ltr'>civium</span> <span class='ocrx_word' id='word_1_32' title='bbox 632 453 865 491; x_wconf 87' lang='lat' dir='ltr'>multitudo.</span> <span class='ocrx_word' id='word_1_33' title='bbox 903 453 968 492; x_wconf 85' lang='lat' dir='ltr'>De</span> <span class='ocrx_word' id='word_1_34' title='bbox 986 452 1165 506; x_wconf 79' lang='lat' dir='ltr'><em>improbis,</em></span> <span class='ocrx_word' id='word_1_35' title='bbox 1197 452 1344 505; x_wconf 88' lang='lat' dir='ltr'>inquit,</span> <span class='ocrx_word' id='word_1_36' title='bbox 1376 460 1411 490; x_wconf 86' lang='lat' dir='ltr'>et</span> <span class='ocrx_word' id='word_1_37' title='bbox 1429 452 1635 493; x_wconf 79' lang='lat' dir='ltr'>audacibus.</span> <span class='ocrx_word' id='word_1_38' title='bbox 1674 454 1783 493; x_wconf 88' lang='lat' dir='ltr'>Nam</span> <span class='ocrx_word' id='word_1_39' title='bbox 1803 454 1854 493; x_wconf 85' lang='lat' dir='ltr'>fic</span> 
     </span>
     <span class='ocr_line' id='line_1_6' title="bbox 460 517 1855 572; baseline 0.001 -15"><span class='ocrx_word' id='word_1_40' title='bbox 460 533 524 558; x_wconf 81' lang='lat' dir='ltr'>eos</span> <span class='ocrx_word' id='word_1_41' title='bbox 555 520 725 572; x_wconf 84' lang='lat' dir='ltr'>appellat</span> <span class='ocrx_word' id='word_1_42' title='bbox 754 519 985 557; x_wconf 83' lang='lat' dir='ltr'>clariffimus</span> <span class='ocrx_word' id='word_1_43' title='bbox 1015 519 1101 557; x_wconf 87' lang='lat' dir='ltr'>vir:</span> <span class='ocrx_word' id='word_1_44' title='bbox 1134 532 1221 570; x_wconf 88' lang='lat' dir='ltr'>quae</span> <span class='ocrx_word' id='word_1_45' title='bbox 1255 517 1345 556; x_wconf 90' lang='lat' dir='ltr'>sunt</span> <span class='ocrx_word' id='word_1_46' title='bbox 1375 518 1614 558; x_wconf 89' lang='lat' dir='ltr'>urbanarum</span> <span class='ocrx_word' id='word_1_47' title='bbox 1647 519 1855 559; x_wconf 70' lang='lat' dir='ltr'>maleditsta</span> 
     </span>
     <span class='ocr_line' id='line_1_7' title="bbox 459 583 1851 631; baseline 0.001 -8"><span class='ocrx_word' id='word_1_48' title='bbox 459 585 609 630; x_wconf 89' lang='lat' dir='ltr'>litium,</span> <span class='ocrx_word' id='word_1_49' title='bbox 642 598 720 622; x_wconf 90' lang='lat' dir='ltr'>non</span> <span class='ocrx_word' id='word_1_50' title='bbox 741 584 876 622; x_wconf 86' lang='lat' dir='ltr'>inustae</span> <span class='ocrx_word' id='word_1_51' title='bbox 898 584 993 622; x_wconf 91' lang='lat' dir='ltr'>belli</span> <span class='ocrx_word' id='word_1_52' title='bbox 1013 583 1250 622; x_wconf 82' lang='lat' dir='ltr'>internecini</span> <span class='ocrx_word' id='word_1_53' title='bbox 1270 592 1387 622; x_wconf 89' lang='lat' dir='ltr'>notae.</span> <span class='ocrx_word' id='word_1_54' title='bbox 1421 584 1686 630; x_wconf 86' lang='lat' dir='ltr'>Testamenta,</span> <span class='ocrx_word' id='word_1_55' title='bbox 1718 585 1851 631; x_wconf 88' lang='lat' dir='ltr'>credo,</span> 
     </span>
     <span class='ocr_line' id='line_1_8' title="bbox 458 649 1851 703; baseline 0 -14"><span class='ocrx_word' id='word_1_56' title='bbox 458 650 674 703; x_wconf 87' lang='lat' dir='ltr'>subjiciunt</span> <span class='ocrx_word' id='word_1_57' title='bbox 683 670 695 696; x_wconf 69' lang='grc' dir='ltr'><strong><em>ς</em></strong></span> <span class='ocrx_word' id='word_1_58' title='bbox 718 659 785 688; x_wconf 89' lang='lat' dir='ltr'>aut</span> <span class='ocrx_word' id='word_1_59' title='bbox 804 650 970 702; x_wconf 87' lang='lat' dir='ltr'>ejiciunt</span> <span class='ocrx_word' id='word_1_60' title='bbox 991 650 1163 695; x_wconf 90' lang='lat' dir='ltr'>vicinos;</span> <span class='ocrx_word' id='word_1_61' title='bbox 1186 657 1253 688; x_wconf 84' lang='lat' dir='ltr'>aut</span> <span class='ocrx_word' id='word_1_62' title='bbox 1268 649 1577 689; x_wconf 84' lang='lat' dir='ltr'>adolescentulos</span> <span class='ocrx_word' id='word_1_63' title='bbox 1598 650 1851 691; x_wconf 85' lang='lat' dir='ltr'>circumscri-</span> 
     </span>
     <span class='ocr_line' id='line_1_9' title="bbox 458 715 1852 771; baseline 0 -16"><span class='ocrx_word' id='word_1_64' title='bbox 458 717 586 756; x_wconf 87' lang='lat' dir='ltr'>bunt:</span> <span class='ocrx_word' id='word_1_65' title='bbox 618 717 680 755; x_wconf 92' lang='lat' dir='ltr'>his</span> <span class='ocrx_word' id='word_1_66' title='bbox 701 717 809 756; x_wconf 89' lang='lat' dir='ltr'>enim</span> <span class='ocrx_word' id='word_1_67' title='bbox 829 717 936 755; x_wconf 86' lang='lat' dir='ltr'>vitiis</span> <span class='ocrx_word' id='word_1_68' title='bbox 957 716 1129 762; x_wconf 60' lang='lat' dir='ltr'>affectos,</span> <span class='ocrx_word' id='word_1_69' title='bbox 1151 725 1190 755; x_wconf 92' lang='lat' dir='ltr'>et</span> <span class='ocrx_word' id='word_1_70' title='bbox 1211 715 1371 762; x_wconf 87' lang='lat' dir='ltr'>talibus,</span> <span class='ocrx_word' id='word_1_71' title='bbox 1394 716 1518 754; x_wconf 89' lang='lat' dir='ltr'>malos</span> <span class='ocrx_word' id='word_1_72' title='bbox 1539 719 1579 755; x_wconf 83' lang='lat' dir='ltr'>et</span> <span class='ocrx_word' id='word_1_73' title='bbox 1598 716 1759 756; x_wconf 89' lang='lat' dir='ltr'>audaces</span> <span class='ocrx_word' id='word_1_74' title='bbox 1780 730 1852 771; x_wconf 89' lang='lat' dir='ltr'>ap-</span> 
     </span>
     <span class='ocr_line' id='line_1_10' title="bbox 457 782 996 837; baseline 0 -15"><span class='ocrx_word' id='word_1_75' title='bbox 457 784 603 837; x_wconf 88' lang='lat' dir='ltr'>pellare</span> <span class='ocrx_word' id='word_1_76' title='bbox 623 782 865 822; x_wconf 86' lang='lat' dir='ltr'>consuetudo</span> <span class='ocrx_word' id='word_1_77' title='bbox 885 782 996 822; x_wconf 88' lang='lat' dir='ltr'>solet.</span> 
     </span>
    </p>

    <p class='ocr_par' dir='ltr' id='par_1_3' title="bbox 447 848 1853 2026">
     <span class='ocr_line' id='line_1_11' title="bbox 514 848 1853 902; baseline 0.001 -14"><span class='ocrx_word' id='word_1_78' title='bbox 514 850 674 888; x_wconf 90' lang='lat' dir='ltr'>Bellum</span> <span class='ocrx_word' id='word_1_79' title='bbox 694 848 933 902; x_wconf 83' lang='lat' dir='ltr'>inexpiabile</span> <span class='ocrx_word' id='word_1_80' title='bbox 953 848 1074 887; x_wconf 90' lang='lat' dir='ltr'>infert</span> <span class='ocrx_word' id='word_1_81' title='bbox 1094 857 1263 902; x_wconf 88' lang='lat' dir='ltr'>quatuor</span> <span class='ocrx_word' id='word_1_82' title='bbox 1282 848 1511 888; x_wconf 86' lang='lat' dir='ltr'>consulibus</span> <span class='ocrx_word' id='word_1_83' title='bbox 1539 861 1641 887; x_wconf 90' lang='lat' dir='ltr'>unus</span> <span class='ocrx_word' id='word_1_84' title='bbox 1668 849 1853 889; x_wconf 90' lang='lat' dir='ltr'>omnium</span> 
     </span>
     <span class='ocr_line' id='line_1_12' title="bbox 457 914 1851 968; baseline -0.001 -14"><span class='ocrx_word' id='word_1_85' title='bbox 457 915 658 954; x_wconf 88' lang='lat' dir='ltr'>latronum</span> <span class='ocrx_word' id='word_1_86' title='bbox 678 915 902 954; x_wconf 87' lang='lat' dir='ltr'>teterrimus</span> <span class='ocrx_word' id='word_1_87' title='bbox 920 930 930 954; x_wconf 93' lang='lat'><strong>:</strong></span> <span class='ocrx_word' id='word_1_88' title='bbox 962 916 1065 968; x_wconf 88' lang='lat' dir='ltr'>gerit</span> <span class='ocrx_word' id='word_1_89' title='bbox 1085 914 1192 953; x_wconf 90' lang='lat' dir='ltr'>idem</span> <span class='ocrx_word' id='word_1_90' title='bbox 1213 914 1365 953; x_wconf 89' lang='lat' dir='ltr'>bellum</span> <span class='ocrx_word' id='word_1_91' title='bbox 1385 929 1479 953; x_wconf 90' lang='lat' dir='ltr'>curn</span> <span class='ocrx_word' id='word_1_92' title='bbox 1499 914 1647 960; x_wconf 87' lang='lat' dir='ltr'>senatu,</span> <span class='ocrx_word' id='word_1_93' title='bbox 1675 914 1851 968; x_wconf 91' lang='lat' dir='ltr'>populo-</span> 
     </span>
     <span class='ocr_line' id='line_1_13' title="bbox 456 979 1848 1035; baseline -0.001 -15"><span class='ocrx_word' id='word_1_94' title='bbox 456 995 535 1034; x_wconf 91' lang='lat' dir='ltr'>que</span> <span class='ocrx_word' id='word_1_95' title='bbox 570 982 752 1020; x_wconf 86' lang='lat' dir='ltr'>Romano</span> <span class='ocrx_word' id='word_1_96' title='bbox 770 996 779 1020; x_wconf 90' lang='lat'><strong>:</strong></span> <span class='ocrx_word' id='word_1_97' title='bbox 812 980 999 1020; x_wconf 87' lang='lat' dir='ltr'>omnibus</span> <span class='ocrx_word' id='word_1_98' title='bbox 1035 983 1282 1035; x_wconf 86' lang='lat' dir='ltr'>(quanquam</span> <span class='ocrx_word' id='word_1_99' title='bbox 1316 981 1396 1019; x_wconf 90' lang='lat' dir='ltr'>ruit</span> <span class='ocrx_word' id='word_1_100' title='bbox 1424 981 1517 1034; x_wconf 89' lang='lat' dir='ltr'>ipse</span> <span class='ocrx_word' id='word_1_101' title='bbox 1539 980 1616 1019; x_wconf 86' lang='lat' dir='ltr'>suis</span> <span class='ocrx_word' id='word_1_102' title='bbox 1649 979 1848 1031; x_wconf 88' lang='lat' dir='ltr'>cladibus)</span> 
     </span>
     <span class='ocr_line' id='line_1_14' title="bbox 455 1047 1851 1101; baseline -0.001 -15"><span class='ocrx_word' id='word_1_103' title='bbox 455 1048 617 1101; x_wconf 87' lang='lat' dir='ltr'>pestem,</span> <span class='ocrx_word' id='word_1_104' title='bbox 639 1048 870 1095; x_wconf 86' lang='lat' dir='ltr'>vastitatem,</span> <span class='ocrx_word' id='word_1_105' title='bbox 893 1048 1129 1094; x_wconf 89' lang='lat' dir='ltr'>cruciatum,</span> <span class='ocrx_word' id='word_1_106' title='bbox 1152 1057 1348 1087; x_wconf 87' lang='lat' dir='ltr'>tormenta</span> <span class='ocrx_word' id='word_1_107' title='bbox 1367 1047 1573 1086; x_wconf 85' lang='lat' dir='ltr'>denuntiat</span> <span class='ocrx_word' id='word_1_108' title='bbox 1591 1062 1600 1086; x_wconf 92' lang='lat'><strong>:</strong></span> <span class='ocrx_word' id='word_1_109' title='bbox 1631 1047 1851 1090; x_wconf 82' lang='lat' dir='ltr'>Dolabellae</span> 
     </span>
     <span class='ocr_line' id='line_1_15' title="bbox 456 1112 1850 1167; baseline 0 -15"><span class='ocrx_word' id='word_1_110' title='bbox 456 1113 587 1153; x_wconf 81' lang='lat' dir='ltr'>ferum</span> <span class='ocrx_word' id='word_1_111' title='bbox 607 1123 646 1153; x_wconf 90' lang='lat' dir='ltr'>et</span> <span class='ocrx_word' id='word_1_112' title='bbox 666 1115 839 1153; x_wconf 88' lang='lat' dir='ltr'>immane</span> <span class='ocrx_word' id='word_1_113' title='bbox 859 1114 1028 1161; x_wconf 89' lang='lat' dir='ltr'>facinus,</span> <span class='ocrx_word' id='word_1_114' title='bbox 1060 1114 1168 1167; x_wconf 91' lang='lat' dir='ltr'>quod</span> <span class='ocrx_word' id='word_1_115' title='bbox 1189 1112 1299 1152; x_wconf 90' lang='lat' dir='ltr'>nulla</span> <span class='ocrx_word' id='word_1_116' title='bbox 1320 1113 1495 1153; x_wconf 86' lang='lat' dir='ltr'>barbaria</span> <span class='ocrx_word' id='word_1_117' title='bbox 1520 1113 1642 1166; x_wconf 84' lang='lat' dir='ltr'>poffet</span> <span class='ocrx_word' id='word_1_118' title='bbox 1663 1113 1850 1166; x_wconf 88' lang='lat' dir='ltr'>agnosce-</span> 
     </span>
     <span class='ocr_line' id='line_1_16' title="bbox 455 1178 1848 1232; baseline 0.001 -14"><span class='ocrx_word' id='word_1_119' title='bbox 455 1193 510 1225; x_wconf 88' lang='lat' dir='ltr'>re,</span> <span class='ocrx_word' id='word_1_120' title='bbox 542 1179 583 1217; x_wconf 89' lang='lat' dir='ltr'>id</span> <span class='ocrx_word' id='word_1_121' title='bbox 604 1179 672 1218; x_wconf 91' lang='lat' dir='ltr'>suo</span> <span class='ocrx_word' id='word_1_122' title='bbox 692 1180 855 1219; x_wconf 91' lang='lat' dir='ltr'>confilio</span> <span class='ocrx_word' id='word_1_123' title='bbox 875 1179 1025 1219; x_wconf 66' lang='lat' dir='ltr'>factum</span> <span class='ocrx_word' id='word_1_124' title='bbox 1045 1179 1117 1218; x_wconf 86' lang='lat' dir='ltr'>effe</span> <span class='ocrx_word' id='word_1_125' title='bbox 1139 1179 1297 1217; x_wconf 88' lang='lat' dir='ltr'>testatur</span> <span class='ocrx_word' id='word_1_126' title='bbox 1315 1194 1324 1218; x_wconf 78' lang='lat' dir='ltr'>r,</span> <span class='ocrx_word' id='word_1_127' title='bbox 1357 1193 1523 1232; x_wconf 81' lang='lat' dir='ltr'>quaeque</span> <span class='ocrx_word' id='word_1_128' title='bbox 1553 1178 1644 1217; x_wconf 78' lang='lat' dir='ltr'>esset</span> <span class='ocrx_word' id='word_1_129' title='bbox 1675 1178 1848 1222; x_wconf 60' lang='lat' dir='ltr'>facturus</span> 
     </span>
     <span class='ocr_line' id='line_1_17' title="bbox 454 1244 1849 1297; baseline 0 -13"><span class='ocrx_word' id='word_1_130' title='bbox 454 1246 496 1284; x_wconf 89' lang='lat' dir='ltr'>in</span> <span class='ocrx_word' id='word_1_131' title='bbox 524 1245 598 1284; x_wconf 88' lang='lat' dir='ltr'>hac</span> <span class='ocrx_word' id='word_1_132' title='bbox 628 1246 739 1291; x_wconf 88' lang='lat' dir='ltr'>urbe,</span> <span class='ocrx_word' id='word_1_133' title='bbox 771 1246 842 1284; x_wconf 87' lang='lat' dir='ltr'>nifi</span> <span class='ocrx_word' id='word_1_134' title='bbox 874 1260 967 1285; x_wconf 91' lang='lat' dir='ltr'>eum</span> <span class='ocrx_word' id='word_1_135' title='bbox 993 1245 1089 1284; x_wconf 88' lang='lat' dir='ltr'>hinc</span> <span class='ocrx_word' id='word_1_136' title='bbox 1120 1245 1202 1297; x_wconf 91' lang='lat' dir='ltr'>ipse</span> <span class='ocrx_word' id='word_1_137' title='bbox 1234 1245 1392 1297; x_wconf 85' lang='lat' dir='ltr'>Jupiter</span> <span class='ocrx_word' id='word_1_138' title='bbox 1422 1246 1471 1283; x_wconf 88' lang='lat' dir='ltr'>ab</span> <span class='ocrx_word' id='word_1_139' title='bbox 1497 1244 1575 1282; x_wconf 94' lang='lat' dir='ltr'>hoc</span> <span class='ocrx_word' id='word_1_140' title='bbox 1606 1244 1758 1297; x_wconf 88' lang='lat' dir='ltr'>templo</span> <span class='ocrx_word' id='word_1_141' title='bbox 1787 1254 1849 1284; x_wconf 84' lang='lat' dir='ltr'>at-</span> 
     </span>
     <span class='ocr_line' id='line_1_18' title="bbox 453 1310 1848 1365; baseline -0.001 -14"><span class='ocrx_word' id='word_1_142' title='bbox 453 1326 531 1365; x_wconf 89' lang='lat' dir='ltr'>que</span> <span class='ocrx_word' id='word_1_143' title='bbox 551 1312 751 1351; x_wconf 84' lang='lat' dir='ltr'>moenibus</span> <span class='ocrx_word' id='word_1_144' title='bbox 772 1312 985 1365; x_wconf 82' lang='lat' dir='ltr'>repulisset,</span> <span class='ocrx_word' id='word_1_145' title='bbox 1017 1311 1226 1349; x_wconf 85' lang='lat' dir='ltr'>declaravit</span> <span class='ocrx_word' id='word_1_146' title='bbox 1252 1311 1293 1348; x_wconf 87' lang='lat' dir='ltr'>in</span> <span class='ocrx_word' id='word_1_147' title='bbox 1320 1311 1589 1350; x_wconf 76' lang='lat' dir='ltr'>Parmensium</span> <span class='ocrx_word' id='word_1_148' title='bbox 1610 1310 1848 1357; x_wconf 87' lang='lat' dir='ltr'>calamitate,</span> 
     </span>
     <span class='ocr_line' id='line_1_19' title="bbox 451 1377 1848 1432; baseline 0 -15"><span class='ocrx_word' id='word_1_149' title='bbox 451 1392 568 1432; x_wconf 86' lang='lat' dir='ltr'>quos,</span> <span class='ocrx_word' id='word_1_150' title='bbox 599 1379 772 1432; x_wconf 90' lang='lat' dir='ltr'>optimos</span> <span class='ocrx_word' id='word_1_151' title='bbox 794 1379 912 1425; x_wconf 84' lang='lat' dir='ltr'>viros,</span> <span class='ocrx_word' id='word_1_152' title='bbox 942 1377 1306 1430; x_wconf 86' lang='lat' dir='ltr'>honestiffimosque</span> <span class='ocrx_word' id='word_1_153' title='bbox 1326 1377 1526 1424; x_wconf 88' lang='lat' dir='ltr'>homines,</span> <span class='ocrx_word' id='word_1_154' title='bbox 1559 1378 1732 1416; x_wconf 84' lang='lat' dir='ltr'>maxime</span> <span class='ocrx_word' id='word_1_155' title='bbox 1753 1392 1848 1417; x_wconf 89' lang='lat' dir='ltr'>cum</span> 
     </span>
     <span class='ocr_line' id='line_1_20' title="bbox 451 1444 1847 1499; baseline 0 -16"><span class='ocrx_word' id='word_1_156' title='bbox 451 1446 680 1484; x_wconf 61' lang='lat' dir='ltr'>auctoritate</span> <span class='ocrx_word' id='word_1_157' title='bbox 699 1445 818 1499; x_wconf 89' lang='lat' dir='ltr'>hujus</span> <span class='ocrx_word' id='word_1_158' title='bbox 840 1445 988 1485; x_wconf 86' lang='lat' dir='ltr'>ordinis</span> <span class='ocrx_word' id='word_1_159' title='bbox 1010 1445 1231 1499; x_wconf 88' lang='lat' dir='ltr'>populique</span> <span class='ocrx_word' id='word_1_160' title='bbox 1248 1445 1421 1483; x_wconf 88' lang='lat' dir='ltr'>Romani</span> <span class='ocrx_word' id='word_1_161' title='bbox 1442 1444 1635 1497; x_wconf 87' lang='lat' dir='ltr'>dignitate</span> <span class='ocrx_word' id='word_1_162' title='bbox 1651 1446 1847 1498; x_wconf 88' lang='lat' dir='ltr'>conjunc-</span> 
     </span>
     <span class='ocr_line' id='line_1_21' title="bbox 451 1511 1846 1566; baseline 0.001 -16"><span class='ocrx_word' id='word_1_163' title='bbox 451 1521 527 1557; x_wconf 87' lang='lat' dir='ltr'>tos,</span> <span class='ocrx_word' id='word_1_164' title='bbox 559 1512 832 1551; x_wconf 85' lang='lat' dir='ltr'>crudeliffimis</span> <span class='ocrx_word' id='word_1_165' title='bbox 854 1512 1047 1566; x_wconf 86' lang='lat' dir='ltr'>exemplis</span> <span class='ocrx_word' id='word_1_166' title='bbox 1069 1511 1271 1550; x_wconf 87' lang='lat' dir='ltr'>interemit</span> <span class='ocrx_word' id='word_1_167' title='bbox 1292 1511 1534 1564; x_wconf 89' lang='lat' dir='ltr'>propudium</span> <span class='ocrx_word' id='word_1_168' title='bbox 1554 1511 1656 1550; x_wconf 88' lang='lat' dir='ltr'>illud</span> <span class='ocrx_word' id='word_1_169' title='bbox 1683 1520 1722 1551; x_wconf 89' lang='lat' dir='ltr'>et</span> <span class='ocrx_word' id='word_1_170' title='bbox 1750 1526 1846 1564; x_wconf 87' lang='lat' dir='ltr'>por·</span> 
     </span>
     <span class='ocr_line' id='line_1_22' title="bbox 449 1576 1842 1631; baseline 0.001 -16"><span class='ocrx_word' id='word_1_171' title='bbox 449 1586 607 1616; x_wconf 89' lang='lat' dir='ltr'>tentum</span> <span class='ocrx_word' id='word_1_172' title='bbox 635 1578 685 1616; x_wconf 91' lang='lat' dir='ltr'>L.</span> <span class='ocrx_word' id='word_1_173' title='bbox 708 1578 927 1624; x_wconf 86' lang='lat' dir='ltr'>Antonius,</span> <span class='ocrx_word' id='word_1_174' title='bbox 958 1578 1108 1631; x_wconf 74' lang='lat' dir='ltr'>insigne</span> <span class='ocrx_word' id='word_1_175' title='bbox 1129 1577 1268 1616; x_wconf 87' lang='lat' dir='ltr'>odium</span> <span class='ocrx_word' id='word_1_176' title='bbox 1289 1577 1472 1616; x_wconf 90' lang='lat' dir='ltr'>omnium</span> <span class='ocrx_word' id='word_1_177' title='bbox 1502 1576 1732 1623; x_wconf 92' lang='lat' dir='ltr'>hominum,</span> <span class='ocrx_word' id='word_1_178' title='bbox 1763 1578 1842 1623; x_wconf 88' lang='lat' dir='ltr'>vel,</span> 
     </span>
     <span class='ocr_line' id='line_1_23' title="bbox 448 1643 1846 1698; baseline 0.001 -16"><span class='ocrx_word' id='word_1_179' title='bbox 448 1643 476 1681; x_wconf 88' lang='lat' dir='ltr'><strong>fi</strong></span> <span class='ocrx_word' id='word_1_180' title='bbox 497 1644 616 1683; x_wconf 89' lang='lat' dir='ltr'>etiam</span> <span class='ocrx_word' id='word_1_181' title='bbox 636 1644 708 1683; x_wconf 85' lang='lat' dir='ltr'>Dii</span> <span class='ocrx_word' id='word_1_182' title='bbox 728 1644 884 1684; x_wconf 88' lang='lat' dir='ltr'>oderint</span> <span class='ocrx_word' id='word_1_183' title='bbox 904 1658 1003 1698; x_wconf 90' lang='lat' dir='ltr'>quos</span> <span class='ocrx_word' id='word_1_184' title='bbox 1025 1652 1195 1698; x_wconf 88' lang='lat' dir='ltr'>oportet,</span> <span class='ocrx_word' id='word_1_185' title='bbox 1227 1644 1412 1682; x_wconf 87' lang='lat' dir='ltr'>omnium</span> <span class='ocrx_word' id='word_1_186' title='bbox 1439 1645 1634 1684; x_wconf 88' lang='lat' dir='ltr'>Deorum.</span> <span class='ocrx_word' id='word_1_187' title='bbox 1676 1643 1846 1696; x_wconf 88' lang='lat' dir='ltr'>Refugit</span> 
     </span>
     <span class='ocr_line' id='line_1_24' title="bbox 447 1709 1843 1766; baseline 0.001 -18"><span class='ocrx_word' id='word_1_188' title='bbox 447 1711 618 1756; x_wconf 85' lang='lat' dir='ltr'>animus,</span> <span class='ocrx_word' id='word_1_189' title='bbox 651 1711 782 1750; x_wconf 86' lang='lat' dir='ltr'>Patres</span> <span class='ocrx_word' id='word_1_190' title='bbox 815 1711 1044 1766; x_wconf 85' lang='lat' dir='ltr'>conscripti,</span> <span class='ocrx_word' id='word_1_191' title='bbox 1075 1724 1197 1764; x_wconf 92' lang='lat' dir='ltr'>eaque</span> <span class='ocrx_word' id='word_1_192' title='bbox 1231 1710 1359 1750; x_wconf 87' lang='lat' dir='ltr'>dicere</span> <span class='ocrx_word' id='word_1_193' title='bbox 1394 1709 1638 1756; x_wconf 86' lang='lat' dir='ltr'>reformidat,</span> <span class='ocrx_word' id='word_1_194' title='bbox 1669 1724 1756 1763; x_wconf 88' lang='lat' dir='ltr'>quae</span> <span class='ocrx_word' id='word_1_195' title='bbox 1791 1711 1843 1751; x_wconf 84' lang='lat' dir='ltr'>L.</span> 
     </span>
     <span class='ocr_line' id='line_1_25' title="bbox 448 1776 1843 1828; baseline 0.002 -15"><span class='ocrx_word' id='word_1_196' title='bbox 448 1776 649 1814; x_wconf 84' lang='lat' dir='ltr'>Antonius</span> <span class='ocrx_word' id='word_1_197' title='bbox 671 1777 712 1814; x_wconf 92' lang='lat' dir='ltr'>in</span> <span class='ocrx_word' id='word_1_198' title='bbox 734 1777 1003 1815; x_wconf 68' lang='lat' dir='ltr'>Parmensium</span> <span class='ocrx_word' id='word_1_199' title='bbox 1022 1776 1158 1815; x_wconf 90' lang='lat' dir='ltr'>liberis</span> <span class='ocrx_word' id='word_1_200' title='bbox 1179 1785 1217 1814; x_wconf 91' lang='lat' dir='ltr'>et</span> <span class='ocrx_word' id='word_1_201' title='bbox 1237 1776 1476 1828; x_wconf 85' lang='lat' dir='ltr'>conjugibus</span> <span class='ocrx_word' id='word_1_202' title='bbox 1501 1776 1689 1816; x_wconf 86' lang='lat' dir='ltr'>effecerit.</span> <span class='ocrx_word' id='word_1_203' title='bbox 1733 1777 1843 1828; x_wconf 84' lang='lat' dir='ltr'>Qas</span> 
     </span>
     <span class='ocr_line' id='line_1_26' title="bbox 447 1842 1843 1895; baseline 0.001 -16"><span class='ocrx_word' id='word_1_204' title='bbox 447 1842 556 1879; x_wconf 89' lang='lat' dir='ltr'>enim</span> <span class='ocrx_word' id='word_1_205' title='bbox 578 1842 845 1893; x_wconf 89' lang='lat' dir='ltr'>turpitudines</span> <span class='ocrx_word' id='word_1_206' title='bbox 867 1842 1036 1880; x_wconf 88' lang='lat' dir='ltr'>Antonii</span> <span class='ocrx_word' id='word_1_207' title='bbox 1061 1842 1231 1880; x_wconf 90' lang='lat' dir='ltr'>libenter</span> <span class='ocrx_word' id='word_1_208' title='bbox 1249 1842 1469 1888; x_wconf 88' lang='lat' dir='ltr'>subierunt,</span> <span class='ocrx_word' id='word_1_209' title='bbox 1501 1842 1651 1881; x_wconf 85' lang='lat' dir='ltr'>easdem</span> <span class='ocrx_word' id='word_1_210' title='bbox 1671 1855 1740 1895; x_wconf 90' lang='lat' dir='ltr'>per</span> <span class='ocrx_word' id='word_1_211' title='bbox 1759 1843 1843 1880; x_wconf 88' lang='lat' dir='ltr'>vim</span> 
     </span>
     <span class='ocr_line' id='line_1_27' title="bbox 448 1906 1840 1960; baseline 0.001 -16"><span class='ocrx_word' id='word_1_212' title='bbox 448 1907 631 1945; x_wconf 78' lang='lat' dir='ltr'>laetantur</span> <span class='ocrx_word' id='word_1_213' title='bbox 651 1906 736 1945; x_wconf 82' lang='lat' dir='ltr'>aliis</span> <span class='ocrx_word' id='word_1_214' title='bbox 759 1907 795 1945; x_wconf 91' lang='lat' dir='ltr'>se</span> <span class='ocrx_word' id='word_1_215' title='bbox 815 1908 1002 1947; x_wconf 71' lang='lat' dir='ltr'>intuliss‘e.</span> <span class='ocrx_word' id='word_1_216' title='bbox 1026 1907 1099 1952; x_wconf 87' lang='lat' dir='ltr'>Sed</span> <span class='ocrx_word' id='word_1_217' title='bbox 1120 1908 1177 1945; x_wconf 87' lang='lat' dir='ltr'>vis</span> <span class='ocrx_word' id='word_1_218' title='bbox 1199 1907 1422 1946; x_wconf 87' lang='lat' dir='ltr'>calamitosa</span> <span class='ocrx_word' id='word_1_219' title='bbox 1442 1907 1509 1952; x_wconf 89' lang='lat' dir='ltr'>est,</span> <span class='ocrx_word' id='word_1_220' title='bbox 1533 1921 1652 1960; x_wconf 85' lang='lat' dir='ltr'>quam</span> <span class='ocrx_word' id='word_1_221' title='bbox 1674 1907 1754 1946; x_wconf 89' lang='lat' dir='ltr'>illis</span> <span class='ocrx_word' id='word_1_222' title='bbox 1774 1907 1840 1946; x_wconf 90' lang='lat' dir='ltr'>in-</span> 
     </span>
     <span class='ocr_line' id='line_1_28' title="bbox 449 1972 1766 2026; baseline 0.002 -16"><span class='ocrx_word' id='word_1_223' title='bbox 449 1972 626 2010; x_wconf 87' lang='lat' dir='ltr'>tulerunt</span> <span class='ocrx_word' id='word_1_224' title='bbox 644 1992 654 2017; x_wconf 92' lang='lat'>;</span> <span class='ocrx_word' id='word_1_225' title='bbox 687 1973 813 2011; x_wconf 91' lang='lat' dir='ltr'>libido</span> <span class='ocrx_word' id='word_1_226' title='bbox 834 1973 1035 2026; x_wconf 85' lang='lat' dir='ltr'>flagitiosa,</span> <span class='ocrx_word' id='word_1_227' title='bbox 1068 1987 1145 2026; x_wconf 87' lang='lat' dir='ltr'>qua</span> <span class='ocrx_word' id='word_1_228' title='bbox 1165 1974 1435 2012; x_wconf 86' lang='lat' dir='ltr'>Antoniorum</span> <span class='ocrx_word' id='word_1_229' title='bbox 1455 1973 1580 2011; x_wconf 82' lang='lat' dir='ltr'>oblita</span> <span class='ocrx_word' id='word_1_230' title='bbox 1599 1972 1653 2011; x_wconf 88' lang='lat' dir='ltr'>est</span> <span class='ocrx_word' id='word_1_231' title='bbox 1672 1973 1766 2012; x_wconf 87' lang='lat' dir='ltr'>vita.</span> 
     </span>
    </p>

    <p class='ocr_par' dir='ltr' id='par_1_4' title="bbox 444 2038 1840 2493">
     <span class='ocr_line' id='line_1_29' title="bbox 504 2038 1838 2092; baseline 0.001 -16"><span class='ocrx_word' id='word_1_232' title='bbox 504 2038 578 2076; x_wconf 93' lang='lat' dir='ltr'>IV.</span> <span class='ocrx_word' id='word_1_233' title='bbox 611 2038 678 2076; x_wconf 86' lang='lat' dir='ltr'>Est</span> <span class='ocrx_word' id='word_1_234' title='bbox 711 2039 833 2091; x_wconf 85' lang='lat' dir='ltr'>igitur</span> <span class='ocrx_word' id='word_1_235' title='bbox 862 2039 1085 2092; x_wconf 86' lang='lat' dir='ltr'>quisquam,</span> <span class='ocrx_word' id='word_1_236' title='bbox 1118 2040 1188 2092; x_wconf 90' lang='lat' dir='ltr'>qui</span> <span class='ocrx_word' id='word_1_237' title='bbox 1217 2038 1343 2078; x_wconf 89' lang='lat' dir='ltr'>hostes</span> <span class='ocrx_word' id='word_1_238' title='bbox 1365 2040 1560 2092; x_wconf 86' lang='lat' dir='ltr'>appellare</span> <span class='ocrx_word' id='word_1_239' title='bbox 1586 2052 1665 2077; x_wconf 91' lang='lat' dir='ltr'>non</span> <span class='ocrx_word' id='word_1_240' title='bbox 1687 2038 1838 2085; x_wconf 86' lang='lat' dir='ltr'>audeat,</span> 
     </span>
     <span class='ocr_line' id='line_1_30' title="bbox 446 2104 1839 2158; baseline 0.001 -16"><span class='ocrx_word' id='word_1_241' title='bbox 446 2117 620 2157; x_wconf 89' lang='lat' dir='ltr'>quorum</span> <span class='ocrx_word' id='word_1_242' title='bbox 649 2104 788 2143; x_wconf 88' lang='lat' dir='ltr'>scelere</span> <span class='ocrx_word' id='word_1_243' title='bbox 818 2105 1092 2144; x_wconf 88' lang='lat' dir='ltr'>crudelitatem</span> <span class='ocrx_word' id='word_1_244' title='bbox 1123 2104 1492 2158; x_wconf 77' lang='lat' dir='ltr'>Carthaginensium</span> <span class='ocrx_word' id='word_1_245' title='bbox 1523 2105 1664 2143; x_wconf 64' lang='lat' dir='ltr'>vietam</span> <span class='ocrx_word' id='word_1_246' title='bbox 1686 2105 1758 2143; x_wconf 85' lang='lat' dir='ltr'>effe</span> <span class='ocrx_word' id='word_1_247' title='bbox 1778 2104 1839 2143; x_wconf 89' lang='lat' dir='ltr'>fa-</span> 
     </span>
     <span class='ocr_line' id='line_1_31' title="bbox 448 2171 1840 2225; baseline 0.001 -16"><span class='ocrx_word' id='word_1_248' title='bbox 448 2172 603 2209; x_wconf 85' lang='lat' dir='ltr'>teatur?</span> <span class='ocrx_word' id='word_1_249' title='bbox 634 2184 711 2223; x_wconf 85' lang='lat' dir='ltr'>qua</span> <span class='ocrx_word' id='word_1_250' title='bbox 730 2171 839 2209; x_wconf 88' lang='lat' dir='ltr'>enim</span> <span class='ocrx_word' id='word_1_251' title='bbox 858 2171 899 2209; x_wconf 90' lang='lat' dir='ltr'>in</span> <span class='ocrx_word' id='word_1_252' title='bbox 921 2171 1018 2210; x_wconf 91' lang='lat' dir='ltr'>urbe</span> <span class='ocrx_word' id='word_1_253' title='bbox 1038 2181 1119 2210; x_wconf 92' lang='lat' dir='ltr'>tam</span> <span class='ocrx_word' id='word_1_254' title='bbox 1145 2172 1329 2210; x_wconf 86' lang='lat' dir='ltr'>immanis</span> <span class='ocrx_word' id='word_1_255' title='bbox 1358 2171 1534 2210; x_wconf 88' lang='lat' dir='ltr'>Annibal</span> <span class='ocrx_word' id='word_1_256' title='bbox 1561 2180 1687 2225; x_wconf 85' lang='lat' dir='ltr'>capta,</span> <span class='ocrx_word' id='word_1_257' title='bbox 1719 2185 1840 2224; x_wconf 83' lang='lat' dir='ltr'>quam</span> 
     </span>
     <span class='ocr_line' id='line_1_32' title="bbox 446 2238 1838 2292; baseline 0.001 -17"><span class='ocrx_word' id='word_1_258' title='bbox 446 2238 488 2276; x_wconf 88' lang='lat' dir='ltr'>in</span> <span class='ocrx_word' id='word_1_259' title='bbox 511 2238 650 2276; x_wconf 88' lang='lat' dir='ltr'>Parma</span> <span class='ocrx_word' id='word_1_260' title='bbox 668 2238 841 2291; x_wconf 88' lang='lat' dir='ltr'>surrepta</span> <span class='ocrx_word' id='word_1_261' title='bbox 860 2238 1087 2277; x_wconf 86' lang='lat' dir='ltr'>Antonius?</span> <span class='ocrx_word' id='word_1_262' title='bbox 1110 2239 1180 2277; x_wconf 76' lang='lat' dir='ltr'>nisi</span> <span class='ocrx_word' id='word_1_263' title='bbox 1202 2238 1303 2277; x_wconf 89' lang='lat' dir='ltr'>forte</span> <span class='ocrx_word' id='word_1_264' title='bbox 1319 2238 1438 2292; x_wconf 85' lang='lat' dir='ltr'>hujus</span> <span class='ocrx_word' id='word_1_265' title='bbox 1461 2239 1640 2283; x_wconf 79' lang='lat' dir='ltr'>coloniae,</span> <span class='ocrx_word' id='word_1_266' title='bbox 1662 2247 1700 2276; x_wconf 91' lang='lat' dir='ltr'>et</span> <span class='ocrx_word' id='word_1_267' title='bbox 1721 2247 1838 2278; x_wconf 84' lang='lat' dir='ltr'>caete-</span> 
     </span>
     <span class='ocr_line' id='line_1_33' title="bbox 446 2304 1837 2358; baseline 0 -15"><span class='ocrx_word' id='word_1_268' title='bbox 446 2318 592 2350; x_wconf 83' lang='lat' dir='ltr'>rarum,</span> <span class='ocrx_word' id='word_1_269' title='bbox 623 2305 665 2342; x_wconf 91' lang='lat' dir='ltr'>in</span> <span class='ocrx_word' id='word_1_270' title='bbox 685 2317 781 2358; x_wconf 86' lang='lat' dir='ltr'>quas</span> <span class='ocrx_word' id='word_1_271' title='bbox 801 2304 942 2343; x_wconf 86' lang='lat' dir='ltr'>eodem</span> <span class='ocrx_word' id='word_1_272' title='bbox 960 2305 1014 2343; x_wconf 89' lang='lat' dir='ltr'>est</span> <span class='ocrx_word' id='word_1_273' title='bbox 1033 2304 1181 2350; x_wconf 85' lang='lat' dir='ltr'>animo,</span> <span class='ocrx_word' id='word_1_274' title='bbox 1212 2318 1292 2343; x_wconf 92' lang='lat' dir='ltr'>non</span> <span class='ocrx_word' id='word_1_275' title='bbox 1313 2305 1367 2343; x_wconf 91' lang='lat' dir='ltr'>est</span> <span class='ocrx_word' id='word_1_276' title='bbox 1390 2304 1510 2343; x_wconf 83' lang='lat' dir='ltr'>hostis</span> <span class='ocrx_word' id='word_1_277' title='bbox 1538 2305 1739 2343; x_wconf 88' lang='lat' dir='ltr'>Antonius</span> <span class='ocrx_word' id='word_1_278' title='bbox 1759 2318 1837 2357; x_wconf 89' lang='lat' dir='ltr'>pu-</span> 
     </span>
     <span class='ocr_line' id='line_1_34' title="bbox 446 2370 1835 2424; baseline 0 -16"><span class='ocrx_word' id='word_1_279' title='bbox 446 2370 602 2411; x_wconf 88' lang='lat' dir='ltr'>tandus.</span> <span class='ocrx_word' id='word_1_280' title='bbox 647 2370 686 2408; x_wconf 88' lang='lat' dir='ltr'>Si</span> <span class='ocrx_word' id='word_1_281' title='bbox 706 2384 796 2410; x_wconf 86' lang='lat' dir='ltr'>vero</span> <span class='ocrx_word' id='word_1_282' title='bbox 813 2371 1063 2409; x_wconf 86' lang='lat' dir='ltr'>coloniarum</span> <span class='ocrx_word' id='word_1_283' title='bbox 1082 2380 1121 2409; x_wconf 93' lang='lat' dir='ltr'>et</span> <span class='ocrx_word' id='word_1_284' title='bbox 1142 2371 1455 2424; x_wconf 86' lang='lat' dir='ltr'>municipiorum</span> <span class='ocrx_word' id='word_1_285' title='bbox 1476 2372 1554 2409; x_wconf 90' lang='lat' dir='ltr'>fine</span> <span class='ocrx_word' id='word_1_286' title='bbox 1574 2370 1655 2409; x_wconf 89' lang='lat' dir='ltr'>ulla</span> <span class='ocrx_word' id='word_1_287' title='bbox 1674 2370 1835 2408; x_wconf 88' lang='lat' dir='ltr'>dubita-</span> 
     </span>
     <span class='ocr_line' id='line_1_35' title="bbox 444 2435 1834 2493; baseline -0.003 -16"><span class='ocrx_word' id='word_1_288' title='bbox 444 2437 553 2477; x_wconf 79' lang='lat' dir='ltr'>tIOne</span> <span class='ocrx_word' id='word_1_289' title='bbox 572 2436 692 2478; x_wconf 85' lang='lat' dir='ltr'>hostis</span> <span class='ocrx_word' id='word_1_290' title='bbox 713 2437 780 2485; x_wconf 88' lang='lat' dir='ltr'>est,</span> <span class='ocrx_word' id='word_1_291' title='bbox 798 2438 896 2493; x_wconf 90' lang='lat' dir='ltr'>quid</span> <span class='ocrx_word' id='word_1_292' title='bbox 917 2438 1075 2478; x_wconf 88' lang='lat' dir='ltr'>tandem</span> <span class='ocrx_word' id='word_1_293' title='bbox 1094 2437 1214 2492; x_wconf 89' lang='lat' dir='ltr'>hujus</span> <span class='ocrx_word' id='word_1_294' title='bbox 1235 2438 1398 2478; x_wconf 88' lang='lat' dir='ltr'>censetis</span> <span class='ocrx_word' id='word_1_295' title='bbox 1421 2438 1543 2484; x_wconf 87' lang='lat' dir='ltr'>urbis,</span> <span class='ocrx_word' id='word_1_296' title='bbox 1562 2451 1681 2491; x_wconf 89' lang='lat' dir='ltr'>quam</span> <span class='ocrx_word' id='word_1_297' title='bbox 1699 2436 1768 2475; x_wconf 91' lang='lat' dir='ltr'>ille</span> <span class='ocrx_word' id='word_1_298' title='bbox 1788 2435 1834 2474; x_wconf 88' lang='lat' dir='ltr'>ad</span> 
     </span>
    </p>
   </div>
  </div>
 </body>
</html>
