2076 2860
469 179 548 219 282
824 174 902 212 IN
961 171 1025 209 M.
1088 169 1515 208 ANTONIUM

469 281 638 318 secutos.
664 276 867 315 Idcircone
889 287 958 312 nos
976 272 1147 326 populus
1165 273 1371 310 Romanus
1388 270 1607 310 consulares
1628 268 1740 316 fecit,
1764 280 1808 310 ut
1828 272 1870 309 in

468 346 653 384 altiflimo
669 342 985 395 ampliffimoque
1001 340 1122 392 gradu
1140 339 1344 391 dignitatis
1361 339 1481 377 locati
1498 338 1785 391 rempublicam
1798 351 1871 392 pro

469 412 600 451 nihilo
620 410 852 448 haberemus
873 409 885 444 ?
919 407 1015 445 Non
1037 405 1157 444 modo
1178 419 1273 444 voce
1301 419 1418 443 nemo
1450 405 1500 443 L.
1523 405 1656 442 Pisoni
1688 405 1869 442 consula-

469 480 522 517 ris
539 507 549 523 ,
582 476 645 514 sed
667 489 714 512 ne
735 474 848 512 vultu
870 472 1032 525 quidem
1048 501 1059 516 ,
1091 471 1254 509 affensus
1277 471 1343 509 est.
1389 472 1583 522 Qaenam
1606 470 1794 523 (malum)
1818 471 1871 509 est

472 544 541 582 ista
560 540 780 580 voluntaria
796 539 985 577 servitus?
1010 537 1147 576 Fuerit
1164 536 1343 589 quaedam
1360 536 1577 575 neceffaria.
1601 537 1689 574 Nec
1705 550 1778 588 ego
1794 535 1871 575 hoc

471 611 520 648 ab
542 609 728 648 omnibus
750 607 798 644 iis
820 606 1005 650 desidero,
1038 605 1109 657 qui
1137 604 1370 642 sententiam
1391 603 1480 641 loco
1501 602 1695 641 consulari
1716 603 1871 642 dicunt.

472 676 565 715 Alia
596 674 707 713 causa
738 673 974 717 estreorum,
1007 685 1179 725 quorum
1212 670 1365 709 silentio
1397 670 1586 722 ignosco;
1617 670 1692 707 alia
1718 683 1870 715 eorum,

470 756 643 795 quorum
677 754 816 780 vocem
848 739 1005 791 requiro
1024 753 1033 776 :
1067 751 1165 790 quos
1197 736 1360 790 quidem
1391 736 1505 774 doleo
1536 737 1578 774 in
1610 735 1873 788 suspicionem

471 808 613 862 populi
644 806 819 845 Romani
851 806 1003 849 venire,
1036 818 1115 842 non
1148 803 1268 841 modo
1300 801 1452 847 metus,
1483 801 1591 855 quod
1622 802 1753 855 ipsum
1783 801 1874 840 effet

472 884 603 928 turpe,
636 873 698 911 sed
719 872 843 910 alium
864 871 939 909 alia
959 870 1005 908 de
1026 869 1138 908 causa
1157 869 1279 907 deesse
1300 869 1485 922 dignitati
1507 867 1595 908 suae.

529 941 626 978 VII.
651 940 782 991 Qare
799 938 975 991 primum
990 937 1181 975 maximas
1197 937 1339 988 gratias
1356 945 1394 974 et
1411 934 1536 973 habeo
1551 944 1591 974 et
1606 948 1679 987 ago
1695 935 1745 973 L.
1761 934 1871 974 Piso-

474 1008 531 1053 ni,
549 1008 619 1060 qui
640 1020 734 1051 non,
753 1004 851 1058 quid
871 1004 1023 1042 efficere
1038 1003 1161 1057 poffet
1181 1003 1222 1041 in
1240 1002 1456 1056 republica,
1475 1002 1678 1054 cogitavit,
1696 1001 1760 1040 sed
1776 1001 1874 1054 quid

472 1073 555 1126 ipse
575 1071 701 1110 facere
722 1070 880 1108 deberet
898 1085 906 1108 :
940 1069 1081 1107 deinde
1109 1082 1131 1107 a
1159 1068 1270 1107 vobis
1285 1097 1297 1114 ‚
1330 1069 1461 1106 Patres
1482 1067 1722 1120 conscripti,
1753 1076 1872 1120 peto,

475 1149 520 1178 ut
535 1169 546 1185 ,
577 1138 697 1177 etiam
726 1137 753 1175 fi
783 1137 892 1189 sequi
917 1136 1051 1174 minus
1072 1134 1266 1173 audebitis
1288 1134 1506 1172 orationem
1526 1143 1643 1187 atque
1662 1134 1874 1173 auetorita-

475 1215 558 1244 tem
579 1217 722 1249 meam,
754 1202 927 1254 benigne
948 1210 1079 1239 tamen
1100 1214 1178 1246 me,
1211 1209 1255 1238 ut
1275 1199 1420 1238 fecistis
1441 1198 1585 1245 adhuc,
1615 1199 1798 1238 audiatis.

533 1271 716 1310 Primum
737 1269 860 1322 igitur
880 1269 962 1306 aeta
983 1267 1141 1306 Caesaris
1163 1266 1345 1305 servanda
1364 1266 1501 1304 censeo
1519 1281 1529 1304 ;
1562 1279 1642 1304 non
1672 1279 1753 1319 quo
1779 1279 1873 1319 pro-

474 1338 591 1375 bem:
616 1336 705 1389 quis
722 1335 829 1372 enim
846 1333 887 1371 id
903 1333 1065 1385 quidem
1081 1332 1233 1385 potest?
1257 1332 1320 1370 sed
1337 1332 1428 1384 quia
1445 1332 1637 1370 rationem
1652 1330 1875 1371 habendam

475 1403 650 1442 maxime
669 1402 837 1440 arbitror
856 1400 962 1452 pacis
984 1408 1022 1437 et
1043 1399 1130 1437 otii.
1165 1398 1324 1437 Vellem
1344 1398 1483 1436 adeffet
1504 1399 1721 1443 Antonius,
1752 1398 1874 1437 modo

473 1471 555 1508 fine
583 1469 795 1507 advocatis.
840 1466 938 1511 Sed,
971 1475 1014 1503 ut
1044 1466 1211 1518 opinor,
1243 1465 1338 1502 licet
1364 1465 1400 1502 ei
1426 1465 1560 1503 minus
1581 1464 1732 1503 valere:
1766 1464 1874 1518 quod

476 1535 580 1575 mihi
600 1534 686 1573 heri
707 1548 774 1587 per
795 1533 914 1571 illum
933 1546 1014 1570 non
1035 1532 1195 1570 licebat.
1229 1532 1402 1569 Doceret
1421 1545 1484 1569 me
1499 1560 1510 1576 ,
1542 1531 1603 1569 vel
1622 1531 1755 1584 potius
1776 1545 1844 1569 vos
1859 1560 1871 1577 ,

477 1603 523 1641 P.
541 1604 589 1640 C.
609 1599 947 1654 quemadmodum
969 1599 1048 1652 ipse
1071 1599 1230 1637 Caesaris
1250 1599 1334 1635 aaa
1352 1597 1592 1636 defenderet.
1616 1599 1681 1635 An
1702 1598 1744 1635 in
1760 1611 1873 1636 com-

477 1667 737 1712 mentariolis,
769 1676 808 1704 et
835 1664 1124 1718 chirographis,
1156 1674 1195 1702 et
1215 1664 1378 1708 libellis,
1411 1663 1447 1702 se
1467 1677 1548 1701 uno
1567 1665 1722 1702 auCtore
1742 1664 1874 1716 prola-

478 1736 558 1780 tis;
590 1747 634 1771 ac
655 1747 702 1770 ne
725 1733 885 1785 prolatis
908 1731 1086 1784 quidem,
1109 1731 1172 1769 sed
1195 1730 1472 1768 tantummodo
1493 1729 1623 1775 dietis,
1645 1731 1727 1768 aeta
1748 1730 1875 1768 Caesa-

472 1802 530 1838 sis
563 1799 676 1837 firma
704 1808 846 1836 erunt:
879 1811 965 1849 quae
994 1797 1062 1834 ille
1092 1797 1134 1834 in
1164 1809 1211 1833 aes
1242 1796 1411 1840 incidit,
1444 1796 1484 1832 in
1515 1809 1595 1848 quo
1615 1792 1883 1849 populi'juffa·

476 1863 760 1918 perpetuasque
782 1863 884 1914 leges
907 1862 978 1899 effe
998 1862 1140 1906 voluit,
1172 1874 1243 1913 pro
1265 1860 1393 1898 nihilo
1414 1860 1699 1900 habebuntur?

536 1929 737 1982 Equidem
758 1928 808 1966 fic
829 1927 1032 1965 existimo:
1058 1926 1160 1964 nihil
1182 1936 1261 1964 tam
1283 1926 1355 1963 effe
1376 1926 1416 1963 in
1438 1926 1531 1964 aeris
1554 1927 1728 1971 Caesaris,
1755 1940 1875 1979 quam

478 1997 582 2049 leges
600 1994 775 2033 Caesaris.
798 1995 878 2038 An,
898 1993 924 2031 fi
941 1993 1005 2030 cui
1026 1992 1124 2045 quid
1146 1992 1212 2031 ille
1228 1992 1421 2045 promifit,
1440 1992 1480 2029 id
1500 1993 1574 2030 erit
1590 1992 1744 2030 fixum?
1767 1993 1876 2046 quod

478 2063 583 2101 idem
601 2075 680 2099 non
696 2059 821 2098 facere
837 2060 984 2112 potuit,
1001 2068 1044 2097 ut
1060 2059 1198 2096 multis
1216 2058 1344 2096 multa
1359 2059 1541 2111 promissa
1558 2073 1636 2097 non
1654 2058 1769 2097 fecit:
1789 2073 1876 2112 q-uae

478 2139 610 2166 tamen
627 2126 755 2164 multo
771 2126 884 2178 plura
900 2125 970 2163 illo
987 2134 1145 2163 mortuo
1162 2134 1312 2177 reperta
1328 2124 1431 2170 sunt,
1447 2138 1567 2178 quam
1583 2125 1672 2163 vivo
1686 2124 1877 2163 beneficia

479 2209 546 2248 per
567 2207 702 2232 omnes
725 2205 845 2230 annos
869 2191 1016 2229 tributa
1035 2201 1074 2229 et
1095 2191 1194 2230 data.
1221 2191 1292 2229 Sed
1310 2205 1351 2229 ea
1367 2205 1446 2230 non
1464 2201 1591 2237 muto,
1616 2205 1694 2230 non
1712 2205 1872 2231 moveo:

479 2263 634 2299 summo
654 2260 773 2297 etiam
795 2258 922 2295 studio
942 2257 1123 2309 praeclara
1144 2258 1252 2295 illius
1273 2259 1355 2295 aeta
1375 2257 1557 2297 defendo.
1601 2258 1773 2296 Pecunia
1793 2258 1874 2296 uti-

480 2341 570 2365 nam
600 2325 647 2363 ad
678 2326 778 2377 Opis
809 2323 1009 2362 maneret!
1043 2333 1204 2361 cruenta
1233 2323 1301 2361 illa
1321 2324 1510 2376 quidem,
1543 2323 1607 2362 sed
1632 2324 1694 2363 his
1717 2333 1874 2376 tempo-

482 2395 606 2438 ribus,
637 2406 731 2430 cum
761 2393 825 2437 iis,
857 2404 1029 2443 quorum
1055 2390 1122 2435 est,
1155 2403 1234 2428 non
1262 2390 1453 2436 redditur,
1483 2391 1713 2429 necessaria:
1747 2403 1874 2443 quan-

478 2474 599 2515 quam
619 2473 660 2497 ca
681 2472 840 2512 quoque
861 2458 906 2497 sit
926 2456 1060 2503 effusa,
1083 2456 1108 2496 sl
1130 2457 1185 2497 ita
1203 2457 1244 2496 in
1266 2457 1358 2497 aftis
1380 2457 1473 2498 fuit.
1498 2457 1657 2512 Ecquid
1677 2457 1744 2504 est,
1767 2455 1875 2510 quod
