2076 2860
401 194 482 234 450
755 180 833 218 IN
892 179 957 218 M,
1020 180 1447 219 ANTONIUM

404 285 517 323 Italia
546 283 698 327 habito,
730 282 960 320 consulibus
991 282 1127 327 miffis,
1160 283 1308 321 Caesare
1328 292 1480 329 ornato,
1512 283 1610 337 sagis
1632 285 1804 338 denique

405 352 586 404 sumptis,
619 349 769 387 hostem
787 348 1045 401 judicatum?
1079 350 1190 401 Qid
1214 349 1268 387 est
1288 360 1434 396 autem,
1468 351 1662 397 scelerate,
1695 352 1802 405 quod

404 431 550 470 gemas,
582 415 734 453 hostem
757 415 1009 453 Dolabellam
1025 416 1252 468 judicatum
1273 430 1293 454 a
1313 417 1445 455 senatu
1466 418 1478 455 ?
1512 432 1632 470 quem
1663 427 1706 456 tu
1737 432 1802 456 or-

405 485 539 522 dinem
561 483 727 521 omnino
748 481 820 519 effe
842 482 1001 520 nullum
1026 492 1168 535 putas:
1201 483 1265 521 sed
1296 497 1381 521 eam
1416 483 1490 521 tibi
1521 484 1675 522 causam
1708 484 1804 523 belli

405 549 566 603 gerendi
587 549 791 602 proponiS,
824 558 868 587 ut
893 549 1069 587 senatum
1090 549 1272 588 funditus
1294 549 1450 596 deleas,
1484 550 1627 603 reliqui
1648 550 1744 589 boni
1765 560 1804 589 et

407 617 624 670 locupletes
645 630 782 654 omnes
804 616 1006 655 summum
1027 616 1207 655 ordinem
1237 616 1535 669 subsequantur.
1582 618 1639 655 At
1667 617 1804 656 scurrae

406 684 537 722 filium
569 684 754 738 appellat.
797 684 916 736 Qafi
950 698 1041 722 vero
1075 686 1236 737 ignotus
1273 684 1387 722 nobis
1421 683 1543 722 fuerit
1578 684 1804 738 splendidus

406 765 525 803 eques
550 751 753 788 Romanus
777 751 971 788 Trebonii
993 760 1114 804 pater.
1160 752 1197 789 Is
1228 761 1360 789 autem
1382 750 1654 789 humilitatem
1674 750 1804 804 despi-

405 831 492 855 cere
512 816 628 854 audet
648 817 895 869 cujusquam,
929 818 998 870 qui
1019 831 1067 856 ex
1090 817 1209 856 Fadia
1230 817 1426 856 sustulerit
1446 817 1591 856 liberos
1610 819 1624 855 ,Ρ

463 884 538 922 ΧΙ.
573 882 839 934 Acerbgffimum
858 897 944 922 vero
963 883 1021 936 cst,
1053 893 1102 928 te,
1133 885 1188 922 A.
1211 884 1335 928 Hirti,
1365 892 1534 922 ornatum
1559 882 1619 937 est&
1638 882 1807 935 beneficiis

408 945 576 998 Caeshris,
606 953 641 982 et
670 945 776 983 talem
804 945 851 983 ab
878 960 915 984 eo
942 946 1120 990 relmum,
1150 946 1287 999 qualem
1304 945 1373 999 lpse
1398 945 1559 984 miraris.
1604 944 1807 998 Equidem

407 1025 549 1063 negare
569 1024 650 1049 non
670 1010 839 1064 poffum,
870 1025 892 1049 a
921 1011 1068 1050 Caesare
1098 1012 1284 1050 Hirtium
1314 1021 1497 1050 ornatum
1516 1026 1529 1050 :1
1559 1011 1623 1050 sed
1653 1011 1721 1049 illa
1739 1024 1806 1049 or-

407 1086 593 1116 namenta
613 1078 654 1115 in
676 1078 821 1116 virtute
841 1087 880 1116 et
900 1078 1089 1116 industria
1108 1079 1231 1130 posita
1251 1078 1401 1116 lucent.
1445 1079 1513 1116 Tu
1540 1091 1645 1123 vero,
1677 1077 1748 1130 qui
1769 1085 1808 1114 te

407 1144 456 1182 ab
490 1144 630 1182 eodem
666 1143 812 1181 Caesare
845 1152 1029 1181 ornatum
1064 1157 1203 1196 negare
1237 1157 1316 1182 non
1351 1152 1478 1197 potes,
1510 1143 1608 1196 quid
1641 1143 1748 1188 effes,
1780 1141 1807 1180 fi

408 1210 486 1249 tibi
518 1210 586 1248 ille
618 1223 699 1248 non
731 1219 811 1248 tam
843 1210 971 1248 multa
1002 1210 1228 1248 tribuisset?
1260 1223 1387 1263 ecquo
1417 1219 1455 1247 te
1480 1219 1547 1247 tua
1566 1210 1690 1247 virtus
1712 1222 1807 1262 pro-

408 1277 570 1316 vexiffet
588 1278 601 1314 ?
632 1291 760 1329 ecquo
781 1290 903 1329 genus
924 1278 937 1314 ?
968 1277 1010 1314 in
1031 1276 1177 1322 lustris,
1200 1277 1374 1329 popinis,
1396 1275 1491 1321 alea,
1514 1276 1622 1321 vino,
1649 1285 1808 1328 tempus

409 1344 532 1382 aetatis
554 1356 671 1381 omne
692 1341 1002 1395 consumpfiffes,
1031 1352 1076 1380 ut
1095 1341 1282 1388 faciebas,
1304 1356 1398 1380 cum
1418 1343 1460 1380 in
1480 1342 1642 1395 gremiis
1662 1341 1809 1380 mima-

410 1424 499 1448 rum
519 1419 717 1455 mentum‚
746 1416 1017 1461 mentemque,
1040 1408 1268 1462 deponeres.
1300 1410 1355 1448 Et
1375 1418 1424 1455 te,
1447 1409 1481 1448 Ο
1494 1416 1603 1461 puer.
1636 1409 1811 1447 Puerum

409 1476 595 1530 appellat,
627 1489 748 1528 quem
780 1489 859 1514 non
893 1475 1013 1514 modo
1045 1475 1191 1521 virum,
1223 1475 1287 1514 sed
1318 1476 1437 1514 etiam
1469 1474 1726 1514 fortiffimum
1746 1475 1807 1514 vi-

410 1556 514 1588 rum,
547 1542 674 1587 sensit,
706 1551 745 1580 et
766 1541 920 1580 sentiet.
953 1541 1023 1580 Est
1043 1541 1141 1580 istuc
1163 1541 1327 1594 quidem
1349 1555 1494 1580 nomen
1516 1542 1655 1587 aetatis,
1677 1541 1742 1580 sed
1761 1541 1809 1580 ab

408 1624 454 1649 eo
475 1610 643 1649 minime
663 1609 947 1663 usurpandum,
979 1609 1050 1663 qui
1072 1610 1179 1648 suam
1200 1610 1414 1649 amentiam
1436 1623 1558 1663 puero
1585 1608 1682 1648 huic
1708 1623 1810 1662 prae-

411 1678 477 1715 bet
498 1677 545 1715 ad
565 1677 748 1729 gloriam.

466 1744 543 1795 Qi
558 1744 674 1782 omnia
702 1743 774 1794 cjus
802 1743 937 1782 nomini
961 1742 1071 1782 debes.
1117 1743 1250 1781 Debet
1281 1756 1387 1789 vero,
1419 1742 1615 1795 solvitque
1646 1741 1809 1795 praecla-

413 1824 466 1848 re.
514 1810 551 1846 Si
573 1809 680 1847 enim
703 1809 769 1846 ille
801 1809 934 1860 patriae
962 1823 1099 1862 parens
1129 1809 1197 1855 est,
1229 1818 1274 1847 ut
1296 1819 1338 1847 tu
1360 1809 1548 1862 appellas,
1574 1810 1680 1862 (ego,
1713 1808 1811 1862 quid

424 1869 591 1919 entiam,
624 1873 774 1924 videro)
808 1888 878 1911 cur
910 1888 989 1912 non
1019 1874 1086 1913 hic
1116 1889 1254 1928 parens
1286 1876 1427 1920 verior,
1459 1889 1480 1912 a
1507 1889 1587 1928 quo
1614 1884 1718 1913 certe
1747 1875 1810 1913 vi-

412 1953 494 1980 tam
528 1941 719 1979 habemus
736 1970 747 1986 ,
779 1955 799 1978 e
834 1941 913 1979 tuis
948 1941 1279 1981 facinorosissimis
1315 1942 1498 1980 manibus
1533 1951 1707 1994 ereptam
1726 1942 1739 1979 ?
1775 1941 1817 1980 id

411 2022 531 2062 agere,
563 2017 604 2045 ut
611 2007 702 2058 jure
717 2006 908 2045 damnatus
917 2008 975 2059 stt
1004 2007 1195 2046 Dolabella
1211 2009 1231 2047 ,ἕ
1274 2009 1456 2061 Turpem
1483 2021 1574 2046 vero
1598 2007 1808 2053 aetionem,

412 2087 491 2126 qua
511 2073 737 2111 defenditur
757 2073 984 2125 ampliffimi
1006 2073 1212 2112 auetoritas
1234 2074 1382 2112 ordinis
1405 2082 1541 2112 contra
1556 2073 1812 2112 crudeliffimi

413 2140 639 2193 gladiatoris
661 2140 875 2177 amentiam
892 2139 900 2177 !
930 2149 964 2178 et
984 2149 1027 2178 ut
1045 2141 1201 2193 vemfica
1220 2140 1297 2179 haec
1312 2140 1484 2180 liberetur
1503 2139 1666 2191 obstdione
1682 2140 1702 2179 ἓ
1727 2140 1810 2178 Ve-

414 2207 581 2246 neficam
601 2206 718 2245 audes
739 2206 934 2261 appellare
954 2220 1046 2245 eum
1068 2208 1213 2253 virum,
1245 2209 1315 2262 qui
1344 2208 1421 2246 tuis
1451 2207 1651 2246 veneficiis
1682 2221 1810 2246 reme-

414 2274 477 2311 dia
497 2273 648 2312 invenit
668 2274 680 2310 ?
713 2286 834 2325 quem
854 2273 908 2310 ita
928 2272 1094 2318 obfides,
1126 2287 1226 2312 nove
1247 2274 1439 2319 Annibal,
1471 2283 1538 2312 aut
1558 2273 1584 2312 fi
1607 2274 1695 2326 quis
1716 2287 1811 2312 acu-

415 2341 491 2377 tior
511 2339 724 2392 imperator
744 2337 837 2384 fuit,
870 2347 914 2376 ut
936 2347 973 2376 te
1000 2339 1081 2391 ipse
1102 2340 1289 2385 obfideas,
1322 2354 1449 2393 neque
1472 2349 1509 2378 te
1529 2339 1658 2385 istinc,
1691 2339 1717 2378 fi
1738 2353 1811 2378 cu-

412 2406 510 2458 pias,
534 2404 649 2457 poffis
670 2404 878 2457 explicare.
913 2404 1150 2443 Recesseris:
1185 2405 1362 2458 undique
1382 2420 1519 2444 omnes
1540 2405 1810 2457 insequentur.

414 2471 607 2509 Manseris
627 2486 636 2509 ε
668 2470 849 2509 haerebis.
884 2471 1094 2509 Nimirum
1116 2472 1216 2510 redte
1237 2471 1452 2510 veneficam
1473 2471 1659 2524 appellas,
1691 2483 1711 2508 a
1731 2483 1812 2522 quo

413 2539 486 2575 tibi
508 2537 735 2591 praesentem
756 2537 902 2591 pestem
924 2537 1031 2577 vides
1053 2547 1332 2591 comparatam.
1368 2539 1418 2578 Ut
1438 2536 1810 2591 quampotentff'mm
