2076 2860
461 226 538 280 384
809 221 887 260 IN
945 220 1015 260 Μ.
1077 220 1504 260 ANTONIUM

515 328 588 366 IX.
622 323 827 364 Laudandi
855 324 944 361 sunt
965 337 1013 362 ex
1033 321 1153 376 hujus
1175 323 1323 361 ordinis
1347 322 1537 361 sententia
1558 322 1750 369 Firmani,
1782 323 1853 376 qui

457 393 655 446 principes
677 391 852 443 pecuniae
874 389 1107 443 pollicendae
1127 388 1289 428 fuerunt
1308 405 1316 428 :
1351 389 1665 442 respondendum
1685 389 1853 428 honori-

459 459 531 497 fice
552 458 604 496 est
625 456 883 500 Marrucinis,
915 456 986 508 qui
1008 456 1230 508 ignominia
1252 456 1442 493 notandos
1464 456 1699 494 censuerunt
1720 469 1800 501 cog,
1827 455 1854 494 fi

458 526 528 578 qui
550 524 737 562 militiam
759 521 1093 574 subterfugissent.
1118 522 1313 574 Haecjam
1331 529 1413 560 tota
1429 522 1542 560 Italia.
1564 521 1678 560 fiunt.
1703 522 1855 575 Magna

458 605 534 644 pax
555 590 734 628 Antonio
755 603 850 627 cum
869 587 947 633 his,
979 587 1041 626 his
1074 588 1171 626 item
1203 601 1297 626 curn
1329 588 1414 627 illo.
1449 589 1548 640 Qae
1576 587 1702 641 potest
1730 589 1855 640 major

458 657 530 695 effe
552 657 774 695 discordia?
807 656 848 693 in
879 653 1071 692 discordia
1099 663 1230 693 autem
1260 668 1336 707 pax
1367 654 1495 692 civilis
1517 654 1629 692 nullo
1650 655 1762 707 1)εᾶὶο
1783 653 1856 692 effe

458 723 598 777 potest.
627 724 685 761 Ut
706 723 889 761 omittam
911 721 1239 766 multitudinem3
1264 720 1490 766 L.Vifidi0‚
1508 721 1635 774 equiti
1656 721 1854 765 Romano,

458 790 616 828 homini
648 789 689 827 in
710 789 849 841 primis
872 796 1008 825 ornato
1029 796 1145 840 atque
1166 787 1343 832 honesto,
1376 788 1532 840 civique
1563 786 1712 840 semper
1741 800 1854 839 egre-

459 856 540 908 gio,
573 856 685 907 cujus
718 867 791 906 ego
822 852 1007 891 excubias
1041 862 1079 890 et
1112 852 1303 890 custodias
1335 853 1414 890 mei
1444 852 1583 905 capitis
1614 852 1784 904 cognovi
1813 852 1855 889 in

460 921 664 959 consulatu
687 933 803 965 meo5
838 920 908 972 qui
928 919 1079 957 vicinos
1103 918 1188 956 suos
1211 932 1289 956 non
1312 917 1540 957 cohortatus
1561 918 1615 956 est
1635 918 1778 963 solum,
1811 926 1856 956 ut

462 988 609 1025 milites
632 986 783 1030 fierent,
803 985 865 1023 sed
886 985 1005 1022 etiam
1026 983 1282 1022 facultatibus
1305 984 1381 1022 suis
1404 984 1636 1022 sublevavit:
1661 983 1772 1029 huic,
1790 983 1854 1021 in-

460 1067 595 1107 quam,
628 1052 697 1089 tali
717 1052 816 1096 viro,
849 1065 969 1104 quem
1001 1064 1070 1088 nos
1104 1050 1464 1088 senatus-consulto
1491 1049 1713 1088 collaudare
1734 1049 1853 1087 debe-

460 1133 565 1164 mus,
596 1118 793 1171 poteritne
813 1116 884 1154 effe
905 1125 1064 1169 pacatus
1087 1116 1287 1153 Antonius
1309 1117 1320 1153 ?
1354 1115 1494 1168 Qid?
1523 1116 1571 1154 C.
1598 1115 1753 1161 Caesari,
1785 1115 1856 1168 qui

461 1186 579 1223 illum
600 1184 696 1222 urbe
715 1185 728 1220 ?
761 1183 887 1235 quid?
920 1184 974 1220 D.
1000 1183 1137 1226 Bruto,
1170 1183 1239 1234 qui
1262 1182 1393 1220 Gallia
1413 1181 1649 1234 prohibuit?

517 1253 606 1302 Jam
637 1264 727 1288 vero
757 1249 836 1302 ipse
866 1248 902 1286 se
922 1249 1096 1301 placabit
1117 1257 1155 1285 et
1176 1248 1297 1285 leniet
1318 1248 1531 1300 provinciae
1554 1247 1710 1292 Galliae,
1741 1260 1762 1284 a
1781 1259 1859 1299 qua

460 1317 641 1356 exclusus
663 1325 701 1354 et
722 1315 948 1367 repudiatus
969 1314 1022 1364 est
1041 1315 1053 1351 ?
1079 1313 1228 1351 Omnia
1247 1313 1448 1358 videbitis,
1473 1314 1604 1352 Patres
1626 1313 1857 1366 conscripti,

462 1384 533 1422 nisi
555 1382 793 1437 prospicitis,
826 1381 942 1433 plena
965 1379 1164 1424 odiorum,
1196 1379 1311 1432 plena
1341 1379 1651 1425 discordiarum;
1684 1393 1733 1418 ex
1764 1379 1858 1432 qui-

463 1452 536 1489 bus
558 1451 740 1488 oriuntur
762 1447 865 1485 bella
880 1447 1026 1485 civilia.
1060 1446 1201 1484 Nolite
1217 1446 1341 1498 igitur
1362 1446 1402 1484 id
1423 1446 1523 1484 velle
1544 1445 1651 1499 quod
1672 1445 1757 1484 fieri
1777 1458 1861 1484 non

463 1517 610 1569 potest:
644 1525 682 1553 et
703 1523 849 1559 cavete,
881 1527 950 1567 per
972 1514 1078 1551 Deos
1101 1512 1344 1550 immortales
1363 1512 1369 1549 !
1405 1513 1536 1550 Patres
1558 1511 1787 1565 conscripti,
1810 1525 1859 1550 ne

464 1583 528 1636 spe
548 1582 746 1636 praesentis
769 1581 874 1634 pacis
897 1589 1127 1633 perpetuam
1149 1593 1286 1632 pacem
1307 1579 1511 1617 amittatis.

517 1648 721 1701 Qorsum
751 1647 834 1686 haec
865 1647 995 1684 omnis
1027 1646 1171 1698 speetat
1192 1646 1316 1683 oratio
1336 1646 1349 1683 ?
1381 1645 1477 1697 quid
1499 1645 1607 1683 enim
1627 1644 1747 1697 legati
1766 1657 1858 1697 ege-

464 1717 558 1761 rint,
590 1714 770 1753 nondum
792 1713 951 1751 scimus.
994 1713 1049 1750 At
1070 1725 1160 1749 vero
1181 1711 1359 1756 excitati,
1392 1712 1522 1756 erecti,
1550 1711 1687 1764 parati,
1719 1710 1860 1749 armati

464 1781 604 1819 animis
627 1789 757 1817 tamen
779 1778 850 1815 effe
874 1778 1080 1822 debemus,
1113 1790 1161 1814 ne
1194 1776 1337 1814 blanda
1367 1785 1434 1814 aut
1465 1776 1635 1829 supplici
1667 1776 1859 1821 oratione,

463 1856 532 1884 aut
546 1845 740 1898 :equitatis
758 1843 1020 1887 simulatione,
1039 1841 1236 1879 fallamur.
1263 1843 1411 1879 Omnia
1427 1841 1565 1879 fecerit
1585 1851 1754 1893 oportet,
1773 1854 1860 1892 quae

466 1912 671 1950 interdieta
687 1919 725 1948 et
742 1909 970 1947 denuntiata
986 1908 1090 1952 sunt,
1108 1907 1216 1960 prius
1235 1921 1353 1960 quam
1369 1906 1520 1959 aliquid
1536 1907 1730 1959 postulet:
1755 1908 1857 1945 Bru-

466 1989 553 2017 tum
574 1977 874 2029 exercitumque
901 1977 983 2028 ejus
1012 1988 1253 2026 oppugnare,
1287 1973 1401 2011 urbes
1434 1982 1471 2011 et
1503 1987 1614 2025 agros
1647 1973 1859 2026 provinciae

467 2043 609 2082 Gallice
630 2041 824 2095 populari,
848 2039 1063 2084 destiterit,
1087 2039 1134 2076 ad
1156 2040 1325 2076 Brutum
1345 2038 1514 2076 adeundi
1535 2038 1672 2090 legatis
1689 2038 1858 2091 potesta-

467 2119 548 2148 tem
569 2108 727 2152 fecerit;
761 2106 979 2144 exercitum
1000 2106 1098 2142 citra
1118 2104 1263 2142 flumen
1287 2104 1542 2142 Rubiconem
1563 2105 1756 2149 eduxerit,
1788 2118 1861 2143 nec

466 2175 627 2229 propius
650 2173 788 2211 urbem
811 2172 938 2210 millia
958 2171 1134 2223 pafi'uum
1156 2170 1324 2208 ducenta
1343 2170 1584 2215 admoverit,·
1617 2170 1737 2208 suerit
1758 2179 1796 2208 et
1817 2171 1859 2209 in

467 2242 618 2280 senatus
651 2249 688 2277 et
722 2240 761 2277 in
794 2238 933 2291 populi
966 2237 1138 2275 Romani
1171 2237 1370 2289 potestate.
1416 2237 1513 2274 Haec
1547 2237 1572 2274 fi
1601 2235 1753 2287 fecerit,
1785 2230 1859 2286 erit

467 2311 617 2359 integra
638 2305 801 2359 potestas
824 2304 937 2342 nobis
961 2302 1201 2340 deliberandi
1220 2318 1227 2340 :
1253 2303 1277 2340 fi
1300 2303 1447 2340 senatui
1470 2316 1547 2340 non
1570 2303 1755 2355 paruerit,
1779 2317 1858 2341 non

468 2375 528 2412 illi
551 2374 716 2417 senatus,
749 2371 811 2409 sed
833 2371 900 2408 ille
921 2369 1071 2422 populo
1093 2370 1290 2413 Romano,
1323 2369 1474 2406 bellum
1498 2369 1699 2407 indixerit.

524 2439 596 2477 Sed
631 2452 698 2476 vos
734 2451 897 2481 moneO,
931 2437 1061 2473 Patres
1097 2435 1331 2487 conscripti,
1364 2435 1522 2473 libertas
1557 2436 1686 2487 agitur
1720 2433 1858 2487 populi

467 2506 654 2550 Romani,
687 2519 773 2558 quae
804 2503 856 2542 cst
885 2501 1160 2541 commendata
1190 2502 1330 2546 vobis;
1365 2502 1442 2539 vita
1468 2510 1506 2539 et
1528 2500 1695 2539 fortunae
1716 2499 1859 2552 optimi
