2076 2860
439 210 517 260 406
793 208 871 247 ΙΝ
930 208 995 247 M.
1056 206 1484 248 ANTONIUM

439 310 614 349 amicitia
635 319 743 348 tuam
763 310 892 348 vicem
909 310 1040 348 dolere
1059 310 1178 362 soleo)
1197 311 1327 350 efferri
1342 311 1425 350 haec
1442 311 1560 358 foras,
1579 321 1618 351 et
1633 310 1680 352 ad
1696 313 1836 368 populi

437 377 611 416 Romani
633 390 740 414 aures
762 377 979 429 pervenire,
998 377 1048 422 ei,
1067 377 1136 429 qui
1157 378 1309 430 primus
1332 379 1565 417 sententiam
1587 380 1745 427 dixerit,
1764 395 1836 420 ne-

435 443 588 481 minem
608 442 825 480 assensum?
858 443 966 496 quod
986 443 1106 481 etiam
1127 442 1246 482 hodie
1265 443 1449 483 futurum
1470 446 1651 485 arbitror.
1685 448 1835 500 Legio-

435 521 502 546 nes
524 508 686 546 abducis
708 521 728 545 a
749 507 895 546 Bruto:
929 522 1023 561 quas
1042 510 1055 546 ?
1088 522 1229 562 nempe
1250 522 1326 555 eas,
1349 523 1443 564 quas
1466 509 1534 549 ille
1554 524 1575 549 a
1596 513 1644 550 C.
1664 513 1835 551 Antonii

434 574 576 612 scelere
609 575 775 620 avertit,
807 584 846 612 et
877 575 924 612 ad
957 575 1249 628 rempublicam
1285 575 1350 614 sua
1381 576 1610 615 auctoritate
1643 578 1831 618 traduxit.

433 641 584 679 Rursus
615 641 739 694 igitur
767 641 825 679 vis
856 641 1050 680 nudatum
1078 642 1197 680 illum
1217 651 1336 696 atque
1357 643 1485 682 solum
1506 657 1527 681 a
1547 643 1751 697 republica
1770 659 1832 684 re-

430 707 608 760 legatum
628 708 767 747 videri.

488 774 570 812 Vos
592 784 739 820 autem,
772 775 903 813 Patres
926 775 1155 828 conscripti,
1185 776 1211 814 fi
1233 775 1297 814 M.
1318 776 1489 814 Brutum
1511 776 1770 822 deserueritis,
1793 785 1833 815 et

429 840 699 893 prodideritis‚
721 856 841 894 quem
863 842 1020 880 tandem
1043 843 1171 881 civem
1193 855 1371 896 unquam
1391 843 1614 882 ornabitis?
1636 844 1702 882 cui
1722 843 1831 882 faxie-

431 907 525 946 bitis
546 909 558 946 ?
591 908 662 946 nisi
683 908 786 946 forte
806 922 886 954 eos,
919 909 990 963 qui
1010 909 1188 947 diadema
1208 909 1485 962 imposuerint,
1517 910 1800 949 conservandos
1815 929 1829 956 ;

428 987 510 1019 eos,
542 974 612 1027 qui
642 975 753 1027 regni
784 988 929 1014 nomen
959 976 1198 1021 sustulerint,
1230 976 1459 1015 deserendos
1485 978 1647 1030 putatis.
1691 978 1753 1015 Ac
1783 976 1832 1015 de

426 1037 502 1078 hac
534 1040 698 1093 quidem
730 1041 863 1080 divina
894 1051 1011 1095 atque
1043 1043 1261 1081 immortali
1294 1043 1407 1081 laude
1439 1043 1504 1081 M.
1533 1043 1646 1081 Bruti
1678 1043 1828 1081 filebo:

425 1118 514 1157 quae
528 1135 539 1151 ,
570 1107 784 1158 gratiffima
813 1108 1006 1146 memoria
1040 1108 1224 1146 omnium
1258 1109 1409 1146 civium
1444 1108 1616 1154 inclusa,
1648 1107 1830 1146 nondum

425 1172 590 1224 publica
609 1173 838 1212 auctoritate
858 1173 992 1212 testata
1011 1174 1079 1213 est.
1103 1173 1327 1212 Tantamne
1344 1174 1589 1227 patientiam,
1613 1175 1685 1213 Dii
1706 1174 1825 1212 boni!

426 1247 577 1277 tantam
593 1239 920 1286 moderationem,
939 1249 1088 1279 tantam
1109 1241 1151 1278 in
1167 1241 1312 1293 injuria
1331 1240 1660 1293 tranquillitatem
1677 1250 1716 1280 et
1736 1254 1827 1279 mo-

426 1303 612 1344 destiam!
645 1306 730 1359 qui,
762 1320 856 1345 cum
878 1316 1019 1361 praetor
1040 1307 1213 1344 urbanus
1234 1306 1340 1352 effet,
1371 1306 1470 1344 urbe
1490 1307 1640 1353 caruit,
1658 1308 1725 1359 jus
1746 1319 1829 1345 non

426 1371 528 1409 dixit
543 1401 554 1417 ‚
587 1385 681 1410 cum
713 1386 832 1410 omne
857 1374 924 1425 jus
956 1372 1097 1426 populi
1130 1373 1304 1411 Romani
1337 1372 1592 1426 recuperasset
1610 1388 1619 1412 τ
1652 1384 1828 1427 cumque

424 1437 617 1475 concursu
634 1437 868 1491 quotidIano
885 1438 1083 1476 bonorum
1100 1438 1298 1484 omnium,
1317 1439 1388 1492 qui
1408 1438 1652 1476 admirabilis
1668 1439 1716 1476 ad
1731 1438 1825 1477 eum

423 1502 508 1541 fieri
530 1504 691 1550 solebat,
717 1504 974 1558 praefidioque
996 1505 1119 1543 Italiae
1140 1507 1305 1551 cunctae,
1328 1504 1458 1558 septus
1479 1504 1602 1557 poffet
1622 1494 1720 1550 effe,
1752 1504 1824 1543 ab-

422 1568 507 1607 sens
541 1570 698 1622 judicio
738 1570 937 1609 bonorum
972 1570 1152 1609 defensus
1187 1570 1260 1610 effe
1293 1571 1436 1609 maluit
1451 1600 1462 1617 ,
1499 1570 1620 1624 quam
1659 1570 1825 1624 praesens

421 1649 541 1674 manu
561 1651 570 1674 ε
604 1637 674 1689 qui
703 1651 784 1675 non
805 1637 1057 1690 Apollinares
1079 1637 1244 1691 quidem
1265 1637 1395 1683 ludos,
1426 1651 1498 1690 pro
1519 1637 1584 1675 sua
1603 1637 1826 1690 populique

421 1702 596 1740 Romani
617 1702 809 1755 dignitate
829 1712 1048 1756 apparatos,
1079 1703 1244 1756 praesens
1265 1702 1377 1748 fecit,
1409 1716 1459 1741 ne
1479 1716 1599 1756 quam
1624 1703 1730 1742 viam
1750 1716 1821 1756 pa-

421 1767 606 1806 tefaceret
627 1769 1009 1808 sceleratiffimorum
1029 1769 1245 1808 hominum
1265 1769 1450 1808 audaciae.

477 1834 550 1873 IV.
585 1835 840 1887 quuam,
867 1835 939 1887 qui
960 1848 1137 1888 unquam
1157 1844 1224 1873 aut
1245 1835 1330 1873 ludi
1351 1844 1417 1873 aut
1438 1834 1520 1873 dies
1541 1835 1708 1873 laetiores
1729 1833 1819 1873 fue-

421 1907 527 1944 runt,
547 1914 666 1951 quam
683 1914 775 1938 cum
797 1901 837 1938 in
859 1901 1022 1952 singulis
1038 1900 1209 1938 versibus
1225 1900 1397 1953 populus
1415 1901 1621 1938 Romanus
1642 1899 1820 1938 maximo

420 1965 591 2004 clamore
622 1976 663 2004 ‘et
699 1967 834 2018 plausu
868 1967 981 2005 Bruti
1013 1954 1251 2005 'memoriam
1283 1966 1624 2020 prosequebatur?
1659 1967 1818 2023 sCorpus

419 2033 549 2070 aberat
567 2033 802 2079 liberatoris,
819 2034 1013 2072 libertatis
1030 2034 1222 2073 memoria
1235 2034 1386 2072 aderat:
1407 2035 1447 2071 in
1464 2047 1541 2086 qua
1557 2033 1670 2072 Bruti
1687 2033 1820 2086 imago

416 2099 765 2138 cerni'videbatur.
804 2101 860 2138 At
879 2100 988 2138 hunc
1009 2099 1071 2138 his
1093 2100 1183 2153 ipfis
1204 2100 1391 2138 ludorum
1413 2100 1551 2138 diebus
1571 2099 1756 2138 videbam
1776 2099 1819 2138 in

417 2165 544 2204 insula
563 2166 760 2204 clariffimi
782 2166 1052 2212 adolescentis,
1086 2167 1264 2212 Luculli,
1286 2167 1504 2220 propinqui
1525 2166 1598 2211 sui,
1621 2165 1724 2203 nihil
1745 2165 1817 2204 nifi

416 2232 465 2269 de
487 2234 579 2285 pa'ce
599 2241 638 2269 et
658 2233 870 2270 concordia
889 2234 1039 2271 civium
1060 2234 1318 2285 cogitantem.
1362 2232 1549 2271 Eundem
1577 2232 1660 2271 vidi
1685 2231 1817 2285 postea

422 2298 555 2343 Veliae,
578 2297 784 2336 cedentem
807 2299 932 2344 Italia,
952 2313 1000 2337 ne
1021 2312 1099 2351 qua
1113 2299 1281 2337 oriretur
1298 2299 1393 2337 belli
1414 2298 1544 2339 civilis
1565 2298 1676 2336 causa
1691 2310 1814 2350 prop.-

419 2367 484 2403 ter'
504 2365 554 2403 se.
594 2366 630 2402 O
661 2365 927 2418 spectaculum
958 2366 1058 2403 illud
1090 2379 1169 2403 non
1190 2365 1310 2404 modo
1331 2365 1580 2410 hominibus,
1613 2364 1677 2402 sed
1697 2363 1814 2402 undis

413 2432 506 2484 -ipfis
528 2440 566 2469 et
587 2431 788 2477 litoribus,
811 2430 1050 2476 luctuosum,
1082 2431 1218 2469 cedere
1246 2445 1267 2469 e
1296 2432 1420 2483 patria
1445 2431 1680 2469 servatorem
1710 2430 1809 2481 ejus,

416 2511 572 2536 manere
600 2497 642 2535 in
664 2499 786 2550 patria
817 2498 1058 2550 perditores!
1093 2497 1209 2537 Caffii
1239 2497 1362 2536 classis
1394 2497 1526 2550 paucis
1558 2495 1643 2548 post
1671 2495 1810 2534 diebus
