2076 2860
450 192 522 238 268
798 188 874 227 IN
934 187 999 227 M.
1060 187 1488 227 ANTONIUM

447 238 463 246 v

445 291 754 346 amplificandas,
773 302 893 342 quam
914 290 1038 328 virtus
1060 289 1176 328 liberi
1197 290 1338 343 populi
1359 289 1460 329 ferre
1480 303 1560 328 non
1581 290 1718 344 pofi‘et.
1742 291 1843 344 Ejus

444 368 575 397 autem
598 358 670 395 filii
692 357 809 408 longe
831 355 917 393 sane
938 355 1086 394 diversa
1106 356 1229 395 ratio:
1253 358 1323 410 qui
1344 371 1437 395 cum
1458 357 1646 396 omnibus
1667 357 1735 402 est,
1753 366 1842 396 tum

443 424 598 476 optimo
619 422 778 474 cuique,
801 421 1032 459 cariffimus.
1065 422 1112 460 In
1133 421 1210 460 hoc
1231 422 1314 474 spes
1336 422 1530 461 libertatis
1551 423 1674 476 posita
1693 422 1769 462 est:
1793 423 1843 461 ab

441 489 519 527 hoc
546 497 706 541 accepta
725 488 810 540 jam
842 486 970 525 salus:
1002 486 1098 525 huic
1132 487 1278 526 summi
1305 487 1473 526 honores
1500 497 1539 526 et
1559 489 1840 542 exquiruntur,

440 565 480 593 et
499 556 623 610 parati
644 555 747 593 sunt.
773 555 899 606 Cujus
920 554 1045 606 igitur
1065 554 1301 606 singularem
1318 554 1569 607 prudentiam
1585 555 1839 601 admiramur,

440 623 523 673 ejus
546 622 753 660 stultitiam
776 621 998 659 timemus?
1031 620 1143 672 Qid
1169 622 1277 659 enim
1304 620 1478 667 stultius,
1509 634 1628 674 quam
1655 621 1843 660 inutilem

440 689 682 741 potentiam,
715 687 922 726 invidiosas
957 701 1066 740 opes,
1098 688 1358 740 cupiditatem
1393 687 1624 726 dominandi
1658 688 1842 742 praecipi-

440 764 524 793 tem
544 765 583 793 et
603 755 814 799 lubricam,
837 753 1029 792 anteferre
1049 768 1161 799 verae,
1183 754 1307 808 gravi,
1330 754 1462 793 solidae
1481 754 1644 807 gloriae?
1676 755 1743 793 An
1763 754 1841 793 hoc

440 821 555 867 vidit,
586 835 711 874 puer;
745 821 771 859 fi
794 830 903 860 aetate
923 820 1162 874 procefferit,
1195 834 1274 859 non
1296 820 1479 859 videbit?

497 889 553 925 At
585 888 638 925 est
668 887 905 940 quibusdam
935 887 1123 925 inimicus
1157 886 1375 925 clariffimis
1408 896 1527 940 atque
1553 886 1717 939 optimis
1739 885 1839 926 civi-

441 954 530 992 bus.
554 953 705 992 Nullus
722 953 791 991 iste
812 953 934 991 timor
953 953 1026 991 effe
1042 952 1178 991 debet:
1202 966 1339 991 omnes
1363 953 1489 992 Caesar
1508 953 1740 991 inimicitias
1762 953 1840 991 rei-

438 1020 612 1072 publicae
632 1019 899 1058 condonavit:
931 1018 1034 1057 hanc
1067 1019 1138 1057 fibi
1162 1019 1343 1072 judicem
1375 1019 1596 1065 constituit,
1627 1018 1730 1057 hanc
1750 1032 1840 1057 mo-

439 1087 673 1126 deratricem
704 1087 889 1126 omnium
920 1085 1130 1125 factorum.
1174 1087 1235 1125 Ita
1264 1087 1372 1124 enim
1393 1087 1440 1124 ad
1461 1085 1752 1139 rempublicam
1772 1098 1840 1124 ac·-

438 1154 560 1200 ceffit,
594 1162 638 1192 ut
669 1167 754 1192 eam
786 1153 1052 1198 confirmaret,
1085 1167 1165 1191 non
1197 1162 1243 1191 ut
1274 1162 1477 1192 everteret.
1525 1154 1677 1191 Omnes
1712 1151 1841 1190 habeo

438 1221 621 1273 cognitos
644 1219 771 1259 sensus
793 1219 1073 1258 adolescentis:
1106 1218 1210 1257 nihil
1232 1219 1285 1257 est
1305 1219 1367 1257 illi
1388 1219 1607 1272 republica,
1629 1217 1733 1257 nihil
1753 1218 1838 1257 ves-

438 1296 497 1324 tra
517 1288 762 1332 auctoritate,
793 1285 964 1338 gravius,
997 1284 1100 1322 nihil
1129 1285 1328 1322 bonorum
1354 1285 1531 1323 virorum
1546 1284 1703 1337 judicio
1723 1293 1839 1337 opta-

436 1354 533 1398 tius,
566 1352 669 1391 nihil
691 1365 779 1391 vera
798 1351 923 1404 gloria
943 1351 1115 1389 duchus.
1161 1350 1432 1402 Qamobrem
1463 1350 1511 1389 ab
1539 1364 1584 1389 eo
1612 1364 1693 1389 non
1719 1350 1842 1389 modo

438 1419 542 1458 nihil
565 1422 717 1465 timere,
750 1419 814 1457 sed
835 1419 983 1471 majora
1002 1427 1041 1456 et
1061 1417 1227 1456 meliora
1246 1419 1462 1471 expectare,
1495 1417 1646 1456 debetis
1665 1433 1674 1456 z
1708 1431 1838 1470 neque

437 1488 480 1525 in
501 1501 561 1533 eo,
594 1488 665 1540 qui
685 1486 732 1525 ad
762 1486 817 1524 D.
842 1481 1013 1524 Brutum
1033 1484 1236 1523 obfidione
1265 1484 1516 1523 liberandum
1545 1483 1745 1538 profectus
1775 1484 1838 1530 fit,

435 1554 591 1600 timere,
624 1567 673 1592 ne
693 1552 885 1592 memoria
905 1560 1061 1591 maneat
1081 1551 1287 1591 domestici
1306 1551 1469 1597 doloris,
1501 1565 1589 1604 quae
1616 1551 1706 1605 plus
1733 1550 1840 1604 apud

436 1634 529 1659 eum
548 1620 678 1674 poffit,
705 1633 826 1673 quam
846 1619 946 1657 salus
968 1619 1156 1657 civitatis.
1187 1618 1359 1657 Audebo
1380 1619 1500 1656 etiam
1521 1617 1697 1670 obligare
1717 1616 1839 1656 fidem

436 1700 582 1733 meam,
615 1687 747 1725 Patres
782 1685 1013 1738 conscripti,
1045 1685 1173 1731 vobis,
1204 1685 1436 1739 populoque
1469 1685 1669 1730 Romano,
1701 1684 1839 1737 reique

435 1752 636 1814 Publiqff5
669 1751 778 1805 quod
810 1751 1003 1804 profecto,
1035 1765 1129 1789 cum
1163 1765 1227 1789 me
1261 1751 1373 1789 nulla
1405 1751 1464 1790 vis
1498 1759 1680 1803 cogeret,
1712 1749 1840 1789 facere

435 1832 518 1866 non
549 1818 756 1862 auderem,
788 1817 1186 1870 pertimesceremque
1217 1817 1259 1855 in
1294 1831 1334 1855 re
1369 1817 1543 1855 maxima
1576 1816 1838 1870 periculosam

435 1884 670 1938 opinionem
709 1883 970 1922 temeritatis:
1008 1883 1228 1935 promitto,
1265 1882 1440 1935 recipio,
1473 1882 1671 1935 spondeo,
1704 1882 1837 1921 Patres

436 1950 667 2004 conscripti,
700 1951 750 1989 C.
775 1949 966 1988 Caesarem
1000 1946 1118 1987 talem
1146 1948 1297 2002 semper
1326 1948 1410 1987 fore
1431 1949 1574 1994 civem,
1610 1947 1737 2001 qualis
1759 1947 1836 1986 ho-

436 2016 501 2055 die
521 2016 581 2063 fit,
614 2016 851 2069 qualemque
880 2029 972 2053 eum
1005 2016 1179 2053 maxime
1200 2015 1272 2054 effe
1292 2015 1393 2053 velle
1413 2024 1452 2053 et
1473 2023 1607 2068 optare
1628 2014 1834 2054 debemus.

437 2085 538 2137 Qae
567 2097 661 2122 cum
693 2083 747 2121 ita
779 2083 866 2128 sint,
900 2082 946 2120 de
980 2082 1126 2121 Caesare
1160 2082 1246 2121 satis
1279 2082 1357 2121 hoc
1391 2091 1569 2135 tempore
1589 2081 1742 2119 dictum
1761 2080 1835 2119 ha-

436 2150 554 2189 bebo.

489 2217 610 2256 XIX.
642 2216 731 2255 Nec
751 2229 843 2254 vero
864 2215 910 2254 de
933 2216 981 2254 L.
1005 2215 1260 2268 Egnatuleio,
1284 2214 1493 2253 fortiflimo
1514 2223 1553 2252 et
1573 2213 1834 2252 constantiffi-

436 2297 505 2322 mo
537 2284 637 2329 cive,
668 2283 902 2321 amiciffimo
934 2283 1178 2335 reipublicae,
1210 2282 1404 2320 filendum
1436 2282 1632 2326 arbitror,
1670 2280 1733 2319 sed
1759 2281 1833 2318 tri-

438 2350 643 2389 buendum
661 2350 932 2389 testimonium
948 2349 1105 2388 virtutis
1123 2349 1303 2402 egregiae,
1322 2348 1429 2402 quod
1451 2349 1482 2387 is
1499 2348 1697 2401 legionem
1713 2357 1833 2400 quar-

435 2428 518 2458 tam
546 2417 593 2456 ad
623 2418 814 2457 Caesarem
834 2417 1054 2462 adduxerit,
1087 2431 1173 2470 quae
1195 2416 1371 2470 praesldio
1391 2415 1636 2461 consulibus,
1668 2413 1832 2458 senatui,

437 2486 667 2542 populoque
698 2486 908 2532 Romano,
940 2484 1074 2537 reique
1108 2484 1280 2537 publicae
1311 2483 1429 2523 effet:
1472 2482 1525 2521 ob
1560 2495 1645 2520 eam
1679 2479 1832 2519 causam
