2076 2860
677 194 828 233 PRO
888 194 1232 233 MILONE.
1582 209 1659 248 213

255 306 295 336 et
315 296 384 335 suo
399 297 489 349 jure
503 325 515 342 ,
547 294 670 348 poffet
688 295 723 346 ?)
756 294 821 333 sed
840 294 1018 348 praefidio
1038 294 1111 333 effe
1130 310 1138 333 :
1173 305 1216 333 ut
1237 294 1471 348 intelligatis
1488 325 1498 341 ,
1531 306 1667 334 contra

256 363 478 403 hesternam
499 362 736 401 concionem
757 362 870 401 illam
891 363 1010 401 licere
1030 362 1159 408 vobis,
1191 362 1299 415 quod
1320 362 1512 412 sentiatis,
1543 364 1668 403 libere

251 430 446 484 judicare.

312 495 493 536 XXVII.
526 496 615 536 Nec
635 509 726 535 vero
748 509 826 542 me,
850 495 1029 548 Judices,
1063 495 1307 535 Clodianum
1328 497 1480 535 crimen
1502 507 1666 544 movet3

257 576 329 602 nec
346 572 429 602 tam
444 563 531 602 sum
548 563 726 608 demens,
748 573 911 616 tamque
926 563 1041 602 vestri
1057 563 1186 602 sensus
1204 565 1362 616 ignarus
1380 574 1498 617 atque
1514 578 1667 617 expers,

257 639 302 668 ut
318 629 490 669 nesciam
506 629 604 683 quid
621 630 668 668 de
683 640 812 668 morte
830 629 967 668 Clodii
983 630 1174 669 sentiatis.
1198 631 1261 668 De
1277 644 1356 682 qua
1371 631 1397 669 fi
1409 633 1493 683 jam
1515 631 1668 670 nollem

255 696 312 735 ita
331 696 482 735 diluere
502 697 669 742 crimen,
702 706 747 735 ut
767 696 883 742 dilui,
917 706 1049 735 tamen
1070 697 1235 748 impune
1256 696 1409 734 Miloni
1434 697 1564 750 palam
1585 698 1667 736 cla-

256 776 378 809 mare,
401 772 520 816 atque
539 764 700 801 mentiri
722 763 905 815 gloriose,
928 763 1065 802 liceret
1084 778 1092 801 :
1129 763 1289 808 Occidi,
1316 763 1462 809 occidi,
1496 778 1575 801 non
1598 765 1664 817 Sp.

258 828 467 875 Maelium,
499 829 570 882 qui
590 842 745 867 annona
765 828 948 874 levanda,
975 828 1217 881 justumque
1238 829 1292 866 rei
1314 828 1543 874 familiaris,
1576 831 1669 882 quia

258 896 378 935 nimis
399 895 586 949 amplefii
606 896 765 949 plebem
787 896 1014 948 putabatur,
1041 896 1083 933 in
1106 895 1370 948 suspicionem
1392 896 1534 935 incidit
1556 899 1667 949 regni

256 962 492 1016 appetendi:
523 976 603 1000 non
625 962 723 1001 Tib.
749 961 997 1007 Gracchum,
1030 962 1100 1014 qui
1122 962 1283 1014 collegae
1304 963 1577 1016 magistratum
1598 977 1668 1016 per

256 1028 491 1067 seditionem
511 1027 742 1080 abrogavit:
776 1041 950 1080 quorum
983 1026 1252 1066 interfectores
1281 1029 1501 1081 implerunt
1529 1029 1667 1067 orbem

257 1104 450 1134 terrarum
473 1096 648 1134 nominis
670 1095 728 1133 sui
749 1095 902 1148 gloria:
936 1094 1000 1133 sed
1020 1108 1113 1133 eum
1129 1125 1139 1139 ,
1175 1095 1352 1148 (auderet
1380 1097 1488 1134 enim
1511 1096 1639 1134 dicere
1654 1127 1665 1142 ,

257 1176 351 1200 cum
368 1162 534 1215 patriam
553 1162 731 1215 periculo
749 1162 816 1200 suo
833 1161 1045 1212 liberaffet)
1064 1163 1177 1214 cujus
1196 1161 1411 1201 nefandum
1427 1163 1667 1202 adulterium

258 1229 299 1266 in
322 1229 594 1282 pulvinaribus
618 1228 860 1266 sandffiffimis
885 1228 1132 1266 nobiliffimae
1153 1228 1329 1268 foeminae
1351 1229 1666 1283 comprehende-

259 1304 380 1333 runt:
413 1309 521 1339 eum,
554 1296 667 1346 cujus
694 1294 891 1347 supplicio
912 1294 1064 1332 senatus
1088 1295 1296 1333 sollemnes
1320 1296 1530 1348 religiones
1552 1297 1666 1349 expi-

259 1361 376 1399 andas
398 1361 494 1414 saepe
516 1360 668 1398 censuit
687 1374 695 1399 ε
728 1374 835 1406 eum,
859 1374 979 1412 quem
1001 1375 1094 1399 cum
1116 1361 1242 1399 sorore
1265 1376 1449 1414 germana
1470 1362 1668 1402 nefarium

260 1426 438 1480 stuprum
459 1426 589 1464 feciffe
611 1427 660 1465 L.
685 1426 881 1465 Lucullus
902 1428 1056 1479 juratus
1086 1427 1121 1464 se
1137 1457 1147 1473 ,
1181 1428 1462 1480 quaestionibus
1491 1428 1637 1468 habitis
1654 1459 1665 1475 ,

260 1493 362 1532 dixit
377 1493 626 1546 comperiffe:
646 1507 753 1538 eum,
770 1495 841 1546 qui
857 1494 1000 1539 civem,
1017 1507 1137 1546 quem
1154 1494 1322 1540 senatus,
1340 1509 1460 1547 quem
1477 1496 1665 1549 populus,

259 1574 381 1613 quem
412 1573 549 1598 omnes
582 1569 718 1611 gentes
750 1560 858 1597 urbis
887 1572 930 1596 ac
958 1560 1047 1597 vitae
1075 1560 1226 1599 civium
1260 1561 1571 1600 conservatorem
1596 1563 1666 1614 ju-

260 1626 460 1672 dicabant,
483 1626 683 1664 servorum
703 1626 821 1664 armis
843 1626 1146 1664 exterminavit:
1181 1640 1287 1672 eum,
1311 1628 1380 1679 qui
1402 1641 1521 1680 regna
1541 1628 1664 1674 dedit,

260 1694 428 1739 ademit3
452 1693 591 1732 orbem
613 1702 817 1738 terrarum,
840 1693 1081 1746 quibuscum
1103 1694 1245 1740 voluit,
1267 1694 1435 1747 partitus
1457 1694 1532 1733 est:
1557 1709 1665 1741 eum,

261 1761 346 1814 qui,
378 1760 564 1814 plurimis
585 1760 759 1798 caedibus
780 1760 822 1798 in
843 1759 931 1798 soro
951 1759 1080 1804 factis,
1108 1760 1294 1813 fingulari
1314 1761 1461 1799 virtute
1483 1770 1520 1799 et
1541 1761 1669 1814 gloria

262 1827 390 1864 civem
411 1826 577 1865 domum
598 1826 636 1864 vi
658 1835 696 1864 et
716 1826 834 1864 armis
857 1825 1055 1878 compulit
1074 1841 1082 1863 ε
1117 1839 1208 1863 eum
1223 1855 1234 1870 ‚
1267 1826 1333 1864 cui
1361 1825 1463 1864 nihil
1491 1841 1668 1880 unquam

262 1892 369 1931 nefas
400 1892 479 1931 fuit
508 1906 580 1931 nec
611 1893 653 1930 in
683 1891 872 1938 facinore,
905 1906 977 1930 nec
1009 1892 1049 1930 in
1078 1892 1273 1931 libidine:
1308 1907 1415 1938 eum,
1448 1895 1518 1947 qui
1546 1893 1668 1933 aedem

262 1958 548 2012 Nympharum
583 1959 787 2005 incendit,
820 1968 864 2006 ut
897 1959 1131 1997 memoriam
1167 1959 1371 2012 publicam
1406 1960 1638 1999 recensionis
1656 1991 1666 2006 ,

262 2025 408 2064 tabulis
429 2025 604 2079 publicis
626 2025 863 2079 impressam,
886 2026 1155 2077 extingueret:
1179 2039 1271 2064 eum
1293 2025 1478 2079 denique,
1502 2027 1567 2066 cui
1584 2028 1669 2079 jam

264 2093 373 2131 nulla
392 2093 456 2131 lex
477 2101 583 2138 erat,
617 2092 776 2130 nullum
798 2091 914 2129 civile
929 2092 996 2144 jus
1012 2122 1022 2136 ,
1055 2092 1157 2129 nulli
1178 2092 1454 2144 poffeffionum
1476 2094 1637 2131 termini
1656 2109 1665 2132 ε

264 2160 334 2210 qui
355 2173 434 2197 non
457 2159 656 2197 calumnia
676 2159 811 2196 litium
826 2187 837 2202 ‚
870 2172 950 2195 non
972 2158 1124 2210 injustis
1146 2158 1330 2197 vindiciis
1353 2173 1395 2196 ac
1418 2159 1667 2198 sacramentis

264 2225 410 2262 alienos
432 2225 593 2270 fundos,
617 2224 680 2262 sed
701 2224 846 2269 castris,
869 2225 1060 2271 exercitu,
1084 2225 1202 2278 fignis
1224 2225 1455 2272 inferendis,
1479 2227 1637 2279 petebat
1656 2243 1664 2265 :

264 2291 333 2343 qui
356 2304 432 2328 non
456 2291 583 2328 solum
606 2290 792 2329 Etruscos
807 2320 818 2336 ,
854 2293 936 2344 (eos
957 2292 1066 2330 enim
1089 2293 1246 2344 penitus
1268 2293 1580 2346 contempserat)
1605 2293 1667 2330 sed

265 2356 372 2394 hunc
402 2357 671 2408 QVarium‚
704 2357 834 2395 virum
861 2356 1117 2396 fortiffimum
1145 2368 1262 2411 atque
1284 2359 1485 2411 optimum
1513 2359 1639 2396 civem
1656 2388 1666 2403 ,

260 2423 440 2475 judicem
462 2423 637 2461 nostrum
652 2453 662 2468 ,
696 2424 839 2477 pellere
865 2425 1158 2477 poffeffionibus
1180 2427 1297 2464 armis
1319 2426 1524 2478 castrisque
1547 2439 1665 2462 cona-

268 2500 328 2527 tus
351 2489 428 2527 est:
463 2489 531 2542 qui
565 2502 657 2527 cum
689 2489 912 2529 architectis
946 2501 985 2529 et
1017 2491 1265 2543 decempedis
1301 2492 1411 2530 villas
1446 2491 1667 2529 multorum
