2076 2860
692 194 769 233 IN
829 195 879 233 L.
942 193 1298 233 PISONEM.
1625 198 1698 250 169

342 290 458 329 XXI.
492 291 598 328 Ecce
619 290 694 328 tibi
710 291 821 336 alter,
837 290 1051 343 effusajam
1068 292 1242 330 maxima
1258 292 1398 344 praeda,
1415 307 1535 346 quam
1549 308 1596 333 ex
1614 295 1697 334 for-

296 357 403 394 tunis
424 356 746 409 publicanorum,
765 370 813 395 ex
829 357 931 409 agris
954 357 1197 411 urbibusque
1219 358 1430 406 sociorum,
1454 360 1697 407 exhauserat,

295 435 389 460 cum
411 422 556 475 partim
576 423 660 475 ejus
681 422 819 475 praedae
840 421 1046 475 profundae
1067 424 1254 463 libidines
1277 425 1529 472 devorassent,
1552 429 1698 480 partim

295 501 396 526 nova
414 488 595 541 quaedarn
615 498 654 527 et
674 489 851 527 inaudita
871 490 1068 536 luxuries,
1101 491 1247 543 partim
1268 492 1387 530 etiam
1408 492 1449 530 in
1471 493 1550 532 illis
1573 494 1671 532 locis
1685 525 1696 540 ,

294 555 366 593 ubi
387 555 522 593 omnia
541 555 723 609 diripuit,
754 557 991 608 emptiones,
1023 558 1167 610 partim
1189 559 1499 610 permutationes
1521 560 1568 598 ad
1588 560 1697 599 hunc

295 621 571 660 Tusculanum
592 631 772 660 montem
793 622 1086 669 extruendum3
1120 637 1212 661 cum
1229 624 1314 675 jam
1338 634 1483 676 egeret,
1516 640 1609 664 curn
1632 627 1700 665 illa

294 688 377 739 ejus
400 688 592 726 immensa
611 698 649 727 et
671 688 931 727 intolerabilis
954 689 1161 728 aedificatio
1182 689 1440 735 constitiffet3
1473 691 1510 730 se
1540 693 1669 745 ipsum
1686 722 1696 738 ,

294 753 413 792 fasces
436 755 538 799 suos,
570 755 790 793 exercitum
812 755 952 808 populi
974 756 1163 801 Romani,
1192 769 1339 794 numen
1360 757 1699 811 interdiCtumque

295 820 476 858 Deorum
497 821 787 858 immortalium
801 850 810 865 ‚
844 821 1022 873 responsa
1042 821 1286 859 sacerdotum
1300 852 1311 867 ,
1343 824 1617 862 au&0ritatem
1640 826 1697 862 se-

296 897 424 933 natus,
451 887 551 940 juffa
570 887 725 940 populi,
749 900 895 924 nomen
917 901 960 925 ac
981 887 1219 940 dignitatem
1241 889 1414 942 imperii,
1438 891 1520 943 regi
1541 893 1696 945 AEgyp-

295 954 351 991 tio
372 953 565 992 vendidit.
599 954 706 991 Cum
728 953 824 990 fines
847 954 1059 1005 provinciae
1082 963 1210 993 tantos
1232 954 1407 1001 haberet,
1435 967 1604 1009 quantos
1626 972 1697 996 vo-

293 1019 418 1058 luerat
432 1050 444 1066 ,
476 1029 644 1073 quantos
677 1029 877 1073 optaverat
892 1050 902 1065 ,
935 1031 1104 1074 quantos
1126 1023 1205 1060 mei
1227 1024 1366 1075 capitis
1389 1025 1517 1076 pretio
1538 1026 1697 1077 pericu-

294 1086 413 1140 loque
433 1095 607 1131 emerat;
640 1086 702 1124 his
726 1086 761 1124 se
783 1096 914 1125 tenere
936 1101 1013 1125 non
1037 1089 1184 1140 potuit.
1219 1089 1453 1128 Exercitum
1479 1090 1618 1129 eduxit
1648 1106 1696 1130 ex

294 1153 416 1204 Syria.
450 1152 533 1205 Qi
563 1153 678 1191 licuit
709 1162 817 1191 extra
846 1154 1126 1205 provinciam?
1159 1155 1325 1193 Tribuit
1353 1156 1389 1193 se
1411 1158 1699 1196 mercenarium

294 1220 484 1257 comitem
515 1219 597 1271 regi
628 1219 912 1258 Alexandrino.
948 1219 1059 1271 Qid
1084 1219 1160 1258 hoc
1184 1222 1371 1274 turpius?
1406 1223 1451 1260 In
1473 1224 1697 1276 AEgyptum

293 1286 429 1324 venit:
463 1286 568 1338 signa
589 1286 761 1323 contulit
782 1300 876 1323 cum
907 1286 1202 1326 Alexandrinis.
1237 1289 1409 1340 Qando
1438 1288 1515 1327 hoc
1545 1290 1698 1329 bellum

294 1361 360 1390 aut
393 1351 460 1390 hic
492 1351 609 1397 ordo,
641 1361 707 1389 aut
735 1352 932 1404 populus,
965 1353 1210 1405 susceperat?
1245 1355 1364 1407 Cepit
1397 1355 1694 1396 Alexandriam.

294 1419 405 1471 Qid
426 1418 533 1456 aliud
554 1420 804 1471 expe&amus
826 1432 847 1456 a
866 1418 999 1458 furore
1020 1421 1120 1473 ejus,
1152 1421 1222 1459 nisi
1246 1429 1288 1458 ut
1310 1421 1356 1458 ad
1378 1421 1555 1461 senatum
1578 1424 1695 1462 tantis

292 1485 340 1524 de
361 1484 476 1524 rebus
498 1485 612 1538 gestis
635 1485 765 1523 literas
787 1485 921 1524 mittat
939 1486 953 1523 ?

350 1553 433 1590 Hic
456 1552 482 1590 fi
504 1553 649 1590 mentis
671 1551 761 1590 effet
782 1551 870 1597 suae,
894 1552 964 1590 nifi
985 1566 1120 1605 poenas
1142 1554 1275 1605 patriae
1297 1554 1465 1607 Diisque
1486 1555 1696 1594 immorta-

291 1619 398 1656 libus
419 1631 495 1664 eas‚
527 1632 613 1671 quae
634 1618 862 1670 graviffimae
884 1618 988 1663 sunt,
1020 1618 1152 1656 furore
1173 1629 1290 1672 atque
1311 1620 1457 1658 insania
1478 1621 1694 1673 penderet;

292 1683 404 1722 ausus
426 1683 517 1721 effet
540 1683 678 1735 (mitto
699 1683 804 1721 exire
825 1682 872 1721 de
892 1683 1114 1736 provincia)
1137 1684 1301 1723 educere
1327 1686 1548 1725 exercitum
1563 1717 1574 1733 ,
1607 1687 1694 1726 bel-

292 1750 379 1788 lum
400 1749 465 1788 sua
485 1750 622 1803 sponte
642 1763 800 1802 gerere,
832 1750 873 1787 in
904 1763 1072 1802 regnum
1102 1751 1247 1804 injussu
1276 1753 1416 1805 populi
1447 1762 1514 1792 aut
1542 1753 1695 1794 senatus

291 1816 475 1855 accedere
493 1818 506 1855 ?
539 1830 625 1869 quae
646 1830 740 1855 cum
762 1816 943 1869 plurimae
958 1817 1069 1869 ,leges
1090 1827 1237 1856 veteres
1254 1848 1264 1864 ,
1298 1828 1385 1857 tum
1415 1820 1479 1858 lex
1510 1821 1697 1860 Cornelia

290 1882 516 1936 majestatis,
539 1883 647 1934 Julia
666 1882 713 1920 de
734 1883 913 1936 pecuniis
936 1884 1178 1936 repetundis,
1202 1885 1421 1937 planiffime
1442 1895 1600 1926 vetant:
1631 1887 1694 1926 sed

290 1948 375 1988 haec
396 1950 555 1987 omitto.
589 1949 677 1994 Ille,
701 1949 727 1987 fi
750 1963 829 1987 non
851 1949 1038 1988 acerrime
1058 1949 1221 1996 fureret,
1253 1951 1425 1997 auderet,
1458 1966 1578 2005 quam
1599 1967 1694 2006 pro-

291 2016 464 2054 vinciam
486 2016 530 2055 P.
551 2016 762 2061 Lentulus,
786 2017 1041 2055 amiciffimus
1062 2016 1159 2057 huic
1180 2018 1325 2064 ordini,
1348 2033 1442 2057 cum
1464 2029 1501 2058 et
1522 2021 1694 2059 31161011-

293 2092 370 2121 tate
391 2083 543 2122 senatus
565 2091 603 2122 et
625 2082 724 2120 sorte
744 2082 920 2128 haberet,
954 2084 1180 2137 interposita
1204 2085 1395 2138 religione
1417 2086 1495 2124 fine
1516 2087 1598 2125 ulla
1617 2087 1693 2125 du-

292 2149 484 2187 bitatione
506 2148 751 2202 deposuifl'et,
783 2163 868 2187 eam
891 2150 961 2187 fibi
982 2150 1190 2197 asciscere;
1224 2166 1332 2198 cum,
1364 2153 1484 2190 etiam
1506 2153 1530 2191 fi
1554 2154 1694 2206 religio

294 2228 372 2252 non
394 2215 618 2267 impediret,
638 2228 722 2251 mos
746 2216 939 2267 majorum
963 2226 1109 2263 tamen,
1132 2227 1170 2256 et
1192 2219 1387 2272 exempla,
1405 2229 1442 2257 et
1465 2220 1694 2271 graviffimae

292 2280 427 2332 legum
448 2294 587 2332 poenae,
618 2289 792 2319 vetarent
811 2282 824 2318 ?

350 2346 486 2384 XXII.
520 2345 607 2390 Sed,
625 2348 812 2398 quoniam
836 2347 1084 2388 fortunarum
1102 2352 1400 2388 contentionem
1418 2350 1543 2389 facere
1564 2351 1690 2403 coepi-

293 2425 397 2456 mus,
416 2411 463 2449 de
484 2411 611 2450 reditu
630 2412 793 2450 Gabinii
811 2414 1042 2453 omittamus
1060 2431 1068 2454 :
1093 2430 1212 2468 quem
1230 2417 1295 2454 etfi
1316 2417 1383 2454 fibi
1404 2417 1482 2469 ipse
1499 2417 1690 2469 praecidit,

291 2492 366 2532 ego
396 2488 541 2523 tamen,
575 2492 616 2516 os
640 2488 682 2516 ut
705 2480 854 2517 videam
878 2480 1067 2527 hominis,
1100 2486 1277 2533 expecto.
1312 2485 1467 2526 Tuum,
1500 2483 1525 2520 s1
1547 2483 1689 2535 placet,

376 2546 450 2584 To
467 2559 518 2584 M.
555 2546 623 2583 Vl.
1352 2550 1388 2586 Y
