2076 2860
647 167 1223 207 PHILIPPICA
1301 168 1354 207 V.
1621 184 1696 223 357

304 270 443 309 locum
464 269 649 308 tenebant
671 269 824 307 barbari
844 268 1048 321 sagittarii.
1088 270 1194 307 Cum
1215 278 1347 308 autem
1367 278 1446 309 erat
1467 280 1631 310 ventum
1652 272 1699 310 ad

306 335 430 374 aedem
464 334 711 379 Concordiae,
743 334 884 386 gradus
917 334 1236 386 complebantur,
1268 336 1414 375 leeticae
1444 337 1698 376 collocaban-

307 410 395 440 tur:
425 415 505 439 non
527 414 607 453 quo
628 401 696 438 ille
717 400 825 438 scuta
844 400 1002 439 occulta
1022 400 1094 438 effe
1115 401 1248 447 vellet,
1270 401 1334 440 sed
1355 416 1402 441 ne
1423 402 1649 450 familiares,
1672 404 1698 442 si

305 467 413 506 scuta
433 468 503 521 ipfi
524 467 686 513 ferrent,
718 468 954 506 laborarent.

361 535 458 573 VII.
492 534 599 573 Illud
631 548 722 572 vero
755 535 1004 572 teterrimum
1037 548 1117 572 non
1149 535 1270 574 modo
1301 536 1453 582 auditu,
1486 537 1549 576 sed
1580 538 1701 577 etiam

305 600 502 653 adspectu,
533 600 575 639 in
596 600 695 639 cella
715 601 947 639 Concordiae
969 601 1155 640 collocari
1175 612 1358 648 armatOS‚
1390 603 1573 649 latrones,
1605 605 1700 643 sica-

306 667 412 705 rios:
454 666 502 705 de
536 667 688 719 templo
722 680 918 705 carcerem
953 667 1064 706 fieri:
1101 669 1247 720 opertis
1283 668 1403 707 valvis
1441 671 1699 716 Concordiae,

304 746 400 771 cum
427 734 529 771 inter
560 732 741 771 subsellia
768 733 920 771 senatus
954 733 1193 772 versarentur
1225 734 1409 780 latrones,
1441 746 1567 788 patres
1601 751 1698 775 con-

307 798 472 851 scriptos
505 798 713 836 sententias
747 798 888 837 dicere.
936 800 1032 837 Huc
1065 799 1184 837 etiam
1217 800 1287 838 nifi
1319 801 1494 839 venirem
1530 803 1697 841 Kalend.

307 866 509 918 Septemb.
540 864 671 904 fabros
704 865 740 903 se
773 865 993 911 miffurum,
1028 875 1067 904 et
1099 866 1265 905 domum
1298 881 1426 906 meam
1460 868 1699 908 disturbatu-

307 944 412 975 rum,
434 931 506 969 effe
527 930 643 968 dixit.
677 931 827 983 Magna
847 945 921 976 res,
944 931 1075 977 credo,
1098 932 1298 984 agebatur.
1331 934 1395 972 De
1415 933 1701 987 supplicatione

306 995 510 1034 referebat.
549 996 651 1033 Veni
685 996 897 1048 postridie:
931 996 1011 1049 ipse
1044 1011 1124 1036 non
1159 998 1280 1037 venit.
1326 1000 1503 1038 Locutus
1537 1001 1622 1039 sum
1655 1002 1701 1040 de

305 1062 536 1114 repub11ca:
580 1062 713 1100 minus
748 1062 934 1115 equidem
969 1062 1116 1109 libere,
1154 1078 1274 1116 quam
1310 1080 1396 1103 mea
1429 1068 1699 1113 consuetudo;

304 1129 468 1168 liberius
490 1139 635 1175 tamen,
668 1143 787 1182 quam
809 1129 977 1182 periculi
997 1130 1113 1168 minae
1135 1131 1397 1183 postulabant.
1435 1134 1490 1172 At
1512 1135 1593 1180 ille,
1626 1134 1700 1173 ho-

306 1209 375 1234 mo
408 1194 619 1234 vehemens
655 1204 693 1233 et
726 1195 946 1240 violentus,
978 1196 1048 1248 qui
1083 1195 1185 1235 hanc
1220 1198 1546 1238 consuetudinem
1581 1201 1703 1239 libere

309 1261 468 1299 dicendi
501 1260 753 1306 excluderet,
787 1260 956 1313 (fecerat
995 1262 1102 1300 enim
1141 1262 1218 1301 hoc
1258 1264 1364 1302 idem
1404 1267 1577 1304 maxima
1611 1281 1703 1305 cum

308 1327 423 1366 laude
455 1327 504 1365 L.
531 1326 618 1364 Piso
649 1340 739 1364 xxx
772 1326 910 1364 diebus
941 1336 1029 1364 ante
1058 1327 1139 1377 me)
1164 1328 1395 1368 inimicitias
1417 1331 1519 1369 mihi
1547 1332 1702 1371 denun-

309 1393 449 1432 tiavit:
483 1392 603 1430 adeffe
633 1393 675 1430 in
705 1392 838 1430 senatu
863 1392 972 1445 juffit
1002 1406 1035 1431 a.
1066 1393 1105 1432 d.
1130 1407 1238 1433 XIII.
1272 1395 1465 1434 Kalendas
1499 1399 1700 1437 Oe'tobriS.

308 1460 394 1513 Ipse
415 1461 561 1498 interea
581 1459 717 1498 decem
737 1468 775 1497 et
796 1459 943 1511 septem
965 1459 1046 1496 dies
1067 1459 1114 1497 de
1143 1474 1207 1498 me
1237 1461 1275 1498 in
1300 1462 1518 1501 Tiburtino
1547 1465 1701 1518 Scipio-

308 1526 368 1563 nis
390 1525 671 1569 declamitavit,
705 1524 808 1562 fitim
830 1537 1033 1577 quaerens:
1066 1523 1149 1563 haec
1182 1527 1289 1564 enim
1322 1528 1357 1564 ei
1390 1529 1501 1566 causa
1531 1529 1603 1568 effe
1631 1530 1700 1568 de-

308 1590 505 1628 clamandi
526 1590 637 1629 solet.

365 1658 473 1694 Cum
506 1656 537 1694 is
570 1656 676 1700 dies,
708 1670 788 1708 quo
820 1670 883 1694 me
915 1656 1035 1694 adeffe
1061 1657 1245 1708 jusserat,
1277 1659 1460 1705 veniffet,
1494 1670 1580 1699 tum
1612 1675 1703 1701 vero

308 1723 465 1775 agmine
487 1722 674 1774 quadrato
696 1723 734 1759 in
758 1722 880 1760 aedem
903 1723 1135 1761 Concordiae
1156 1724 1263 1762 venit
1279 1754 1289 1769 ,
1321 1735 1438 1778 atque
1467 1727 1507 1763 in
1538 1741 1601 1764 me
1631 1728 1701 1765 ab·

309 1789 459 1828 sentem
490 1789 708 1827 orationem
741 1801 805 1826 ore
837 1789 1099 1841 impuriffimo
1131 1791 1322 1829 evomuit.
1365 1792 1458 1842 Qo
1480 1792 1556 1837 die,
1589 1793 1615 1831 fi
1636 1808 1705 1846 per

309 1856 457 1894 amicos
486 1854 588 1894 mihi
620 1855 797 1907 cupienti
828 1855 869 1892 in
902 1855 1077 1893 senatum
1108 1856 1240 1894 venire
1272 1857 1454 1903 licuifl'et,
1486 1858 1601 1897 caedis
1623 1860 1702 1897 ini-

310 1922 413 1960 tium
447 1920 597 1959 feciffet
631 1935 652 1958 a
685 1935 776 1959 me:
810 1921 860 1958 fic
892 1921 1000 1958 enim
1036 1921 1230 1960 statuerat.
1279 1924 1384 1961 Cum
1420 1933 1550 1963 autem
1586 1926 1703 1964 semel

309 1986 487 2039 gladium
509 1986 649 2025 scelere
669 1986 882 2031 imbuisset,
915 1986 1025 2024 nulla
1045 2000 1103 2024 res
1124 1987 1159 2024 ei
1181 1987 1301 2026 finem
1321 1988 1511 2035 caedendi,
1542 1991 1612 2029 nifi
1635 1992 1704 2029 de-

309 2052 490 2105 fatigatio
510 2062 548 2091 et
569 2052 734 2098 satietas,
758 2052 958 2090 attuliffet.
992 2053 1155 2090 Etenim
1176 2053 1304 2093 aderat
1326 2056 1375 2093 L.
1398 2055 1530 2102 frater,
1553 2057 1703 2110 gladia-

311 2127 372 2156 tor
403 2118 612 2163 Afiaticus,
645 2118 714 2170 qui
750 2118 943 2155 mirmillo
978 2118 1139 2169 Mylafis
1173 2120 1440 2173 depugnarat:
1474 2122 1705 2175 sanguinem

313 2183 489 2222 nostrum
510 2184 676 2227 sitiebat,
709 2183 822 2221 suum
852 2184 893 2221 in
923 2184 990 2221 illa
1010 2184 1240 2236 gladiatoria
1260 2201 1393 2239 pugna
1413 2187 1587 2226 multum
1608 2204 1702 2242 pro-

312 2249 480 2287 fuderat.
518 2249 600 2287 Hic
621 2249 804 2301 pecunias
827 2249 970 2287 nostras
992 2250 1231 2290 aestimabat:
1263 2252 1506 2305 poffeffiones
1527 2255 1702 2301 notabat,

312 2325 351 2354 et
373 2315 553 2359 urbanas,
576 2324 614 2352 et
634 2314 791 2353 rusticas
812 2330 820 2353 :
853 2315 971 2367 hujus
994 2316 1243 2363 mendicitas,
1275 2319 1458 2358 aviditate
1478 2321 1702 2372 conjundta,

314 2383 354 2421 in
372 2381 547 2420 fortunas
566 2380 709 2420 nostras
726 2382 980 2420 imminebat:
1000 2382 1199 2422 dividebat
1215 2397 1341 2436 agros,
1358 2386 1518 2437 quibus,
1534 2396 1571 2423 et
1588 2400 1702 2438 quos,

315 2446 491 2486 volebat:
517 2447 649 2486 nullus
671 2447 797 2486 aditus
819 2457 898 2485 erat
920 2449 1085 2499 privato,
1112 2448 1221 2487 nulla
1241 2450 1435 2501 aequitatis
1457 2450 1699 2502 deprecatio:
