2076 2860
695 147 1272 188 PH1L1ppicA
1348 147 1424 188 VI.
1683 163 1761 205 371.

363 250 559 290 nefarium
579 249 738 288 illatum
760 250 988 303 reipublicae
1009 263 1104 289 cum
1124 250 1314 296 viderem,
1346 250 1498 288 nullam
1519 262 1671 289 moram
1696 251 1761 290 in-

363 318 647 371 terponendam
674 317 906 369 insequendi
936 317 1000 355 M.
1024 318 1251 355 Antonium
1279 317 1441 370 putavi:
1474 315 1762 370 hominemque

362 383 674 428 audaciffimum,
707 383 792 435 qui,
825 382 964 421 multis
996 382 1155 421 nefariis
1177 383 1292 421 rebus
1314 392 1402 421 ante
1423 383 1652 429 commiffis,
1683 382 1761 422 hoc

363 458 543 502 tempore
577 450 855 502 imperatorem
888 449 1028 502 populi
1064 450 1238 487 Romani
1269 458 1530 503 oppugnaret,
1561 449 1760 488 coloniam

362 515 526 554 vestram
556 515 779 554 fidiffimam
800 514 1130 568 fortiffimamque
1150 515 1356 561 obfideret,
1390 516 1495 554 bello
1515 515 1648 554 censui
1669 529 1760 570 per-

362 581 635 634 sequendum:
669 581 893 620 tumultum
913 581 986 620 effe
1006 581 1179 627 decerni,
1205 582 1407 634 justitium
1432 581 1549 626 edici,
1581 582 1668 635 saga
1694 582 1760 621 su·-

363 649 434 693 mi‚
466 648 551 686 dixi
583 648 734 701 placere
751 667 762 693 ς
796 662 875 700 quo
902 662 1038 686 omnes
1067 648 1192 686 acrius
1223 648 1456 700 graviusque
1482 649 1762 687 incumberent

361 713 407 751 ad
430 714 670 752 ulciscendas
693 714 920 766 reipublicae
942 715 1119 766 injurias,
1143 714 1169 751 fi
1191 714 1326 751 omnia
1345 713 1555 765 graviffimi
1578 714 1674 753 belli
1694 715 1761 752 in-

362 779 483 831 fignia
504 779 679 832 suscepta
698 793 718 817 a
739 779 872 817 senatu
894 779 1085 818 viderent.
1134 780 1272 831 Itaque
1303 779 1387 817 haec
1415 779 1620 825 sententia,
1653 780 1767 832 Qi-·

362 846 469 891 rites‚
497 846 548 884 fic
570 859 637 898 per
658 845 836 883 triduum
857 846 995 890 valuit,
1029 855 1086 890 ut,
1118 859 1346 898 quanquam
1366 845 1539 884 disceffio
1559 845 1661 884 faeta
1679 860 1760 884 non

361 911 466 956 effet,
499 920 645 956 tamen,
677 921 815 964 praeter
835 924 996 963 paucos,
1028 924 1165 949 omnes
1187 910 1289 949 mihi
1317 911 1498 949 assensuri
1517 911 1759 950 viderentur.

362 977 571 1015 Hodierno
591 986 723 1015 autem
745 977 822 1022 die,
854 977 985 1015 nescio
1017 991 1094 1029 qua
1123 978 1176 1015 eis
1207 978 1360 1029 objecta
1392 992 1445 1022 re,
1478 977 1668 1016 remiffior
1700 977 1759 1016 se-

360 1051 474 1080 natus
496 1041 575 1080 fuit
593 1057 602 1080 :
635 1055 727 1080 nam
747 1042 878 1094 plures
900 1056 986 1080 eam
1007 1042 1239 1080 sententiam
1261 1042 1383 1080 secuti
1404 1043 1508 1088 sunt,
1541 1052 1599 1088 ut,
1631 1057 1758 1096 quan-

360 1117 448 1146 tum
471 1107 622 1146 senatus
644 1108 850 1146 auctoritas
872 1107 1071 1160 vesterque
1091 1107 1299 1145 consensus
1321 1109 1424 1161 apud
1445 1109 1672 1148 Antonium
1691 1122 1758 1147 va-

361 1174 504 1212 liturus
526 1174 631 1218 esset,
664 1188 732 1226 per
752 1173 900 1226 legatos
922 1175 1204 1226 experiremur.

418 1242 474 1278 II.
508 1240 712 1291 Intelligo,
745 1240 938 1290 Qirstes,
971 1253 992 1276 a
1020 1240 1132 1277 vobis
1154 1239 1255 1278 hanc
1277 1240 1512 1279 sententiam
1533 1240 1758 1295 repudiari:

363 1319 490 1359 neque
511 1306 669 1358 injuria.
693 1304 757 1342 Ad
778 1318 899 1356 quem
920 1305 1028 1343 enim
1050 1305 1197 1357 legatos
1215 1307 1227 1342 ?
1251 1305 1298 1343 ad
1313 1320 1471 1351 eumne,
1489 1308 1574 1359 qui,
1592 1307 1760 1360 pecunia

362 1371 523 1424 publica
543 1370 718 1423 diffipata
738 1379 854 1422 atque
874 1369 1007 1415 effusa,
1040 1384 1107 1422 per
1138 1372 1220 1408 vim
1252 1380 1291 1408 et
1320 1380 1458 1410 contra
1483 1373 1655 1425 auspicia
1679 1373 1757 1411 im-

360 1438 494 1490 positis
522 1437 672 1490 populo
704 1437 888 1475 Romano
918 1437 1088 1489 legibus,
1120 1436 1255 1489 fugata
1286 1438 1492 1483 concione,
1524 1439 1671 1477 obsesso
1699 1438 1758 1476 se-

361 1513 469 1548 natu,
501 1503 549 1541 ad
581 1503 881 1555 opprimendam
914 1502 1202 1555 rempublicam
1235 1503 1455 1541 Brundusio
1487 1504 1662 1556 legiones
1693 1517 1757 1541 ar·-

359 1569 536 1607 cefferit?
569 1568 615 1606 ab
638 1568 699 1606 his
722 1568 894 1613 relictus,
917 1582 1011 1606 cum
1032 1568 1232 1606 latronum
1252 1581 1372 1606 manu
1394 1569 1434 1606 in
1456 1569 1631 1607 Galliam
1652 1571 1757 1608 irru-

359 1637 490 1689 perit?
515 1636 685 1673 Brutum
706 1636 939 1687 oppugnet?
963 1635 1168 1673 Mutinam
1189 1635 1500 1674 circumsedeat?
1524 1637 1623 1688 Qae
1643 1637 1756 1675 vobis

360 1701 486 1755 potest
519 1715 613 1739 cum
645 1700 722 1740 hoc
753 1702 967 1754 gladiatore
998 1701 1256 1747 conditionis,
1287 1701 1499 1754 aequitatis,
1531 1702 1757 1756 legationis,

359 1768 432 1807 effe
453 1768 718 1807 communitas
739 1768 752 1805 ?

415 1836 671 1886 Qanquam,
704 1833 898 1884 Qirites,
930 1845 1010 1871 non
1042 1832 1097 1870 est
1128 1832 1198 1870 illa
1227 1832 1388 1885 legatio,
1420 1833 1483 1872 sed
1508 1834 1757 1874 denuntiatio

359 1900 470 1946 belli,
503 1900 572 1939 nifi
594 1899 766 1953 paruerit
784 1915 793 1938 ι
827 1900 882 1937 ita
901 1901 1009 1938 enim
1028 1899 1083 1938 est
1103 1900 1322 1946 decretum,
1345 1909 1389 1939 ut
1410 1901 1436 1939 fi
1457 1901 1577 1953 legati
1597 1901 1645 1939 ad
1665 1903 1755 1940 An-

358 1966 534 2004 nibalem
556 1966 823 2004 mitterentur.
847 1965 1074 2003 Mittuntur
1094 1965 1202 2003 enim
1222 1966 1291 2018 qui
1314 1966 1514 2012 nuntient,
1533 1980 1581 2005 ne
1595 1980 1755 2020 oppug-

358 2041 424 2071 net
454 2031 657 2071 consulem
687 2031 946 2083 designatum,
978 2045 1026 2069 ne
1056 2031 1262 2070 Mutinam
1294 2033 1479 2078 obfideat,
1511 2047 1560 2071 ne
1590 2035 1755 2087 provin-

359 2099 462 2136 ciam
483 2098 760 2150 depopuletur,
794 2110 841 2134 ne
861 2097 1032 2136 delectus
1054 2097 1222 2144 habeat;
1256 2099 1301 2136 sit
1334 2099 1374 2137 in
1407 2099 1559 2137 senatus
1590 2100 1755 2153 populi-

359 2178 436 2216 que
459 2164 633 2202 Romani
654 2163 854 2216 potestate.
902 2164 1035 2202 Facile
1067 2178 1158 2203 vero
1190 2163 1285 2203 huic
1317 2165 1609 2204 denuntiationi
1638 2179 1752 2219 pare-

358 2231 431 2275 bit,
465 2239 509 2268 ut
541 2230 582 2267 in
617 2239 774 2282 patrum
807 2229 1123 2283 conscriptorum
1143 2240 1260 2284 atque
1282 2232 1321 2269 in
1345 2232 1464 2270 vestra
1484 2232 1670 2284 potestate
1690 2232 1751 2277 fit,

357 2297 427 2350 qui
451 2296 491 2333 in
513 2296 578 2334 sua
598 2309 803 2349 nunquam
824 2296 958 2335 fuerit.
1004 2297 1114 2350 Qid
1144 2298 1251 2336 enim
1285 2298 1352 2335 ille
1385 2312 1560 2350 unquam
1590 2298 1754 2336 arbitrio

359 2362 427 2401 suo
449 2362 559 2409 fecit,
592 2362 742 2415 semper
773 2377 819 2401 eo
851 2365 1010 2409 tractus,
1042 2378 1122 2417 quo
1155 2365 1281 2402 libido
1314 2365 1457 2416 rapuit,
1489 2380 1569 2416 quo
1599 2365 1749 2408 levitas,

360 2444 441 2483 quo
462 2428 586 2476 furor,
619 2443 698 2482 quo
719 2429 965 2469 vinolentia?
999 2431 1158 2483 Semper
1185 2445 1274 2470 eum
1297 2430 1375 2468 duo
1397 2431 1593 2468 diffimilia
1613 2443 1753 2482 genera

1281 2497 1314 2532 A
1338 2509 1357 2532 a
1378 2509 1397 2533 a
1428 2509 1448 2533 2
