2076 2860
705 176 846 215 PRO
909 176 953 216 Ρ.
1016 175 1311 216 SEXTIO.
1663 193 1714 234 23

306 273 476 327 spirante
496 273 617 312 etiam
638 274 857 326 republica,
890 273 938 311 ad
968 274 1052 326 ejus
1075 274 1198 328 spolia
1218 274 1471 321 detrahenda,
1505 275 1714 315 advolave-

305 350 412 380 runt.
443 341 603 379 Omitto
623 341 922 394 gratulationes,
946 341 1095 393 epulas,
1119 342 1376 394 partitionem
1399 343 1536 388 aerarii,
1562 343 1713 382 benefi-

304 408 387 452 cia,
419 407 555 461 spem,
587 407 797 461 promiffa,
830 407 1027 461 praedam,
1062 408 1242 447 laetitiam
1275 423 1495 462 paucorum
1528 410 1569 447 in
1603 410 1713 449 luctu

303 474 503 514 omnium,
528 475 756 513 Vexabatur
777 488 878 513 uxor
899 489 985 513 mea
1003 490 1012 514 z
1037 475 1154 514 liberi
1175 476 1222 514 ad
1244 490 1383 515 necem
1405 476 1683 529 quaerebantur
1702 493 1711 515 :

301 555 445 594 gener,
478 551 516 581 et
539 542 628 580 Piso
648 556 791 595 gener,
824 556 845 580 a
866 542 1019 580 Pisonis
1042 543 1214 581 consulis
1237 543 1405 596 pedibus
1429 543 1595 596 supplex
1618 544 1713 597 reji-

301 608 481 646 ciebatur
499 625 508 647 ε
542 609 645 647 bona
666 609 972 662 diripiebantur,
995 623 1117 661 eaque
1138 609 1185 647 ad
1207 609 1386 647 consules
1409 609 1710 650 deferebantur:

303 674 445 714 domus
467 676 626 714 ardebat
648 676 688 714 in
711 676 888 715 Palatio:
913 676 1092 714 consules
1114 676 1390 729 epulabantur.
1423 676 1544 728 Qod
1567 677 1591 714 fi
1614 678 1713 715 meis

303 743 572 781 incommodis
595 743 843 788 laetabantur,
863 743 971 781 urbis
991 752 1121 781 tamen
1143 743 1323 796 periculo
1344 754 1709 784 commoverentur.

359 810 494 849 XXV·
529 810 616 855 Sed,
637 820 681 848 ut
701 824 721 848 a
742 824 828 848 mea
848 809 959 847 causa
974 811 1059 862 jam
1082 809 1275 855 recedam,
1295 810 1465 863 reliquas
1488 811 1596 849 illius
1619 812 1713 850 anni

302 875 426 928 pestes
459 876 749 914 recordamini:
785 876 836 914 fic
862 876 970 914 enim
998 875 1192 914 facillime
1225 876 1486 930 perspicietis,
1520 888 1713 930 quantam

303 942 385 980 vim
406 943 591 980 omnium
612 942 881 980 remediorum
901 956 922 980 a
942 942 1236 995 magistratibus
1262 943 1458 996 proximis
1490 943 1713 997 respublica

302 1007 538 1048 desiderarit.
571 1010 731 1062 Legum
750 1008 1074 1055 multitudinem,
1097 1023 1192 1048 cum
1214 1023 1364 1056 earum,
1388 1024 1475 1063 quae
1496 1010 1582 1048 latae
1603 1010 1709 1057 sunt,

301 1083 390 1114 tum
411 1089 501 1114 vero
517 1106 528 1121 ,
561 1090 648 1129 quae
668 1076 930 1129 promulgatae
951 1075 1130 1115 fuerunt.
1176 1077 1285 1115 Nam
1307 1077 1393 1116 latae
1423 1076 1588 1129 quidem
1620 1078 1712 1116 sunt

300 1141 532 1180 consulibus
553 1142 634 1181 illis
648 1173 658 1188 ,
692 1143 915 1182 tacentibus
938 1142 1068 1181 dicam
1088 1145 1101 1182 ?
1135 1144 1262 1182 immo
1283 1158 1374 1182 vero
1395 1144 1710 1197 approbantibus

300 1208 421 1247 etiam
436 1239 446 1254 ‚
479 1219 524 1248 ut
544 1209 718 1248 censoria
739 1211 850 1248 notio
866 1240 877 1256 ,
909 1219 947 1248 et
968 1210 1240 1262 graviffimum
1256 1211 1461 1263 judicium
1484 1211 1710 1249 sanstiffimi

301 1276 564 1329 magistratus,
588 1277 634 1315 de
656 1277 861 1330 republica
881 1277 1110 1323 tolleretur;
1140 1287 1184 1316 ut
1204 1278 1373 1331 collegia
1395 1292 1475 1316 non
1497 1278 1618 1317 modo
1641 1278 1710 1316 illa

302 1351 431 1380 vetera
450 1354 587 1382 contra
608 1344 760 1382 senatus
782 1344 1012 1383 consultum
1034 1344 1344 1390 restituerentur,
1365 1345 1428 1383 sed
1449 1346 1496 1383 ab
1520 1359 1600 1383 uno
1621 1345 1707 1398 gla-

301 1408 449 1447 diatore
470 1410 777 1449 innumerabilia
801 1411 876 1448 alia
905 1425 1005 1449 nova
1035 1411 1405 1457 conscriberentur,
1441 1421 1510 1457 ut,
1543 1412 1708 1450 remiffis

300 1473 515 1514 semiffibus
537 1486 576 1515 et
597 1477 825 1523 trientibus,
854 1477 994 1530 quinta
1014 1492 1136 1530 prope
1157 1492 1243 1531 pars
1267 1479 1522 1531 vestigalium
1546 1479 1707 1516 tollere-

299 1550 386 1587 tur,
411 1552 455 1580 ut
477 1544 654 1582 Gabinio
670 1558 742 1597 pro
760 1544 828 1582 illa
843 1544 909 1582 sua
931 1545 1090 1589 Cilicia,
1111 1559 1231 1596 quam
1254 1545 1339 1590 fibi,
1365 1545 1389 1582 si
1412 1545 1707 1597 rempublicam

300 1608 541 1659 prodidiffet,
574 1612 709 1661 paetus
731 1620 826 1654 erat,
865 1611 973 1660 Syria
993 1610 1178 1654 daretur;
1214 1620 1256 1647 ut
1280 1611 1348 1648 uni
1370 1610 1552 1648 helluoni
1577 1612 1636 1649 bis
1659 1612 1706 1648 de

300 1673 435 1712 eadem
456 1688 495 1712 re
516 1675 774 1721 deliberandi,
806 1685 859 1722 et,
893 1685 1025 1729 rogata
1046 1675 1146 1729 lege,
1169 1677 1336 1729 potestas
1360 1677 1468 1715 fieret
1490 1678 1706 1730 provinciae

299 1741 605 1780 commutandae.

355 1807 510 1845 XXVI.
544 1808 672 1845 Mitto
693 1821 778 1846 eam
801 1808 945 1860 legem,
965 1822 1052 1862 quae
1072 1811 1206 1847 omnia
1222 1811 1311 1862 jura
1332 1810 1590 1862 religionum,
1614 1811 1703 1848 aus-

299 1873 511 1925 piciorum,
543 1874 797 1926 potestatum,
829 1889 966 1914 omnes
999 1876 1119 1928 leges,
1152 1891 1239 1929 quae
1273 1877 1361 1914 sunt
1396 1878 1443 1915 de
1468 1879 1557 1930 jure
1588 1886 1626 1915 et
1658 1878 1705 1916 de

298 1950 476 1993 tempore
510 1940 646 1993 legum
687 1941 950 1995 rogandarum
966 1972 977 1988 ,
1011 1956 1087 1980 una
1127 1944 1330 1995 rogatione
1366 1943 1511 1982 delevit
1531 1960 1539 1982 ε
1584 1945 1706 1982 mitto

296 2019 458 2045 omnem
480 2006 735 2046 domesticam
756 2008 887 2046 labem
907 2023 915 2047 :
949 2009 1069 2047 etiam
1090 2018 1239 2047 exteras
1263 2011 1439 2048 nationes
1469 2010 1578 2048 illius
1610 2012 1704 2049 anni

296 2072 428 2111 furore
449 2074 716 2127 conquassatas
738 2075 985 2114 videbamus.
1014 2076 1122 2128 Lege
1144 2076 1354 2114 tribunitia
1376 2077 1519 2114 Matris
1543 2077 1703 2129 Magnae

298 2139 562 2179 Peffinuntius
596 2141 664 2179 ille
696 2141 871 2180 sacerdos
902 2142 1088 2194 expulsus
1119 2152 1159 2180 et
1184 2143 1371 2195 spoliatus
1394 2143 1610 2181 sacerdotio
1632 2144 1700 2189 est,

295 2204 515 2260 fanumque
549 2207 872 2246 sanetiflimarum
907 2218 1025 2261 atque
1060 2209 1420 2261 antiquiffimarum
1456 2209 1701 2262 religionum

296 2273 503 2312 venditum
538 2275 707 2327 pecunia
740 2275 879 2327 grandi
915 2276 1137 2327 Brogitaro,
1175 2277 1334 2329 impuro
1372 2275 1543 2321 homini,
1581 2285 1702 2328 atque

294 2339 462 2392 indigno
482 2340 551 2377 illa
571 2341 791 2393 religione,
824 2341 1039 2394 praesertim
1060 2356 1154 2380 cum
1176 2356 1219 2380 ea
1239 2343 1310 2380 fibri.
1332 2343 1400 2381 ille
1422 2356 1501 2380 non
1525 2342 1698 2387 colendi,

294 2405 357 2444 sed
388 2406 577 2452 violandi,
608 2408 720 2446 causa
751 2408 981 2461 appetisset:
1015 2409 1202 2462 appellati
1237 2423 1343 2462 reges
1378 2424 1396 2446 a
1430 2409 1594 2462 populo,
1628 2409 1699 2460 qui

292 2472 335 2510 id
356 2486 561 2525 nunquam
588 2486 636 2511 ne
666 2487 686 2512 a
715 2474 849 2513 senatu
882 2474 1046 2528 quidem
1079 2475 1357 2528 postulassent:
1393 2475 1542 2513 rcduffi
1564 2474 1699 2512 exules
