2076 2860
432 197 514 255 306
789 193 867 231 IN
926 192 990 230 M.
1052 191 1479 230 ANTONIUM

436 309 591 343 tamen,
624 306 667 335 ut
688 296 841 340 facitis,
873 303 1022 332 attente
1042 293 1223 332 audiatis.
1262 294 1395 332 Debet
1415 294 1523 332 enim
1545 293 1691 332 talibus
1712 294 1751 332 in
1776 307 1836 332 re-

437 365 512 403 bus
533 364 703 402 excitare
724 362 876 399 animos
900 374 979 398 non
1001 360 1180 412 cognitio
1202 360 1330 398 solum
1352 374 1483 398 rerum
1498 390 1509 405 ,
1542 360 1606 398 sed
1627 361 1746 398 etiarn
1777 374 1836 398 re-

437 430 629 470 cordatio.
672 428 846 467 Tametfi
868 427 1091 465 incidamus
1113 436 1270 480 oportet
1291 427 1421 465 media
1436 457 1446 472 ‚
1479 441 1527 465 ne
1548 427 1668 465 nimis
1690 427 1772 465 sero
1794 426 1839 465 ad

437 505 612 535 extrema
633 496 852 533 veniamus,

496 561 671 599 Intimus
701 569 781 598 erat
812 560 852 596 in
886 559 1090 597 tribunatu
1114 559 1287 604 Clodio;
1320 560 1390 610 qui
1411 559 1476 596 sua
1496 573 1586 611 erga
1605 573 1669 597 me
1690 558 1839 608 benefr-

438 628 500 666 cia
519 635 829 665 commemorat:
855 627 937 678 ejus
960 626 1144 664 omnium
1165 625 1442 664 incendiorum
1463 625 1544 664 fax.
1575 626 1702 678 Cujus
1723 625 1843 663 etiam

440 694 551 733 domi
572 693 761 747 quiddam
777 694 860 745 jam
883 701 970 730 tum
991 692 1154 730 molitus
1176 692 1229 729 est
1248 707 1256 729 :
1290 691 1387 744 quid
1409 692 1560 737 dicam,
1592 692 1672 745 ipse
1692 691 1843 745 optime

440 761 647 812 intelligit,
673 759 769 798 Inde
789 759 893 796 itum
915 758 1197 796 Alexandriam
1220 767 1357 796 contra
1378 757 1529 796 senatus
1551 758 1840 803 au6'fflritatem,

441 837 579 866 contra
613 826 862 878 religionem.
911 825 983 862 Sed
1016 824 1186 863 habebat
1219 824 1362 863 ducem
1396 825 1618 863 Gabinium
1635 854 1645 870 ,
1678 825 1846 878 quicum

443 894 601 948 quidvis
635 893 839 933 re6hffime
872 891 997 930 facere
1030 892 1166 945 poffet.
1211 893 1294 943 Qi
1330 901 1417 930 tum
1448 891 1540 930 inde
1570 892 1718 930 reditus
1735 921 1745 937 ‚
1778 899 1846 930 aut

443 961 599 1013 qualis?
633 960 747 998 Prius
769 960 809 996 in
832 959 1017 996 ultimam
1040 959 1215 997 Galliam
1237 972 1284 996 ex
1306 960 1498 1011 AEgypt0‚
1521 972 1641 1011 quam
1660 958 1843 997 domum.

445 1028 546 1079 Qae
567 1034 698 1064 autem
719 1034 799 1063 erat
821 1024 961 1062 domus
982 1025 994 1062 ?
1027 1024 1134 1063 suam
1156 1024 1263 1063 enim
1285 1024 1452 1076 quisque
1473 1024 1639 1062 domum
1661 1032 1748 1062 tum
1769 1023 1844 1061 ob-

444 1093 597 1130 tinebat
613 1122 623 1138 ‚
656 1105 782 1144 neque
803 1101 884 1130 erat
906 1091 1070 1144 usquam
1093 1100 1172 1129 tua.
1217 1091 1400 1129 Domum
1432 1090 1521 1128 dico
1540 1091 1553 1127 ?
1586 1089 1683 1142 quid
1703 1099 1784 1127 erat
1804 1089 1846 1128 in

446 1159 574 1204 terris,
594 1158 664 1196 ubi
684 1158 726 1195 in
748 1168 817 1196 tuo
838 1157 979 1210 pedem
1001 1171 1179 1210 ponereS,
1198 1165 1337 1209 praeter
1353 1170 1479 1195 unum
1501 1156 1720 1201 Misenum,
1739 1155 1847 1208 quod

447 1239 541 1263 cum
562 1224 676 1262 sociis
699 1233 888 1276 tanquam
910 1223 1137 1275 Sisaponem
1158 1222 1316 1260 tenebas
1336 1223 1349 1260 ?

504 1291 598 1329 XX.
618 1290 771 1328 Venisti
791 1304 812 1328 e
834 1289 967 1328 Gallia
987 1289 1033 1326 ad
1055 1288 1287 1341 quaesturam
1307 1288 1532 1341 petendam.
1566 1287 1681 1326 Aude
1702 1286 1846 1333 dicere,

447 1367 487 1396 te
507 1358 616 1410 prius
637 1356 684 1394 ad
704 1365 908 1409 parentem
929 1364 1038 1393 tuam
1059 1354 1201 1393 veniffe
1216 1384 1227 1400 ,
1260 1368 1379 1407 quam
1407 1355 1454 1393 ad
1481 1368 1560 1393 me.
1604 1354 1848 1407 Acceperam

447 1424 556 1462 enim
571 1424 655 1476 jam
676 1431 766 1460 ante
787 1421 945 1460 Caesaris
967 1422 1097 1459 literas
1113 1451 1124 1467 ,
1158 1430 1201 1459 ut
1228 1420 1331 1459 mihi
1364 1421 1539 1459 satisfieri
1567 1429 1718 1473 paterer
1737 1434 1759 1458 a
1779 1429 1816 1458 te
1834 1435 1845 1459 ε

448 1490 582 1543 itaque
603 1503 651 1528 ne
672 1489 784 1542 loqui
806 1488 969 1541 quidem
991 1487 1077 1526 sum
1100 1497 1137 1527 te
1157 1487 1282 1540 paffus
1305 1487 1351 1525 de
1372 1488 1509 1540 gratia.
1554 1486 1689 1525 Postea
1715 1486 1848 1525 custo-

449 1556 555 1594 ditus
577 1556 662 1594 sum
684 1568 704 1592 a
726 1563 777 1600 te,
801 1564 844 1592 tu
866 1568 886 1592 a
907 1568 970 1592 me
991 1554 1214 1592 observatus
1236 1554 1277 1591 in
1299 1554 1491 1606 petitione
1511 1552 1726 1606 quaesturae.
1755 1553 1849 1604 Qo

449 1622 614 1675 quidem
646 1629 822 1674 tempore
856 1621 901 1659 P.
933 1620 1151 1666 Clodium,
1183 1620 1425 1673 approbante
1456 1619 1607 1673 populo
1638 1620 1849 1665 Romano,

450 1689 490 1726 in
513 1687 599 1726 foro
620 1701 659 1726 es
681 1696 844 1725 conatus
866 1686 1045 1725 occidere
1064 1703 1072 1725 :
1106 1701 1279 1739 cumque
1305 1700 1391 1725 eam
1419 1700 1502 1725 rem
1529 1695 1596 1724 tua
1621 1685 1759 1738 sponte
1779 1699 1849 1723 co-

450 1767 597 1798 narere,
631 1766 708 1791 non
730 1753 902 1805 impulsu
925 1766 1040 1797 meo3
1074 1762 1204 1790 tamen
1226 1753 1280 1790 ita
1300 1752 1552 1804 praedicabas,
1586 1761 1623 1790 te
1644 1765 1725 1790 non
1745 1751 1849 1790 exis-

452 1821 590 1867 timare
606 1850 616 1865 ‚
649 1820 719 1857 nifi
748 1819 865 1856 illum
896 1818 1150 1856 interfecisses
1166 1849 1177 1863 ‚
1210 1833 1388 1871 unquam
1408 1818 1510 1857 mihi
1531 1833 1602 1871 pro
1624 1819 1702 1857 tuis
1724 1819 1765 1856 in
1787 1831 1850 1856 me

452 1887 608 1938 injuriis
641 1884 728 1922 satis
761 1885 833 1922 esse
865 1883 1077 1922 facturum.
1126 1885 1171 1921 In
1204 1898 1284 1936 quo
1317 1884 1489 1922 demiror
1503 1914 1514 1929 ‚
1547 1898 1617 1922 cur
1648 1884 1851 1923 Milonem

452 1951 627 2003 impulsu
649 1963 738 1988 meo
758 1963 841 1988 rem
864 1949 972 1987 illam
995 1940 1111 2001 egisse
1132 1949 1237 1987 dicas
1253 1979 1264 1994 ‚
1296 1963 1390 1987 cum
1421 1959 1458 1988 te
1488 1949 1594 1988 ultro
1615 1948 1718 1987 mihi
1745 1948 1852 1987 idem

453 2018 554 2056 illud
576 2016 818 2054 deferentem
842 2029 1046 2068 nunquam
1077 2016 1147 2053 fim
1177 2015 1419 2054 adhortatus.
1453 2017 1720 2068 Qanquam,
1753 2015 1779 2053 fi
1809 2015 1851 2054 in

453 2097 499 2124 eo
520 2083 775 2137 perseverares
792 2113 802 2128 ‚
834 2082 880 2120 ad
912 2092 1020 2121 tuam
1041 2083 1209 2135 gloriam
1236 2096 1319 2122 rem
1340 2082 1451 2121 illam
1472 2081 1607 2121 referri
1627 2082 1823 2121 malebam
1837 2112 1850 2128 ,

453 2164 573 2204 quam
593 2149 639 2187 ad
661 2163 789 2187 meam
810 2150 991 2201 gratiam.

509 2216 688 2268 Qaestor
708 2229 746 2254 cs
768 2214 908 2253 faetus.
954 2214 1110 2252 Deinde
1141 2215 1333 2253 continuo
1364 2215 1442 2254 fine
1463 2214 1849 2260 senatus-consulto,

454 2285 531 2323 fine
554 2283 666 2326 sorte.
698 2282 777 2320 fine
798 2282 898 2334 lege,
921 2281 968 2319 ad
990 2281 1181 2320 Caesarem
1203 2281 1409 2320 cucurristi
1429 2298 1438 2320 :
1472 2282 1511 2320 id
1532 2282 1639 2320 enirn
1661 2295 1788 2320 unum
1809 2282 1850 2319 in

454 2352 581 2395 terris,
604 2349 796 2401 egestatis,
829 2349 913 2386 aeris
935 2348 1068 2391 alieni,
1101 2348 1302 2400 nequitiae,
1335 2348 1499 2401 perditis
1520 2349 1609 2387 vitae
1632 2348 1850 2386 rationibus

454 2417 682 2471 perfugium
702 2415 775 2453 effe
796 2415 979 2453 ducebas,
1024 2414 1087 2452 Ibi
1116 2424 1152 2452 te
1173 2429 1266 2452 cum
1287 2424 1325 2452 et
1346 2415 1454 2453 illius
1476 2416 1753 2468 largitionibus
1769 2443 1780 2459 ,
1811 2422 1851 2451 et

454 2486 531 2524 tuis
567 2483 711 2536 rapinis
728 2512 738 2528 ‚
781 2482 1008 2535 explevisses
1024 2511 1035 2528 ,
1082 2481 1127 2534 (fi
1163 2480 1239 2520 hoc
1275 2481 1328 2520 est
1362 2483 1519 2535 explere
1534 2512 1545 2529 ‚
1578 2482 1687 2535 quod
1721 2480 1850 2519 statim
