2076 2860
366 190 417 228 60
749 183 1205 229 ORATIO,
1289 182 1367 222 &c.

423 284 460 321 Si
492 282 568 321 hoc
601 295 680 320 non
712 281 764 318 est
796 280 899 324 satis,
932 277 1039 330 quod
1071 277 1153 316 haec
1182 277 1317 315 onmia
1343 275 1470 314 deleta
1488 273 1671 314 videntur
1692 288 1754 314 re-

366 349 452 388 ditu
473 364 588 394 meo3
621 348 749 386 multo
774 345 890 390 mihi,
922 345 1066 389 multo,
1099 345 1276 396 inquam,
1309 343 1484 395 Judices,
1516 341 1681 395 praestat,
1713 342 1755 380 in

366 416 529 453 eandem
550 415 659 452 illam
681 411 848 450 recidere
869 411 1084 455 fortunam,
1113 424 1233 462 quam
1254 418 1403 447 tantam
1423 409 1636 461 importare
1655 408 1754 447 meis

368 480 634 518 defensoribus
667 487 704 515 et
736 477 1070 515 conservatoribus
1102 475 1381 514 calamitatem.
1414 476 1480 513 An
1509 488 1582 527 ego
1612 475 1653 512 in
1682 474 1756 512 hac

368 547 463 584 urbe
484 545 555 583 effe
575 544 727 596 possim,
759 542 821 580 his
843 542 978 594 pulfis,
1001 543 1071 594 qui
1091 555 1154 579 me
1174 540 1293 593 hujus
1315 541 1423 579 urbis
1445 549 1674 594 compotem
1694 539 1754 578 fe-

367 611 532 650 cerunt?
557 610 652 648 Non
673 622 752 653 er0,
776 621 854 645 non
875 616 1012 659 potero
1032 605 1118 650 effe,
1135 605 1321 657 Judices:
1345 620 1471 659 neque
1491 605 1558 644 hic
1580 618 1759 659 unquam

368 690 478 730 puer,
510 676 581 728 qui
608 674 671 712 his
698 674 897 725 lacrymis,
929 685 1006 725 qua
1025 672 1070 709 fit
1090 671 1248 724 pietate,
1281 671 1463 717 declarat,
1495 671 1628 710 amiffo
1649 681 1758 724 patre

369 742 437 780 suo
457 750 616 795 propter
635 753 712 785 me,
744 753 808 777 me
834 738 963 791 ipsum
988 737 1232 776 incolumem
1251 735 1430 782 videbit;
1462 749 1550 783 nec,
1581 735 1757 790 quoties-

370 822 528 861 cunque
552 821 616 846 me
635 806 790 851 viderit,
822 804 1066 857 ingemiscet,
1098 817 1141 842 ac
1162 803 1309 856 pestem
1329 803 1452 848 suam,
1483 812 1522 841 et
1542 803 1661 856 patris
1683 803 1757 848 sui,

372 874 447 913 sese
476 874 580 911 dicet
609 873 752 911 videre.
797 873 884 923 Ego
905 884 995 909 vero
1014 883 1082 908 vos
1104 871 1145 908 in
1166 870 1276 908 omni
1297 869 1456 908 fortuna
1470 899 1481 914 ,
1513 881 1760 922 quaecunque

371 941 445 978 erit
465 940 608 984 oblata,
639 938 878 991 complectar
890 956 902 982 ς
934 950 1006 974 nec
1027 949 1091 974 me
1111 935 1158 973 ab
1179 936 1242 981 iis,
1265 949 1363 988 quos
1386 949 1474 973 meo
1495 936 1656 974 nomine
1677 935 1759 973 sor—

373 1005 522 1044 didatos
543 1004 698 1049 videtis,
728 1016 903 1055 unquam
923 1001 1004 1040 ulla
1022 1000 1182 1039 fortuna
1201 1001 1386 1046 divellet3
1409 1014 1537 1053 neque
1557 1014 1608 1038 eae
1629 999 1760 1038 natio-

372 1084 455 1116 nes,
487 1070 632 1124 quibus
664 1083 727 1107 me
757 1069 907 1107 senatus
939 1066 1245 1112 commendavit,
1277 1066 1422 1120 quibus
1453 1067 1500 1104 de
1529 1080 1592 1104 me
1619 1067 1760 1119 gratias

373 1138 469 1190 egit,
500 1136 608 1176 hunc
628 1136 786 1174 exulem
805 1143 964 1188 propter
988 1148 1051 1172 me
1071 1134 1149 1172 fine
1168 1147 1232 1171 me
1251 1133 1457 1172 videbunt.

430 1203 503 1241 Sed
521 1202 605 1241 haec
627 1202 699 1241 Dii
728 1201 970 1240 immortales
986 1229 997 1246 ,
1029 1200 1099 1252 qui
1126 1213 1189 1237 me
1210 1199 1286 1237 suis
1309 1199 1467 1252 templis
1488 1197 1760 1236 advenientem

375 1278 618 1322 receperunt,
650 1268 836 1321 stIpatum
856 1267 904 1305 ab
924 1266 985 1305 his
1008 1267 1099 1304 viris
1121 1275 1160 1303 et
1181 1266 1225 1304 P.
1250 1265 1424 1303 Lentulo
1444 1264 1617 1310 consule,
1643 1273 1761 1316 atque

375 1334 455 1387 ipsa
475 1333 706 1387 respublica,
738 1347 816 1386 qua
844 1331 945 1371 nihil
975 1332 1028 1370 est
1055 1330 1235 1376 sanetius,
1266 1330 1396 1369 vestrae
1416 1329 1611 1383 potestati,
1642 1328 1761 1380 Judi—

375 1414 454 1446 ces,
485 1399 782 1438 commiserunt.
814 1399 895 1437 Vos
927 1397 1003 1436 hoc
1026 1397 1181 1449 judicio
1209 1397 1392 1434 omnium
1422 1396 1618 1434 bonorum
1647 1407 1761 1433 men-

374 1475 431 1505 tes
453 1465 698 1511 confirmare,
720 1465 995 1518 improborum
1016 1463 1238 1516 reprimere,
1269 1462 1429 1515 potestis
1448 1477 1456 1500 :
1489 1474 1556 1500 vos
1577 1460 1640 1499 his
1660 1460 1761 1498 civi-

375 1533 450 1570 bus
482 1533 541 1570 uti
571 1531 750 1585 optimis,
782 1544 849 1570 vos
882 1545 945 1569 me
976 1529 1146 1574 reficere,
1177 1537 1216 1566 et
1247 1542 1428 1566 renovare
1457 1526 1760 1580 rempublicam.

378 1598 510 1648 Qare
528 1609 596 1634 vos
617 1595 787 1635 obtestor
801 1625 812 1640 ‚
844 1605 961 1648 atque
981 1595 1140 1633 obsecro
1154 1622 1165 1639 ‚
1197 1602 1241 1631 ut
1256 1622 1267 1638 ,
1299 1593 1326 1631 fi
1346 1606 1410 1631 me
1429 1591 1580 1631 salvum
1599 1590 1671 1630 effe
1690 1604 1762 1630 vo-

378 1662 517 1709 luistis,
548 1675 612 1702 eos
633 1662 883 1709 conservetis,
913 1675 983 1715 per
1001 1674 1100 1715 quos
1121 1673 1184 1700 me
1208 1657 1514 1713 recuperavistis.
