2076 2860
363 202 411 254 φ
836 197 1281 235 ‘ORATIO

361 312 578 351 eorumque
609 295 880 351 principibus,
912 309 956 334 ac
987 296 1214 349 reipublicae
1247 295 1544 335 defensoribus:
1579 295 1747 348 vosque,

362 365 636 409 adolescentes,
669 372 705 400 et
728 362 796 415 qui
817 362 969 400 nobiles
990 362 1092 407 estis,
1124 362 1171 400 ad
1193 363 1387 415 majorum
1414 362 1584 400 vestrum
1615 362 1751 399 imita!

364 432 512 468 tionem
534 430 713 467 excitabo
731 447 741 473 ;
765 436 803 465 et
824 428 893 479 qui
914 428 1074 480 ingenio
1095 437 1133 466 et
1153 429 1298 466 virtute
1320 428 1571 466 nobilitatem
1591 426 1751 480 potestis

362 497 563 547 consequi,
594 495 639 532 ad
661 508 745 532 eam
766 494 972 539 rationem,
999 494 1041 531 in
1063 508 1140 546 qua
1159 495 1279 532 multi
1299 493 1481 532 homines
1503 494 1595 532 novi
1616 503 1655 532 et
1675 492 1750 532 ho-

362 576 455 600 nore
476 572 514 599 et
533 561 657 614 gloria
678 560 907 605 floruerunt,
940 558 1190 599 cohortabor.

418 629 517 666 Haec
547 627 599 665 est
631 640 707 664 una
736 626 810 670 via,
843 625 945 664 mihi
977 626 1138 670 credite,
1170 635 1209 664 et
1230 626 1370 672 laudis,
1403 636 1442 665 et
1463 625 1682 679 dignitatis,
1713 632 1753 662 et

362 693 538 738 honoris,
570 707 590 730 a
611 693 724 731 bonis
746 692 853 737 viris,
886 691 1140 745 sapientibus,
1177 701 1215 729 et
1237 693 1335 730 bene
1356 702 1493 731 natura
1513 691 1752 735 constitutis,

364 760 511 798 laudari
541 768 579 797 et
611 759 753 811 diligi5
785 758 889 796 nosse
921 758 1223 810 descriptionem
1257 759 1452 803 civitatis,
1484 772 1505 795 a
1535 756 1752 809 majoribus

364 826 501 865 nostris
524 825 796 878 sapientissime
816 824 1070 862 constitutam
1089 839 1097 862 ε
1132 825 1216 877 qui,
1248 839 1342 862 curn
1364 838 1503 876 regum
1524 822 1755 877 potestatem

365 907 443 931 non
467 892 654 936 tulissent,
687 892 742 929 ita
760 891 1005 943 mag-istratus
1027 903 1175 929 annuos
1204 900 1446 935 creaverunt,
1479 899 1523 928 ut
1544 888 1755 928 confilium

366 960 516 997 senatus
539 959 764 1011 reipublicae
785 966 1048 1010 proponerent
1068 957 1351 1010 sempiternum
1368 977 1378 1001 3
1398 957 1664 1009 deligerentur
1683 968 1754 992 au-

366 1036 446 1063 tem
478 1026 518 1062 in
552 1025 591 1062 id
623 1025 832 1063 confilium
859 1025 911 1062 ab
945 1023 1123 1062 universo
1153 1024 1317 1076 populo,
1349 1022 1553 1075 aditusque
1574 1023 1615 1060 in
1635 1021 1754 1058 illum

363 1092 565 1130 summum
586 1091 765 1129 ordinem
786 1091 969 1129 omnium
990 1091 1139 1128 civium
1159 1090 1355 1128 industriae
1371 1103 1414 1128 ac
1431 1089 1570 1128 virtuti
1590 1096 1752 1141 pateret.

365 1159 549 1196 Senatum
572 1157 797 1210 reipublicae
818 1156 1034 1202 custodem,
1056 1155 1270 1208 praefidem,
1298 1164 1646 1209 propugnatorem,
1668 1153 1754 1191 col-

365 1225 592 1262 locaverunt
612 1241 619 1262 :
654 1223 771 1275 hujus
793 1223 943 1260 ordinis
965 1223 1192 1260 auctoritate
1215 1223 1274 1260 uti
1299 1222 1560 1275 magistratus,
1593 1230 1631 1259 et
1651 1220 1756 1271 quasi

365 1290 564 1328 ministros
586 1289 796 1342 graviffimi
817 1289 969 1327 confilii
990 1288 1076 1333 effe,
1094 1288 1325 1326 voluerunt:
1345 1288 1520 1327 senatum
1540 1295 1674 1325 autem
1694 1286 1759 1339 ip-

364 1356 450 1394 sum
471 1357 745 1409 proximorum
765 1355 951 1393 ordinum
973 1354 1175 1407 splendore
1196 1354 1447 1399 confirmari,
1480 1353 1607 1406 plebis
1633 1352 1755 1390 liber-

366 1432 487 1460 ratem
509 1432 545 1460 et
567 1422 777 1461 commoda
797 1421 898 1458 tueri
918 1430 1036 1473 atque
1056 1433 1209 1473 augere,
1241 1421 1466 1459 voluerunt.

423 1491 574 1528 LXVI.
609 1491 706 1528 Haec
728 1490 797 1541 qui
819 1503 889 1542 pro
909 1488 1014 1526 virili
1036 1497 1143 1541 parte
1164 1487 1397 1534 defendunt,
1420 1489 1630 1541 optimates
1652 1486 1757 1530 sunt,

366 1557 633 1608 cujuscunque
655 1556 728 1594 sint
749 1555 897 1594 ordinis
917 1570 925 1593 ε
958 1555 1029 1607 qui
1058 1563 1189 1592 autem
1219 1556 1414 1608 praecipue
1439 1555 1516 1593 suis
1539 1553 1759 1592 cervicibus

367 1632 473 1660 tanta
494 1623 629 1660 munia
648 1632 762 1674 atque
784 1620 1073 1674 rempublicam
1095 1620 1298 1666 sustinent,
1318 1622 1345 1658 ii
1362 1622 1512 1673 semper
1528 1619 1655 1658 habiti
1671 1619 1761 1657 sunt

366 1690 621 1740 optimatium
644 1689 857 1740 principes,
881 1688 1054 1725 auctores
1075 1696 1114 1725 et
1135 1687 1421 1726 conservatores
1443 1685 1629 1725 civitatis.
1648 1685 1760 1724 Huic

367 1755 578 1792 hominum
601 1755 734 1805 generi
755 1753 892 1797 fateor,
926 1762 969 1790 ut
989 1763 1077 1791 ante
1098 1753 1197 1798 dixi,
1229 1754 1376 1791 multos
1399 1753 1646 1798 adversarios,
1678 1752 1759 1790 ini-

367 1821 508 1864 micos,
541 1819 693 1857 invidos
715 1820 800 1863 esse,
824 1818 949 1856 multa
970 1819 1137 1870 proponi
1158 1819 1347 1870 pericula,
1370 1819 1514 1856 multas
1537 1817 1674 1856 inferri
1695 1818 1760 1855 in-

361 1877 506 1938 jurias,
523 1898 685 1937 magnos
707 1884 778 1922 effe
798 1883 1053 1936 experiendos
1075 1892 1112 1921 et
1134 1883 1353 1922 subeundos
1375 1884 1549 1922 labores:
1573 1882 1637 1921 sed
1659 1881 1761 1920 mihi

368 1953 498 1989 omnis
520 1953 642 1989 oratio
664 1951 715 1988 est
737 1965 829 1988 cum
851 1951 1015 1995 virtute,
1033 1964 1111 1988 non
1133 1964 1225 1988 cum
1247 1950 1412 1995 defidia,
1437 1963 1530 1988 cum
1552 1949 1759 2002 dignitate,

371 2032 448 2056 non
471 2032 563 2056 cum
585 2018 815 2070 voluptate,
848 2030 940 2054 cum
971 2017 1033 2061 iis,
1066 2017 1133 2068 qui
1165 2016 1200 2054 se
1221 2017 1367 2069 patriae,
1400 2017 1469 2068 qui
1492 2016 1568 2054 suis
1590 2015 1760 2060 civibus,

370 2085 436 2136 qui
460 2084 579 2139 lau-di,
612 2085 680 2135 qui
710 2084 857 2135 gloriae,
891 2096 969 2120 non
997 2083 1067 2134 qui
1088 2083 1239 2128 somno,
1271 2092 1309 2121 et
1331 2082 1538 2127 conviviis,
1570 2091 1608 2120 et
1630 2082 1761 2120 delec-

371 2150 526 2194 tationi,
551 2159 659 2187 natos
678 2149 931 2188 arbitrantur.
966 2149 1087 2193 Nam,
1119 2148 1143 2186 sl
1165 2149 1232 2200 qui
1254 2148 1524 2201 voluptatibus
1546 2147 1760 2192 ducuntur,

370 2225 408 2253 et
430 2215 464 2253 se
486 2216 674 2253 vitiorum
696 2214 892 2253 illecebris
914 2224 951 2251 et
973 2214 1238 2267 cupiditatum
1259 2214 1468 2252 lenociniis
1499 2213 1759 2258 dediderunt,

371 2281 501 2321 missos
524 2280 669 2318 faciunt
690 2279 856 2318 honores
875 2298 885 2324 ;
919 2293 967 2317 ne
991 2280 1187 2332 attingant
1217 2280 1532 2333 rempublicam,
1565 2280 1763 2331 patiantur

371 2348 474 2385 viros
507 2346 627 2385 fortes
659 2347 805 2391 labore,
839 2345 874 2383 se
906 2346 988 2383 otio
1021 2345 1103 2391 suo,
1136 2345 1299 2398 perfrui.
1338 2347 1421 2398 Qi
1453 2355 1583 2383 autem
1617 2346 1762 2383 bonam

370 2413 517 2452 famam
559 2413 752 2451 bonorum
771 2442 782 2457 ‚
824 2424 908 2464 quae
949 2411 1026 2449 sola
1074 2425 1160 2449 vere
1208 2412 1332 2464 gloria
1372 2411 1568 2450 nominari
1608 2410 1732 2464 potest
1749 2440 1761 2455 ‚

370 2490 576 2534 expetunt,
609 2480 694 2518 aliis
725 2479 854 2518 otium
884 2491 1051 2532 quaerere
1081 2478 1226 2518 debent
1246 2488 1284 2518 et
1305 2480 1540 2533 voluptates,
1573 2492 1652 2517 non
1675 2477 1760 2516 fibi.
