2076 2860
712 179 862 217 PRO
923 179 1264 219 MILONE.
1618 198 1688 236 ¹93

288 288 425 318 contra
446 279 734 333 rempublicam
755 280 827 318 effe
848 279 1005 319 saetam.
1026 280 1142 319 Illam
1159 294 1249 319 vero
1266 281 1417 319 senatus
1436 295 1513 321 non
1532 282 1688 322 senten-

287 346 354 384 tiis
376 345 452 383 suis
474 345 616 391 solum,
649 345 712 383 sed
732 347 852 384 etiam
873 346 1009 384 studiis
1024 376 1033 391 ,
1067 347 1356 399 comprobavit.
1390 349 1558 401 Qoties
1581 350 1688 388 enim

286 410 341 449 est
360 411 430 448 illa
448 411 559 449 causa
578 424 599 449 a
619 411 734 450 nobis
755 414 837 450 aeta
858 412 898 450 ln
921 412 1052 450 senatu
1072 414 1085 450 ?
1117 413 1262 465 quibus
1293 413 1568 453 affenfionibus
1596 417 1686 453 uni-

286 477 381 515 verfi
402 476 550 515 ordinis
571 479 583 515 ?
615 491 735 530 quam
765 492 837 516 nec
867 478 996 517 tacitis
1012 508 1023 523 ,
1057 492 1128 517 nec
1153 479 1321 518 occultis
1342 481 1355 517 ?
1388 481 1559 533 Qando
1579 482 1688 519 enim

285 541 601 595 frequentissimo
622 543 755 582 senatu
776 553 958 597 quatuor,
991 544 1038 582 ad
1065 545 1266 584 summum
1287 546 1480 599 quinque,
1513 547 1602 585 sunt
1623 549 1686 585 in-

285 610 408 656 venti,
427 611 497 663 qui
513 611 684 649 Milonis
701 611 854 650 causam
872 625 950 650 non
967 612 1204 665 probarent?
1228 613 1441 651 Declarant
1462 612 1580 666 hujus
1602 628 1687 652 am—

287 676 389 714 busti
410 677 562 716 tribuni
582 677 710 730 plebis
732 678 809 716 illae
831 679 1099 717 intermortuae
1124 679 1350 724 conciones,
1383 680 1528 731 quibus
1550 683 1687 733 quoti-

284 742 348 780 die
368 757 497 781 meam
518 744 738 796 potentiam
760 744 950 782 invidiose
970 744 1275 790 criminabatur,
1308 758 1402 783 cum
1425 745 1594 791 diceret,
1628 748 1685 785 se-

285 816 424 846 natum
456 822 535 847 non
569 809 676 862 quod
708 809 890 855 sentiret,
923 810 986 848 sed
1018 809 1126 862 quod
1157 824 1231 862 ego
1262 811 1431 856 vellem,
1464 813 1684 852 decernere.

286 875 387 926 Qae
407 874 569 927 quidem
598 876 625 913 fi
654 876 832 928 potentia
860 875 913 913 est
943 875 1174 928 appellanda
1193 877 1353 929 potius,
1386 891 1505 930 quam
1528 889 1687 932 propter

285 954 427 994 magna
446 942 487 979 in
509 942 799 994 rempublicam
820 943 960 980 merita
980 942 1190 982 mediocris
1213 943 1254 981 in
1277 944 1390 982 bonis
1413 946 1532 983 caufis
1550 948 1685 984 auclo-

285 1007 376 1044 ritas
392 1036 403 1051 ,
434 1016 501 1045 aut
524 1016 686 1060 propter
705 1008 900 1046 officiosos
921 1008 1072 1047 labores
1094 1023 1203 1048 meos
1225 1010 1418 1048 nonnulla
1436 1012 1540 1064 apud
1561 1012 1685 1050 bonos

282 1073 406 1124 gratia
416 1092 428 1118 5
460 1073 681 1126 appelletur
701 1074 755 1112 ita
774 1074 875 1120 sane,
898 1074 1119 1114 dummodo
1139 1089 1182 1114 ea
1203 1089 1273 1115 nos
1296 1086 1453 1115 utamur
1473 1091 1545 1131 pro
1565 1079 1686 1117 salute

283 1138 481 1178 bonorum
500 1149 638 1179 contra
657 1142 870 1180 amentiam
892 1142 1152 1195 perditorum.

339 1206 457 1244 Hanc
489 1221 580 1245 vero
612 1208 882 1260 quaestionem,
914 1209 982 1247 etsi
1016 1223 1094 1248 non
1127 1209 1180 1248 est
1213 1209 1364 1263 iniqua,
1398 1224 1603 1264 nunquam
1626 1222 1684 1250 ta-

284 1285 376 1309 men
398 1272 550 1311 senatus
581 1273 896 1312 constituendam
922 1276 1103 1328 putavit:
1137 1286 1245 1314 erant
1276 1277 1383 1314 enim
1415 1278 1545 1330 leges,
1577 1288 1687 1317 erant

283 1337 541 1391 quaestiones,
573 1339 634 1377 vel
667 1339 714 1378 de
746 1340 874 1385 caede,
907 1341 968 1378 vel
1001 1340 1047 1379 de
1079 1341 1118 1379 vi
1135 1360 1147 1386 3
1180 1355 1252 1380 nec
1286 1352 1442 1381 tantum
1474 1358 1685 1383 mcerorem

283 1416 326 1440 ac
356 1403 510 1442 luctum
540 1403 689 1443 senatui
719 1419 824 1444 mors
857 1406 902 1444 P.
927 1406 1063 1444 Clodii
1093 1406 1291 1453 afferebat,
1325 1418 1369 1446 ut
1399 1422 1499 1447 nova
1523 1409 1684 1462 quaestio

281 1469 597 1510 constitueretur.
637 1472 763 1524 Cujus
784 1473 893 1510 enim
915 1472 962 1511 de
983 1473 1054 1511 illo
1075 1473 1221 1512 incesto
1242 1473 1374 1526 stupro
1390 1475 1592 1527 judicium
1613 1476 1682 1514 de-

280 1536 465 1574 cernendi
485 1537 650 1590 potestas
672 1538 821 1576 senatui
842 1538 932 1576 effet
953 1549 1110 1592 erepta3
1139 1539 1186 1576 de
1206 1541 1288 1591 ejus
1312 1541 1475 1579 interitu
1497 1543 1586 1594 quis
1608 1556 1682 1594 po-

281 1602 352 1640 test
378 1603 533 1641 credere
562 1604 739 1642 senatum
763 1605 966 1656 judicium
988 1619 1137 1644 novum
1158 1606 1479 1645 constituendum
1500 1608 1647 1660 putaffe
1666 1610 1679 1646 ?

281 1669 366 1706 Cur
394 1669 517 1722 igitur
544 1669 776 1708 incendium
807 1670 949 1715 curiae,
982 1672 1322 1724 oppugnationem
1344 1673 1488 1711 aedium
1510 1674 1574 1712 M.
1599 1675 1679 1712 Le-

280 1734 365 1786 pidi
381 1764 391 1779 ,
423 1735 570 1773 caedem
590 1734 692 1774 hanc
714 1736 836 1788 ips-im
852 1766 862 1781 ,
895 1746 1032 1775 contra
1053 1738 1342 1790 rempublicam
1362 1739 1515 1778 senatus
1538 1739 1681 1779 faetam

279 1799 352 1838 effe
373 1800 571 1839 decrevit?
604 1801 710 1853 Qia
730 1802 839 1840 nulla
860 1802 916 1840 vis
939 1816 1116 1855 unquam
1137 1803 1190 1841 est
1211 1804 1252 1841 in
1274 1804 1397 1842 libera
1417 1805 1576 1844 civitate
1597 1806 1678 1844 sus-

279 1875 392 1918 cepta
412 1866 515 1904 inter
534 1866 637 1904 cives
652 1896 662 1911 ,
695 1880 774 1905 non
796 1876 932 1906 contra
953 1868 1258 1921 rempublicam.
1292 1871 1387 1908 Non
1409 1871 1517 1909 enim
1538 1871 1591 1910 est
1612 1872 1681 1909 illa

278 1931 450 1971 defensio
470 1942 606 1971 contra
626 1933 709 1971 vim
730 1948 905 1987 unquam
927 1935 1120 1988 optanda5
1145 1935 1208 1974 sed
1230 1950 1518 1990 nonnunquam
1534 1938 1587 1976 est
1609 1952 1678 1976 ne-

279 1998 444 2037 ceffaria.
478 1999 566 2038 Nisi
587 2013 677 2037 vero
698 2009 764 2037 aut
785 2000 852 2038 ille
874 2000 954 2038 dies
970 2030 981 2046 ,
1014 2002 1054 2038 in
1076 2015 1156 2054 quo
1178 2002 1274 2041 Tib.
1301 2003 1506 2042 Gracchus
1529 2004 1582 2042 est
1602 2018 1678 2043 cae-

280 2064 356 2110 sus,
388 2074 454 2103 aut
475 2065 557 2110 ille,
581 2079 661 2118 quo
684 2066 818 2110 Caius,
841 2076 908 2104 aut
929 2081 1009 2119 quo
1030 2081 1136 2106 arma
1157 2069 1357 2107 Saturnini
1378 2071 1553 2123 oppreffa
1573 2071 1675 2116 sunt,

279 2132 397 2168 etiam
419 2131 444 2169 fi
465 2144 485 2169 e
506 2131 722 2183 republica,
755 2132 1044 2184 rempublicam
1066 2142 1196 2172 tamen
1219 2149 1297 2173 non
1324 2136 1592 2176 vulnerarunt.

335 2196 408 2233 VI.
443 2197 580 2249 Itaque
601 2196 681 2248 ipse
701 2210 773 2248 ego
795 2197 974 2243 decrevi,
1007 2214 1101 2238 cum
1131 2201 1276 2239 caedem
1308 2202 1347 2239 in
1381 2203 1511 2255 Appia
1535 2202 1677 2241 factam

279 2260 351 2298 esse
367 2262 572 2307 constaret,
595 2276 674 2300 non
696 2277 802 2308 eum,
821 2265 890 2316 qui
913 2266 947 2303 se
970 2265 1213 2313 defendisset,
1232 2277 1368 2306 contra
1391 2270 1677 2321 rempublicam

279 2326 436 2371 fecisse;
470 2327 556 2372 sed,
589 2341 681 2366 cum
702 2330 835 2369 ineffet
857 2332 897 2368 in
920 2346 959 2369 re
980 2333 1061 2377 vis,
1093 2343 1132 2371 et
1154 2334 1322 2379 infidiae,
1355 2336 1504 2373 crimen
1522 2335 1677 2387 judicio

280 2392 490 2437 reservavi,
523 2407 606 2431 rem
627 2396 772 2433 notavi.
811 2397 931 2449 Qod
962 2398 987 2436 fi
1017 2413 1085 2452 per
1114 2399 1307 2437 furiosum
1331 2400 1447 2438 illum
1469 2401 1676 2438 tribunum

278 2458 442 2503 senatui,
478 2459 586 2511 quod
606 2459 810 2509 sentiebat,
842 2462 1026 2516 perficere
1046 2465 1229 2511 licuisset,
1262 2479 1402 2504 novam
1425 2466 1676 2519 quaestionem

367 2525 440 2563 To
456 2537 508 2564 M.
542 2525 616 2565 VI.
1292 2533 1320 2569 B
1354 2532 1378 2568 b
