2076 2860
181 396 211 424 p-

184 434 220 461 η

197 2302 230 2330 16

447 278 735 319 xsAlzllss
823 277 856 316 L
888 271 1378 314 E<:T'1()hJE:a

271 383 292 411 l.

263 431 294 450 21
319 419 435 449 haberet
455 419 479 452 ᾧ
494 417 614 446 haberent

263 472 298 490 22
321 461 451 488 citaretur
467 460 496 487 H
511 458 720 495 >3scisciraretur

262 510 299 537 24
320 501 509 538 relegarentur
526 498 550 525 C
565 497 590 531 ψ
600 497 770 534 religarentur

262 551 298 579 25
322 550 349 568 et
364 548 433 567 voce
459 539 482 566 C
497 537 525 564 T
539 548 600 565 voce

263 591 299 618 27
322 580 480 608 videremus
496 576 522 611 ψ
537 579 670 605 videamus

265 630 299 658 33
323 629 414 657 neque
434 627 500 646 vero
515 617 538 645 C
554 628 595 644 nec

262 676 300 682 —-
324 669 384 687 mea
400 659 430 687 H
447 659 464 685 S
480 657 508 685 T
522 670 542 693 χ
557 658 582 684 d.

264 710 301 737 34
323 708 467 736 nunquam
482 711 503 733 Z
517 707 629 735 unquam

261 756 301 762 —
323 739 381 766 ullo
397 740 419 766 C
434 739 460 765 d.

261 796 304 804 -—
324 779 379 807 fuit
395 779 423 806 H
441 779 456 805 S
470 780 592 814 zfccsril

261 838 300 845 -
322 820 397 848 Nam
499 816 676 855 susceperunt
691 814 785 853 (pag.
801 811 819 840 Ι.
835 810 889 848 22)

362 861 386 888 C
402 860 430 886 T
442 860 466 886 d.

290 911 297 929 1
325 908 382 928 tam
398 899 472 926 bona
488 898 517 926 H
535 898 551 925 S
566 911 599 934 χ,
615 898 639 931 ψ
654 896 719 925 bona

284 951 298 978 3
321 939 454 977 expedita
468 938 498 966 H
513 938 528 966 S
545 951 575 972 χ,
591 938 615 971 ψ
629 936 744 974 expedita
759 935 812 971 fft

263 997 303 1004 -—
325 977 529 1017 delpicatiffimi
546 978 573 1005 H
589 976 774 1015 dfspicaciffimi

282 1031 300 1058 4
320 1018 617 1056 contemptiffiniorum
646 1015 790 1045 consulum
820 1013 850 1041 H
876 1013 892 1039 S

363 1059 496 1095 contempti
513 1057 617 1092 consulis
639 1070 661 1094 χ
677 1055 816 1092 Contempsi
827 1052 892 1088 cons.

363 1100 387 1132 ψ
403 1098 541 1135 Contempsi
554 1097 686 1133 Confidam

285 1151 299 1180 ς
324 1139 459 1178 pertimui
488 1139 519 1166 H
545 1137 570 1171 ψ
593 1138 722 1175 pertinuit
753 1134 769 1161 S
790 1147 810 1169 χ
834 1142 895 1171 per-

363 1187 451 1206 ttmutt

263 1237 304 1245 -
324 1220 444 1248 nimium
459 1232 482 1256 χ
494 1229 511 1245 a
526 1216 553 1251 ψ
567 1219 606 1245 ad

286 1271 301 1296 7
326 1262 370 1299 Q
386 1260 415 1287 H
432 1259 448 1286 S
463 1272 487 1295 χ
499 1258 542 1286 M.

285 1304 300 1330 8
323 1299 483 1339 probabant
495 1297 636 1334 zprobant

268 1351 304 1370 ιο
327 1339 466 1377 quandam
483 1350 505 1374 χ
519 1339 545 1365 d.

269 1391 278 1409 1
291 1392 299 1409 1
327 1381 459 1417 spefflarat
473 1391 504 1413 χ,
518 1376 545 1411 ψ
552 1375 695 1413 fiempstrat

269 1431 278 1449 1
289 1432 303 1450 z
325 1420 452 1448 noluerat
466 1431 487 1453 χ
500 1418 617 1445 voluerat

270 1471 305 1497 14
327 1468 419 1488 autem
436 1458 461 1486 ei
476 1457 505 1485 H
522 1458 538 1484 S
555 1471 587 1494 χ,
601 1457 626 1490 ψ
640 1457 705 1484 enim
719 1455 775 1482 haec

268 1511 301 1539 ¹5
325 1499 473 1528 inimicum
489 1497 518 1524 H
535 1499 550 1524 S
565 1511 596 1533 χ,
610 1497 634 1529 ψ
649 1498 753 1523 initium

267 1545 302 1572 18
326 1539 562 1574 abstinenterque,
577 1536 683 1565 versato
696 1534 726 1563 H
742 1535 758 1562 S
774 1549 794 1571 χ
809 1542 838 1563 at
853 1536 895 1572 {sti

365 1591 393 1608 ne
407 1578 576 1616 tergiversata

268 1632 305 1652 20
326 1629 354 1650 et
369 1634 389 1655 χ
407 1630 431 1646 eo
446 1619 470 1651 ᾧ
486 1619 511 1647 d.

268 1673 303 1691 22
326 1659 438 1699 proprie
451 1658 480 1686 H
496 1658 512 1684 S
529 1670 557 1692 χ,
572 1653 598 1690 ψ
612 1655 637 1684 d.

268 1713 301 1740 23
325 1700 451 1729 omnium
469 1698 492 1725 C
509 1697 537 1724 T
551 1698 578 1724 d.

265 1758 305 1765 —-
326 1738 480 1768 voluntatis
495 1751 515 1773 χ
528 1736 686 1773 valuptatum

268 1793 301 1820 25
325 1780 452 1820 gentium
467 1778 492 1806 C
507 1778 536 1805 T
551 1777 699 1814 &gentium
711 1777 818 1803 omnium

270 1822 308 1851 26
330 1820 501 1858 pertinerent
515 1830 538 1854 χ
549 1819 689 1854 pertintret

267 1878 307 1884 —-
326 1871 358 1888 ea
371 1873 452 1881 ·-—
467 1857 602 1884 deberent
617 1856 640 1883 C
650 1855 677 1882 T
691 1855 716 1881 d.

271 1903 306 1930 28
328 1908 419 1928 autem
437 1897 467 1926 H
484 1898 500 1924 S
516 1910 536 1930 χ,
549 1898 613 1922 enim

271 1951 307 1977 29
329 1938 419 1976 operis
435 1938 459 1964 C
474 1936 598 1972 operariis

269 1996 310 2004 --
330 1975 519 2015 diripiendam
535 1988 555 2009 χ
570 1973 719 2011 rapiendam

275 2030 305 2058 3¹
333 2027 405 2057 quos
422 2016 526 2054 egestas
539 2014 563 2042 C
579 2015 606 2041 d.

273 2070 308 2098 33
332 2058 448 2087 tribuno
463 2055 491 2083 H
507 2054 606 2082 tribuni

269 2116 310 2123 —
331 2096 499 2127 confirmans
513 2096 538 2129 ᾧ
552 2096 578 2121 A.

268 2155 310 2162 -—
329 2137 476 2167 addixerat
492 2135 521 2162 H
538 2135 554 2162 S
570 2134 598 2162 T
613 2147 633 2168 χ
647 2132 791 2160 adduxerat

273 2190 310 2217 34
330 2178 379 2215 qui
394 2191 433 2198 ——-
445 2174 530 2203 animi
548 2171 763 2211 persequebatur
783 2170 807 2198 C
822 2168 850 2196 T
865 2169 890 2197 d.

271 2235 312 2242 —
333 2218 358 2246 se
374 2217 404 2244 H
418 2216 434 2244 S
450 2229 480 2250 χ,
496 2215 520 2248 ψ
536 2216 563 2242 d.

270 2275 311 2282 —
333 2255 520 2296 ignominiam
535 2267 568 2291 χ,
585 2252 611 2287 ψ
625 2254 794 2290 ignorantiam

297 2309 305 2327 1
334 2298 442 2326 senatus
457 2303 483 2323 et
497 2308 528 2331 χ,
544 2294 693 2331 ψβηαηιηι

294 2349 309 2369 z
332 2337 457 2366 dolorem
483 2350 563 2357 —
585 2329 804 2371 persequebatur
833 2328 862 2357 H
884 2328 901 2356 S

297 2430 311 2457 3
333 2376 518 2453 xoclfibsstiassm
541 2413 564 2442 C
580 2413 610 2441 H
627 2412 644 2440 S
664 2424 686 2447 χ
710 2409 853 2450 Iocufletum
875 2407 904 2436 T

374 2456 490 2493 lo:up1'ett

295 2508 314 2534 4
335 2497 463 2525 adultero
478 2495 503 2527 ᾧ
517 2492 643 2521 adulterio

297 2549 308 2575 ς
334 2547 397 2566 cum
415 2537 522 2563 latrone
544 2534 568 2561 C
584 2531 612 2560 T
632 2530 730 2561 latrone
752 2530 777 2564 ψ
790 2539 843 2558 cum
857 2537 906 2557 vt-

374 2578 446 2616 mfico
459 2574 557 2604 latrone

1038 365 1047 393 1

946 375 983 433 Q
1045 385 1278 441 ὲωετψι

1025 460 1066 466 --
1088 445 1142 474 fuit
1158 446 1188 474 H
1201 460 1233 483 χ,
1250 447 1275 480 ψ
1292 448 1319 474 d.

1024 500 1064 506 —
1084 493 1113 513 et
1128 488 1204 522 quod
1314 485 1481 524 flagitabant
1496 485 1520 514 C
1536 486 1564 514 T
1579 486 1606 514 d.

1047 533 1063 560 7
1085 525 1249 562 superassem
1265 526 1293 554 H
1309 527 1326 553 S
1341 539 1363 562 χ
1371 527 1526 564 fizperaffint

1047 566 1063 591 8
1084 565 1224 602 repulsam
1242 566 1265 594 C
1280 565 1310 592 H
1326 566 1342 593 S
1359 566 1387 593 T
1400 579 1431 601 χ,
1449 566 1475 600 ψ
1488 565 1612 604 depulsam

1024 619 1065 626 —
1087 613 1134 632 aut
1244 613 1375 633 moereret
1389 606 1413 633 C
1429 605 1456 633 T
1470 605 1494 632 d.

1031 653 1065 672 10
1087 653 1236 673 moverunt
1257 646 1282 679 ψ
1297 654 1431 673 nocuerunt

1031 693 1040 711 1
1053 693 1061 711 1
1088 683 1161 711 furia
1176 685 1204 712 T
1219 687 1247 714 d.

1030 733 1041 752 1
1052 733 1065 760 3
1089 732 1116 752 et
1131 724 1155 752 C
1170 726 1195 751 d.

1025 778 1066 785 ——
1086 773 1209 801 quocum
1320 764 1530 792 neceffitudines
1547 764 1574 792 T
1592 763 1618 790 d.

1034 813 1066 841 ¹3
1091 803 1297 840 praedicabatur
1313 805 1337 832 C
1348 804 1539 842 praes'mbatur

1031 844 1066 874 16
1089 853 1152 872 meo
1164 857 1187 882 χ
1200 845 1224 873 d.

1032 896 1065 922 ¹7
1087 884 1272 912 concionibus
1286 898 1307 920 χ
1322 884 1470 913 τνιήιὶηἱόια

1033 936 1066 963 ¹9
1088 924 1139 951 effe
1156 924 1179 951 C
1194 925 1220 951 d.

1028 982 1068 988 —
1089 973 1123 991 ex
1137 963 1241 1001 quibus
1253 978 1333 986 —-
1346 963 1460 992 dicebat
1475 964 1500 993 C
1516 964 1543 992 T
1558 965 1585 992 d.

1033 1016 1069 1035 20
1091 1011 1150 1032 tum
1168 1004 1197 1031 H
1214 1005 1230 1031 S
1246 1005 1314 1041 74,sp
1329 1006 1356 1032 d.

1032 1056 1064 1075 21
1090 1044 1200 1081 praeesse
1217 1045 1232 1071 S
1248 1058 1281 1082 χ,
1295 1045 1319 1078 ψ
1330 1045 1465 1082 praeffnt

1031 1102 1070 1108 --
1092 1093 1188 1121 parare
1206 1085 1233 1111 H
1249 1099 1280 1120 χ,
1295 1085 1320 1118 ψ
1329 1092 1457 1121 pararent
1472 1083 1489 1110 S
1501 1090 1621 1120 parm-cm·

1030 1141 1071 1148 ..-
1093 1124 1166 1160 poss'e
1183 1124 1211 1152 H
1228 1125 1244 1151 S
1260 1138 1280 1160 χ
1294 1125 1320 1152 d.

1031 1182 1071 1187 -
1091 1163 1176 1200 idque
1190 1164 1215 1197 ψ
1229 1165 1256 1191 id
1271 1164 1336 1201 quod

1034 1216 1069 1234 2:
1092 1212 1142 1230 nec
1158 1203 1315 1241 legitimam
1332 1203 1362 1231 H
1377 1214 1405 1230 ne
1416 1202 1554 1240 legititnam

1034 1256 1068 1282 27
1092 1243 1119 1270 ln
1137 1242 1161 1270 C
1175 1245 1201 1271 d.

1030 1301 1070 1307 —
1091 1283 1216 1318 conjecffa
1231 1283 1260 1310 H
1275 1283 1292 1310 S
1308 1296 1340 1319 χ,
1358 1281 1383 1317 ψ
1398 1291 1457 1310 tunc
1468 1284 1562 1319 injec'la

1030 1340 1071 1346 -
1092 1324 1141 1350 Me
1155 1332 1222 1350 vero
1237 1333 1290 1350 ncn
1304 1323 1329 1356 ψ
1343 1323 1366 1349 d.

1032 1380 1072 1386 -
1094 1371 1149 1390 non
1167 1363 1190 1389 C
1206 1362 1235 1389 H
1252 1363 1267 1389 5
1284 1363 1312 1390 T
1327 1375 1350 1399 χ
1364 1373 1410 1390 non
1425 1362 1507 1389 movit

1036 1406 1070 1433 28
1093 1402 1178 1430 etiam
1195 1403 1217 1430 C
1236 1403 1265 1430 H
1282 1403 1299 1430 S
1315 1403 1343 1430 T
1360 1415 1393 1439 χ,
1411 1401 1478 1435 almi.

1037 1455 1071 1479 20
1095 1442 1177 1470 aliam
1194 1442 1303 1470 causam
1319 1442 1383 1470 CT
1398 1442 1423 1475 ψ
1435 1441 1503 1468 alias
1516 1439 1605 1476 causas

1036 1494 1067 1524 31
1094 1482 1140 1510 Illi
1250 1483 1363 1511 fratrem
1379 1481 1543 1519 praefecerat
1561 1483 1604 1518 (p.
1618 1489 1664 1515 ¹7·

1138 1525 1194 1561 15)
1213 1522 1244 1551 Η
1260 1523 1277 1550 S
1293 1524 1320 1550 d.

1033 1579 1074 1586 —
1094 1572 1201 1596 autem,
1221 1562 1319 1601 aliquo
1333 1568 1394 1591 tum
1411 1561 1440 1590 H
1455 1560 1473 1588 S
1487 1573 1511 1598 χ
1524 1563 1587 1588 enim
1601 1558 1666 1588 mali

1133 1607 1178 1642 qui
1191 1614 1246 1632 cum

957 1655 991 1682 ¹7
1057 1654 1071 1682 3
1094 1644 1148 1672 Sed
1164 1644 1193 1671 H
1210 1645 1227 1671 S
1244 1644 1278 1671 Et

1034 1700 1075 1707 —
1097 1693 1124 1712 et
1142 1685 1169 1712 H
1185 1685 1211 1711 d.

1058 1735 1072 1764 5
1097 1724 1226 1761 susceptat
1251 1722 1339 1751 causae
1367 1722 1398 1750 H
1418 1721 1435 1749 S
1462 1720 1488 1757 ψ
1511 1719 1594 1758 causae
1607 1719 1667 1756 sttae

1126 1765 1252 1801 fizsceprae

1056 1814 1071 1840 7
1095 1805 1164 1832 certi
1179 1818 1211 1840 >w
1225 1804 1249 1837 ψ
1261 1810 1325 1831 cene

1034 1860 1075 1867 --
1097 1844 1130 1872 ad
1147 1854 1206 1871 eam
1225 1844 1240 1870 S
1255 1856 1288 1880 χ,
1304 1842 1330 1877 ψ
1345 1841 1371 1869 d.

1035 1899 1074 1906 —
1096 1883 1243 1921 compositi
1257 1883 1288 1910 H
1303 1884 1320 1910 S
1335 1895 1369 1920 χ,
1383 1881 1494 1919 ψροβτὶ

1055 1934 1073 1960 9
1096 1923 1144 1951 alii
1158 1936 1178 1956 χ
1192 1923 1254 1950 aliis

1041 1971 1077 1991 ιο
1098 1963 1147 1999 ipfi
1167 1964 1194 1990 H
1210 1962 1279 1999 χ,ψ
1292 1961 1343 1999 ipſs

1035 2018 1079 2026 -
1101 2011 1130 2030 ut
1145 2003 1173 2030 H
1190 2015 1211 2037 χ
1225 2000 1273 2029 ‘Tot

1040 2054 1073 2073 iz
1097 2043 1264 2069 molirentur
1277 2054 1298 2076 χ
1308 2040 1440 2068 moliretur

1036 2100 1076 2106 -
1098 2082 1157 2120 Ipse
1176 2081 1203 2109 H
1220 2081 1236 2108 S
1252 2094 1282 2116 χ,
1298 2081 1324 2115 ψ
1339 2083 1377 2110 L.
1395 2081 1446 2117 ipſs

1035 2140 1076 2146 —-
1098 2131 1191 2151 autern
1207 2122 1224 2149 S
1239 2122 1263 2149 d.

1041 2173 1077 2200 14
1098 2171 1157 2190 erat
1168 2162 1193 2195 «ᾧ
1208 2163 1234 2189 d.

1037 2220 1076 2226 —
1098 2203 1183 2240 inque
1197 2202 1221 2235 ψ
1236 2203 1264 2229 in
1276 2201 1344 2239 quod

1042 2253 1075 2282 ¹5
1100 2242 1262 2280 praefecerat
1279 2242 1456 2279 xpetsettrat

1043 2283 1078 2312 16
1101 2284 1170 2311 Haec
1185 2281 1213 2309 T
1231 2281 1282 2309 Hic

1043 2332 1075 2360 17
1098 2322 1185 2360 posset
1202 2322 1228 2349 H
1247 2321 1264 2348 S
1279 2320 1382 2358 xpofflt

1044 2373 1079 2400 19
1101 2372 1150 2400 per
1163 2375 1184 2397 χ
1198 2363 1225 2389 d.

1042 2389 1391 2438 ΞιωωΗεχρψμ

1039 2459 1080 2466 -
1102 2442 1147 2469 sed
1168 2440 1197 2468 H
1214 2441 1231 2468 S
1245 2441 1269 2475 ψ
1284 2449 1308 2468 ee

1039 2497 1080 2506 —-
1101 2480 1280 2510 formidolose
1296 2479 1494 2519 xfiarmidolffos

1039 2537 1081 2548 .-.
1102 2530 1195 2553 tamen
1210 2522 1234 2550 C
1249 2521 1279 2550 T
1294 2522 1321 2549 d.
