2076 2860
372 171 420 222 36
844 160 1288 201 ORATIO

369 265 465 317 quid
486 273 681 317 oporteret
703 275 722 299 a
742 259 1056 313 praestantiffimis
1078 258 1170 295 viris
1192 258 1233 294 in
1256 256 1457 309 republica
1478 255 1576 300 fieri,
1599 264 1637 293 et
1658 254 1755 307 quid

369 329 513 368 necesse
534 329 622 367 effer
642 344 649 365 :
674 335 851 379 oportere
872 324 1083 362 hominum
1104 323 1326 366 audacium,
1350 321 1569 360 eversorum
1590 321 1753 374 reipub-

367 396 466 440 licae,
497 394 629 432 sceleri
650 392 802 443 legibus
831 399 869 427 et
884 389 1047 441 judiciis
1073 389 1261 427 refistere:
1292 388 1317 425 fi
1340 388 1442 440 leges
1466 401 1544 425 non
1564 387 1752 432 valerent,

370 460 515 507 judicia
532 472 610 496 non
631 457 764 500 effent,
781 455 806 492 fi
824 454 1043 507 respublica
1062 455 1101 491 vi
1121 453 1388 505 consensuque
1409 452 1614 490 audacium
1637 451 1754 490 armis

364 507 541 577 bppreffa
560 530 780 565 teneretur;
811 520 986 572 praefidio
1006 529 1045 558 et
1065 520 1190 572 copiis
1212 519 1370 557 defendi
1390 520 1512 556 vitam
1532 528 1570 556 et
1592 518 1754 556 liberta-

369 600 450 627 tem
471 588 615 626 neceffe
635 587 721 625 effe.
755 587 846 624 Hoc
868 585 1022 630 sentire,
1045 585 1261 637 prudentiae
1282 585 1360 630 est3
1384 583 1523 629 facere,
1546 583 1754 622 fortitudi-

369 655 428 693 nis
446 673 456 699 3
489 664 527 692 et
549 653 688 691 sentire
708 665 798 689 vero
818 660 856 688 et
876 650 1016 695 facere,
1048 649 1226 702 perfeetae
1247 650 1537 702 cumulataeque
1557 650 1730 687 virtutis.

425 720 538 757 Adiit
555 719 600 756 ad
618 717 905 769 rempublicam
922 716 1103 753 tribunus
1121 714 1264 769 plebis,
1286 715 1415 753 Milo:
1439 716 1487 753 de
1507 716 1620 767 cujus
1642 714 1757 753 laude

366 786 481 838 plura
501 785 645 828 dicam,
668 797 746 821 non
768 796 847 834 quo
867 791 932 819 aut
954 782 1034 834 ipse
1053 780 1136 819 haec
1157 781 1252 826 dici,
1275 794 1394 833 quam
1415 781 1640 826 existimari,
1668 794 1754 818 ma-

369 851 431 896 lit,
464 859 529 888 aut
549 863 622 902 ego
642 848 749 886 hunc
770 847 895 885 laudis
917 847 1090 885 fruetum
1112 846 1290 899 praesenti
1317 846 1486 884 libenter
1514 846 1753 899 impertiam,

371 916 581 968 praesertim
597 928 690 952 cum
706 914 832 951 verbis
850 913 1037 965 consequi
1053 926 1131 950 non
1148 912 1310 964 poffim;
1330 912 1407 956 sed,
1430 911 1537 965 quod
1557 912 1754 957 existimo,

372 982 396 1020 fi
431 982 599 1019 Milonis
630 980 782 1018 causam
811 979 1042 1017 accusatoris
1072 992 1167 1016 voce
1194 979 1454 1016 collaudatam
1476 978 1656 1031 probaro,
1687 992 1756 1017 vos

371 1048 409 1085 in
432 1047 508 1085 hoc
529 1047 695 1085 crimine
716 1059 846 1099 parem
868 1045 990 1084 Sextii
1011 1045 1163 1083 causam
1179 1045 1480 1084 existimaturos.
1500 1045 1613 1083 Adiit
1633 1046 1758 1098 igitur

371 1114 424 1150 T.
442 1113 597 1150 Annius
619 1111 665 1149 ad
686 1111 837 1149 causam
859 1110 1098 1163 reipublicae,
1128 1110 1193 1155 fic,
1226 1120 1269 1148 ut
1289 1111 1417 1148 civem
1438 1111 1570 1163 patriae
1592 1124 1758 1163 recupe-

373 1192 451 1215 rare
472 1178 590 1215 vellet
610 1187 803 1229 ereptum.
835 1177 1010 1229 Simplex
1032 1176 1156 1221 causa,
1179 1176 1355 1214 constans
1378 1177 1490 1221 ratio,
1522 1176 1638 1228 plena
1658 1190 1758 1214 con-

375 1243 554 1281 senfionis
576 1244 773 1286 omnium,
805 1242 920 1295 plena
940 1241 1173 1280 concordiae.
1213 1242 1395 1294 Collegas
1415 1242 1611 1294 adjutores
1633 1241 1757 1280 habe-

373 1310 437 1347 bat
456 1325 465 1348 2
497 1309 668 1346 consulis
689 1309 846 1346 alterius
867 1308 1066 1346 summum
1089 1308 1275 1353 studium,
1302 1308 1459 1345 alterius
1480 1308 1635 1345 animus
1657 1321 1756 1360 pene

372 1375 560 1427 placatus,
591 1376 653 1412 De
673 1374 903 1426 praetoribus
925 1388 1025 1412 unus
1047 1374 1194 1411 alienus
1212 1388 1220 1411 :
1246 1374 1396 1411 senatus
1417 1374 1662 1411 incredibilis
1684 1387 1758 1412 vo·-

371 1440 527 1478 luntas:
559 1440 740 1492 equitum
761 1440 1033 1477 Romanorum
1052 1439 1174 1476 animi
1195 1439 1242 1476 ad
1262 1439 1415 1478 causam
1436 1440 1611 1485 excitati,
1634 1441 1758 1477 erecta

374 1506 498 1544 Italia.
526 1506 619 1543 Duo
640 1505 711 1543 soli
731 1515 838 1543 erant
858 1506 983 1558 empti
1004 1505 1051 1542 ad
1071 1505 1394 1557 impediendum:
1419 1506 1487 1558 qui
1510 1506 1552 1550 si,
1574 1504 1760 1543 homines

372 1571 539 1623 despecti
559 1580 597 1608 et
619 1571 855 1622 contempti,
887 1566 1033 1608 tantam
1056 1584 1138 1608 rem
1159 1570 1342 1608 sustinere
1363 1584 1441 1608 non
1463 1571 1690 1623 potuissent,
1722 1570 1759 1608 se

371 1635 549 1679 causam,
581 1649 700 1687 quam
732 1635 972 1687 susceperat,
1004 1635 1117 1673 nullo
1149 1636 1280 1673 labore
1307 1637 1555 1688 peracturum
1583 1636 1756 1675 videbat.

371 1701 525 1753 Agebat
545 1701 786 1745 auctoritate,
818 1701 955 1752 agebat
976 1700 1152 1745 consilio,
1180 1701 1317 1752 agebat
1337 1715 1405 1753 per
1426 1701 1627 1740 summum
1648 1702 1759 1740 ordi-

373 1780 478 1810 nem,
501 1766 637 1817 agebat
653 1765 835 1816 exemplo
852 1765 1048 1802 bonorum
1063 1774 1102 1802 et
1117 1765 1284 1803 fortium
1300 1767 1448 1804 civium
1463 1782 1471 1804 :
1492 1767 1588 1819 quid
1610 1768 1759 1820 repub-

373 1833 462 1876 lica,
495 1831 590 1883 quid
614 1831 662 1875 se,
695 1831 860 1882 dignum
883 1830 987 1875 effet,
1019 1831 1107 1883 quis
1131 1831 1209 1883 ipse
1230 1831 1335 1876 esset,
1357 1831 1455 1883 quid
1476 1832 1637 1884 sperare,
1661 1834 1759 1885 quid

373 1897 587 1949 majoribus
610 1896 684 1934 suis
709 1896 863 1934 reddere
885 1896 1057 1941 deberet,
1089 1897 1383 1949 diligentissime
1404 1898 1617 1950 cogitabat.

430 1964 540 2001 XLI.
576 1963 684 2000 Huic
717 1963 895 2015 gravitati
928 1952 1102 2000 hominis
1135 1963 1292 2001 videbat
1322 1963 1389 2001 ille
1419 1964 1610 2016 gladiator
1639 1964 1698 2011 se,
1731 1967 1758 2004 fi

374 2029 550 2066 moribus
571 2038 714 2079 ageret,
738 2042 867 2080 parem
889 2028 960 2066 effe
982 2043 1060 2066 non
1082 2028 1209 2081 posse:
1242 2029 1289 2066 ad
1308 2028 1472 2074 ferrum,
1494 2030 1541 2067 ad
1562 2030 1679 2076 faces,
1711 2031 1758 2069 ad

375 2094 644 2146 quotidianam
675 2093 834 2139 caedem,
867 2094 1060 2139 incendia,
1091 2095 1256 2147 rapinas,
1288 2095 1325 2132 se
1356 2109 1450 2133 cum
1481 2097 1656 2134 exercitu
1689 2097 1759 2135 suo

375 2160 570 2198 contulit:
604 2160 768 2197 domum
791 2173 1031 2212 oppugnare,
1055 2161 1261 2198 itineribus
1284 2174 1500 2207 occurrere,
1523 2163 1561 2199 vi
1582 2163 1760 2201 laceffere

374 2235 412 2263 et
433 2235 588 2270 terrere,
610 2226 745 2277 coep'it.
771 2226 864 2263 Non
887 2227 1011 2263 movit
1032 2225 1237 2264 hominem
1259 2227 1408 2265 summa
1428 2228 1629 2280 gravitate,
1647 2229 1757 2267 sum-

373 2305 515 2343 maque
536 2291 773 2329 constantia:
798 2291 875 2336 sed,
898 2306 1123 2344 quanquam
1145 2293 1256 2330 dolor
1276 2294 1412 2338 animi,
1431 2295 1562 2332 innata
1582 2295 1756 2341 libertas,

375 2366 556 2408 prompta
575 2356 845 2408 excellensque
866 2357 988 2396 virtus
1004 2387 1014 2402 ‚
1048 2357 1299 2396 fortiffimum
1321 2360 1450 2397 virum
1472 2358 1756 2406 hortabantur,

374 2422 411 2460 vi
435 2422 513 2459 vim
531 2450 541 2465 ‚
572 2421 743 2460 oblatam
772 2422 981 2474 pracsertim
1004 2422 1137 2475 saepius
1153 2452 1163 2469 ‚
1197 2433 1239 2462 ut
1270 2423 1463 2477 frangeret
1483 2435 1521 2464 et
1543 2425 1726 2465 refutaret
1742 2445 1755 2472 ς
