2076 2860
414 542 1616 630 Q.L1GARIO

633 769 738 806 AD
820 768 868 806 C.
945 768 1402 808 CAESAREM

732 961 1088 1000 ORATIO
1175 962 1300 1001 XLI.

311 1170 345 1218 I.
502 1171 539 1208 Ο
555 1170 593 1208 V
608 1170 646 1209 U
665 1170 714 1208 M
736 1171 904 1216 crimen,
939 1171 988 1209 C.
1014 1170 1154 1216 Caesar,
1177 1180 1217 1209 et
1237 1180 1326 1209 ante
1347 1170 1456 1210 huuc
1479 1172 1585 1211 diem
1607 1176 1721 1212 inau—

514 1237 660 1282 ditum,
683 1238 934 1290 propinquus
956 1252 1069 1276 meus
1091 1238 1138 1275 ad
1160 1248 1196 1276 te
1219 1239 1458 1291 QTubero
1481 1238 1640 1286 detulit,
1665 1243 1731 1294 Q

310 1303 520 1356 Ligarium
541 1304 583 1341 in
605 1302 743 1341 Africa
763 1303 903 1342 fuiffe:
938 1303 1057 1357 idque
1085 1305 1135 1342 C.
1161 1305 1306 1349 Pansa,
1338 1305 1536 1357 praestanti
1566 1308 1626 1345 vir
1656 1308 1720 1346 in-

307 1371 442 1424 genio,
474 1369 599 1409 fretus
620 1369 776 1409 fortaffe
796 1384 839 1408 ea
858 1370 1143 1417 familiaritate,
1176 1385 1263 1424 quae
1284 1371 1337 1410 est
1358 1374 1394 1410 ei
1426 1383 1574 1419 tecum,
1607 1375 1720 1413 ausus

308 1437 362 1476 est
394 1437 591 1476 confiteri.
636 1438 790 1490 Itaque,
823 1451 903 1490 quo
934 1451 999 1475 me
1032 1447 1196 1482 vertam,
1230 1437 1360 1476 nescio
1380 1454 1388 1477 :
1422 1450 1578 1492 paratus
1611 1442 1721 1480 enim

308 1518 511 1550 veneram,
544 1518 638 1542 cum
660 1513 704 1542 tu
725 1503 765 1542 id
786 1517 915 1557 neque
936 1517 1005 1556 per
1026 1512 1064 1542 te
1085 1504 1222 1548 scires,
1256 1518 1384 1557 neque
1405 1506 1539 1544 audire
1560 1507 1720 1547 aliunde

307 1571 510 1624 potuisses,
525 1580 571 1609 ut
585 1571 835 1624 ignoratione
851 1579 918 1609 tua
933 1569 980 1607 ad
996 1569 1173 1608 hominis
1191 1570 1323 1608 miseri
1339 1571 1505 1610 salutem
1521 1572 1716 1615 abuterer.

306 1637 397 1683 Sed,
415 1637 606 1691 quoniam
627 1637 836 1690 diligentia
855 1637 1012 1675 inimici
1033 1636 1313 1690 investigatum
1333 1637 1402 1682 est,
1425 1638 1534 1691 quod
1554 1638 1717 1688 latebat,

305 1703 583 1744 confitendum
603 1703 670 1750 est,
703 1713 748 1742 ut
768 1704 911 1758 opinor
927 1723 939 1749 3
971 1703 1201 1757 praesertim,
1234 1717 1330 1742 cum
1351 1717 1463 1744 meus
1485 1706 1716 1747 necessarius

307 1772 358 1811 C.
375 1771 497 1811 Pansa
515 1769 670 1816 fecerit,
688 1779 733 1809 ut
752 1769 793 1808 id
807 1771 894 1823 jam
914 1770 1118 1822 integrum
1139 1783 1219 1808 non
1241 1769 1332 1808 effet
1343 1789 1355 1815 3
1380 1771 1595 1825 omiffaque
1616 1786 1715 1812 con-

304 1839 488 1879 troverfia
501 1868 513 1885 ,
545 1838 676 1878 omnis
698 1838 824 1877 oratio
844 1837 892 1876 ad
911 1836 1224 1876 misericordiam
1244 1845 1355 1877 tuam
1376 1837 1614 1878 conferenda
1634 1841 1688 1880 est
1701 1871 1715 1889 ‚

305 1920 383 1961 qua
402 1906 568 1960 plurimi
589 1906 679 1945 sunt
699 1905 931 1951 conservati,
954 1919 1050 1944 cum
1070 1919 1091 1944 a
1111 1914 1150 1945 te
1169 1919 1250 1945 non
1271 1906 1550 1946 liberationem
1571 1908 1715 1963 culpae,

304 1974 369 2014 sed
389 1975 506 2013 errati
524 1974 695 2019 veniam,
727 1972 1050 2027 impetravissent.

360 2041 498 2080 Habes
519 2041 644 2094 igitur
658 2070 669 2086 ‚
702 2041 867 2080 Tubero
881 2070 893 2087 ,
926 2040 1035 2094 quod
1055 2039 1110 2079 est
1129 2040 1343 2080 accusatori
1373 2041 1549 2081 maxime
1569 2052 1713 2098 optan-

305 2108 402 2147 dum
417 2139 428 2154 ,
461 2108 721 2147 confitentem
743 2121 883 2155 reum;
917 2108 980 2146 sed
1002 2118 1134 2148 tamen
1155 2109 1210 2147 ita
1230 2108 1492 2149 confitentem
1507 2140 1519 2157 ,
1552 2111 1589 2150 se
1608 2112 1651 2150 in
1671 2125 1713 2150 ea

306 2185 415 2228 parte
435 2174 563 2220 fuiffe,
595 2189 672 2228 qua
693 2185 745 2221 te,
777 2176 957 2222 Tubero,
989 2190 1068 2230 qua
1087 2176 1219 2216 virum
1240 2178 1352 2216 omni
1382 2177 1497 2216 laude
1527 2178 1710 2231 dignum,

307 2251 458 2294 patrem
479 2251 611 2281 tuum.
643 2243 782 2296 Itaque
802 2243 911 2296 prius
940 2243 987 2283 de
1007 2244 1132 2284 vestro
1162 2244 1306 2283 delieto
1337 2245 1610 2284 confiteamini
1640 2260 1710 2285 ne-

306 2309 404 2347 ceffe
424 2308 491 2354 est,
524 2322 643 2362 quam
665 2310 816 2363 Ligarii
837 2311 962 2350 ullam
983 2312 1143 2365 culpam
1165 2311 1473 2365 reprehendatis.

365 2376 567 2428 Qigitur
590 2377 787 2429 Ligarius,
819 2392 911 2417 curn
933 2379 1025 2417 effet
1045 2378 1175 2417 adhuc
1198 2378 1308 2417 nulla
1328 2378 1425 2417 belli
1446 2378 1629 2432 suspicio,
1653 2379 1710 2416 le-

307 2452 420 2495 gatus
461 2443 502 2481 in
543 2442 723 2483 Africam
763 2458 858 2484 cum
898 2446 947 2485 C.
985 2445 1173 2485 Confidio
1207 2444 1407 2499 profectus
1442 2445 1496 2484 est
1514 2461 1522 2484 :
1561 2459 1638 2498 qua
1672 2445 1713 2483 in

1295 2512 1312 2549 Ι
1343 2512 1355 2548 i
1387 2524 1407 2550 2
