<?xml version="1.0" encoding="UTF-8"?>
<!DOCTYPE html PUBLIC "-//W3C//DTD XHTML 1.0 Transitional//EN"
    "http://www.w3.org/TR/xhtml1/DTD/xhtml1-transitional.dtd">
<html xmlns="http://www.w3.org/1999/xhtml" xml:lang="en" lang="en">
 <head>
  <title>
</title>
<meta http-equiv="Content-Type" content="text/html;charset=utf-8" />
  <meta name='ocr-system' content='tesseract 3.04.00' />
  <meta name='ocr-capabilities' content='ocr_page ocr_carea ocr_par ocr_line ocrx_word'/>
</head>
<body>
  <div class='ocr_page' id='page_1' title='image "./operacumindicibu06ciceuoft_0015.png"; bbox 0 0 2076 2860; ppageno 0'>
   <div class='ocr_carea' id='block_1_1' title="bbox 594 150 1600 204">
    <p class='ocr_par' dir='ltr' id='par_1_1' title="bbox 594 150 1600 204">
     <span class='ocr_line' id='line_1_1' title="bbox 594 150 1600 204; baseline -0.003 -14"><span class='ocrx_word' id='word_1_1' title='bbox 594 151 735 190; x_wconf 86' lang='lat' dir='ltr'>PRO</span> <span class='ocrx_word' id='word_1_2' title='bbox 797 150 842 190; x_wconf 84' lang='lat' dir='ltr'>P.</span> <span class='ocrx_word' id='word_1_3' title='bbox 905 150 1199 189; x_wconf 87' lang='lat' dir='ltr'>SEXTIO.</span> <span class='ocrx_word' id='word_1_4' title='bbox 1578 165 1600 204; x_wconf 80' lang='lat'><em>5</em></span> 
     </span>
    </p>
   </div>
   <div class='ocr_carea' id='block_1_2' title="bbox 194 247 1606 2497">
    <p class='ocr_par' dir='ltr' id='par_1_2' title="bbox 195 247 1606 826">
     <span class='ocr_line' id='line_1_2' title="bbox 254 247 1604 303; baseline -0.004 -14"><span class='ocrx_word' id='word_1_5' title='bbox 254 251 390 303; x_wconf 89' lang='lat' dir='ltr'><strong>Atque</strong></span> <span class='ocrx_word' id='word_1_6' title='bbox 411 249 491 288; x_wconf 84' lang='lat' dir='ltr'>illis</span> <span class='ocrx_word' id='word_1_7' title='bbox 513 249 762 301; x_wconf 84' lang='lat' dir='ltr'>temporibus</span> <span class='ocrx_word' id='word_1_8' title='bbox 784 247 938 293; x_wconf 87' lang='lat' dir='ltr'>iisdem,</span> <span class='ocrx_word' id='word_1_9' title='bbox 957 261 1052 285; x_wconf 90' lang='lat' dir='ltr'>cum</span> <span class='ocrx_word' id='word_1_10' title='bbox 1068 248 1153 299; x_wconf 86' lang='lat' dir='ltr'>jam</span> <span class='ocrx_word' id='word_1_11' title='bbox 1176 248 1356 300; x_wconf 80' lang='lat' dir='ltr'>Capuam</span> <span class='ocrx_word' id='word_1_12' title='bbox 1374 256 1484 285; x_wconf 90' lang='lat' dir='ltr'>metu</span> <span class='ocrx_word' id='word_1_13' title='bbox 1508 247 1604 284; x_wconf 81' lang='lat' dir='ltr'>Sex-</span> 
     </span>
     <span class='ocr_line' id='line_1_3' title="bbox 197 312 1606 367; baseline -0.003 -12"><span class='ocrx_word' id='word_1_14' title='bbox 197 316 277 355; x_wconf 87' lang='lat' dir='ltr'>tius</span> <span class='ocrx_word' id='word_1_15' title='bbox 299 316 491 355; x_wconf 73' lang='lat' dir='ltr'>liberasset</span> <span class='ocrx_word' id='word_1_16' title='bbox 506 335 520 361; x_wconf 79' lang='lat'>3</span> <span class='ocrx_word' id='word_1_17' title='bbox 554 315 697 353; x_wconf 89' lang='lat' dir='ltr'>urbem</span> <span class='ocrx_word' id='word_1_18' title='bbox 718 315 888 359; x_wconf 83' lang='lat' dir='ltr'>senatus,</span> <span class='ocrx_word' id='word_1_19' title='bbox 911 323 1031 366; x_wconf 85' lang='lat' dir='ltr'>atque</span> <span class='ocrx_word' id='word_1_20' title='bbox 1051 327 1190 352; x_wconf 83' lang='lat' dir='ltr'>omnes</span> <span class='ocrx_word' id='word_1_21' title='bbox 1213 314 1324 360; x_wconf 89' lang='lat' dir='ltr'>boni,</span> <span class='ocrx_word' id='word_1_22' title='bbox 1357 312 1606 367; x_wconf 73' lang='lat' dir='ltr'>deprehensis</span> 
     </span>
     <span class='ocr_line' id='line_1_4' title="bbox 197 379 1605 435; baseline -0.002 -15"><span class='ocrx_word' id='word_1_23' title='bbox 197 392 315 435; x_wconf 91' lang='lat' dir='ltr'>atque</span> <span class='ocrx_word' id='word_1_24' title='bbox 349 381 535 435; x_wconf 85' lang='lat' dir='ltr'>oppreffis</span> <span class='ocrx_word' id='word_1_25' title='bbox 571 380 798 419; x_wconf 85' lang='lat' dir='ltr'>domesticis</span> <span class='ocrx_word' id='word_1_26' title='bbox 834 380 1014 419; x_wconf 82' lang='lat' dir='ltr'>hostibus</span> <span class='ocrx_word' id='word_1_27' title='bbox 1029 410 1040 427; x_wconf 90' lang='lat'>,</span> <span class='ocrx_word' id='word_1_28' title='bbox 1077 394 1141 418; x_wconf 91' lang='lat' dir='ltr'>me</span> <span class='ocrx_word' id='word_1_29' title='bbox 1177 380 1300 426; x_wconf 90' lang='lat' dir='ltr'>duce,</span> <span class='ocrx_word' id='word_1_30' title='bbox 1337 394 1385 418; x_wconf 82' lang='lat' dir='ltr'>ex</span> <span class='ocrx_word' id='word_1_31' title='bbox 1417 379 1605 433; x_wconf 82' lang='lat' dir='ltr'>periculis</span> 
     </span>
     <span class='ocr_line' id='line_1_5' title="bbox 197 447 1606 501; baseline -0.002 -13"><span class='ocrx_word' id='word_1_32' title='bbox 197 450 383 488; x_wconf 86' lang='lat' dir='ltr'>maximis</span> <span class='ocrx_word' id='word_1_33' title='bbox 405 448 656 488; x_wconf 78' lang='lat' dir='ltr'>extraxissent</span> <span class='ocrx_word' id='word_1_34' title='bbox 677 464 684 487; x_wconf 92' lang='lat'><strong>:</strong></span> <span class='ocrx_word' id='word_1_35' title='bbox 709 462 784 501; x_wconf 90' lang='lat' dir='ltr'>ego</span> <span class='ocrx_word' id='word_1_36' title='bbox 804 449 929 487; x_wconf 87' lang='lat' dir='ltr'>literis</span> <span class='ocrx_word' id='word_1_37' title='bbox 951 462 1044 486; x_wconf 92' lang='lat' dir='ltr'>eum</span> <span class='ocrx_word' id='word_1_38' title='bbox 1067 449 1204 501; x_wconf 81' lang='lat' dir='ltr'>Capua</span> <span class='ocrx_word' id='word_1_39' title='bbox 1224 447 1395 486; x_wconf 86' lang='lat' dir='ltr'>arceffivi</span> <span class='ocrx_word' id='word_1_40' title='bbox 1417 461 1511 486; x_wconf 90' lang='lat' dir='ltr'>cum</span> <span class='ocrx_word' id='word_1_41' title='bbox 1534 447 1606 485; x_wconf 85' lang='lat' dir='ltr'>illo</span> 
     </span>
     <span class='ocr_line' id='line_1_6' title="bbox 197 503 1604 569; baseline -0.001 -15"><span class='ocrx_word' id='word_1_42' title='bbox 197 515 389 562; x_wconf 87' lang='lat' dir='ltr'>exercitu,</span> <span class='ocrx_word' id='word_1_43' title='bbox 421 530 543 569; x_wconf 90' lang='lat' dir='ltr'>quem</span> <span class='ocrx_word' id='word_1_44' title='bbox 565 525 653 553; x_wconf 90' lang='lat' dir='ltr'>tum</span> <span class='ocrx_word' id='word_1_45' title='bbox 675 515 808 554; x_wconf 87' lang='lat' dir='ltr'>secum</span> <span class='ocrx_word' id='word_1_46' title='bbox 829 514 999 553; x_wconf 87' lang='lat' dir='ltr'>habebat</span> <span class='ocrx_word' id='word_1_47' title='bbox 1017 535 1028 560; x_wconf 83' lang='lat'>;</span> <span class='ocrx_word' id='word_1_48' title='bbox 1062 503 1223 568; x_wconf 24' lang='lat' dir='ltr'>quibus·</span> <span class='ocrx_word' id='word_1_49' title='bbox 1241 514 1307 553; x_wconf 89' lang='lat' dir='ltr'>hic</span> <span class='ocrx_word' id='word_1_50' title='bbox 1330 515 1454 552; x_wconf 79' lang='lat' dir='ltr'>literis</span> <span class='ocrx_word' id='word_1_51' title='bbox 1477 515 1604 558; x_wconf 63' lang='lat' dir='ltr'>lectis,</span> 
     </span>
     <span class='ocr_line' id='line_1_7' title="bbox 197 581 1606 634; baseline -0.002 -13"><span class='ocrx_word' id='word_1_52' title='bbox 197 582 245 620; x_wconf 88' lang='lat' dir='ltr'>ad</span> <span class='ocrx_word' id='word_1_53' title='bbox 267 583 407 621; x_wconf 91' lang='lat' dir='ltr'>urbem</span> <span class='ocrx_word' id='word_1_54' title='bbox 428 581 639 621; x_wconf 88' lang='lat' dir='ltr'>confestim</span> <span class='ocrx_word' id='word_1_55' title='bbox 659 582 887 620; x_wconf 86' lang='lat' dir='ltr'>incredibili</span> <span class='ocrx_word' id='word_1_56' title='bbox 908 582 1109 620; x_wconf 81' lang='lat' dir='ltr'>celeritate</span> <span class='ocrx_word' id='word_1_57' title='bbox 1130 581 1341 620; x_wconf 86' lang='lat' dir='ltr'>advolavit.</span> <span class='ocrx_word' id='word_1_58' title='bbox 1376 583 1527 634; x_wconf 88' lang='lat' dir='ltr'>Atque,</span> <span class='ocrx_word' id='word_1_59' title='bbox 1562 590 1606 618; x_wconf 92' lang='lat' dir='ltr'>ut</span> 
     </span>
     <span class='ocr_line' id='line_1_8' title="bbox 197 646 1606 702; baseline -0.002 -16"><span class='ocrx_word' id='word_1_60' title='bbox 197 648 306 686; x_wconf 90' lang='lat' dir='ltr'>illius</span> <span class='ocrx_word' id='word_1_61' title='bbox 328 649 519 702; x_wconf 79' lang='lat' dir='ltr'>temporis</span> <span class='ocrx_word' id='word_1_62' title='bbox 541 649 791 687; x_wconf 82' lang='lat' dir='ltr'>atrocitatem</span> <span class='ocrx_word' id='word_1_63' title='bbox 812 648 1007 686; x_wconf 87' lang='lat' dir='ltr'>recordari</span> <span class='ocrx_word' id='word_1_64' title='bbox 1028 647 1193 700; x_wconf 74' lang='lat' dir='ltr'>possitis,</span> <span class='ocrx_word' id='word_1_65' title='bbox 1226 646 1358 684; x_wconf 82' lang='lat' dir='ltr'>audite</span> <span class='ocrx_word' id='word_1_66' title='bbox 1389 647 1535 692; x_wconf 77' lang='lat' dir='ltr'>literas,</span> <span class='ocrx_word' id='word_1_67' title='bbox 1568 656 1606 684; x_wconf 91' lang='lat' dir='ltr'>et</span> 
     </span>
     <span class='ocr_line' id='line_1_9' title="bbox 196 713 1603 766; baseline -0.002 -13"><span class='ocrx_word' id='word_1_68' title='bbox 196 714 361 753; x_wconf 88' lang='lat' dir='ltr'>vestram</span> <span class='ocrx_word' id='word_1_69' title='bbox 382 715 618 753; x_wconf 87' lang='lat' dir='ltr'>memoriam</span> <span class='ocrx_word' id='word_1_70' title='bbox 639 714 686 752; x_wconf 89' lang='lat' dir='ltr'>ad</span> <span class='ocrx_word' id='word_1_71' title='bbox 718 715 873 752; x_wconf 89' lang='lat' dir='ltr'>timoris</span> <span class='ocrx_word' id='word_1_72' title='bbox 898 714 1088 766; x_wconf 84' lang='lat' dir='ltr'>praeteriti</span> <span class='ocrx_word' id='word_1_73' title='bbox 1109 713 1397 765; x_wconf 85' lang='lat' dir='ltr'>cogitationem</span> <span class='ocrx_word' id='word_1_74' title='bbox 1418 713 1603 750; x_wconf 80' lang='lat' dir='ltr'>excitate.</span> 
     </span>
     <span class='ocr_line' id='line_1_10' title="bbox 195 780 962 826; baseline -0.003 -7"><span class='ocrx_word' id='word_1_75' title='bbox 195 780 398 819; x_wconf 79' lang='lat' dir='ltr'>LITERAE</span> <span class='ocrx_word' id='word_1_76' title='bbox 424 782 698 826; x_wconf 70' lang='lat' dir='ltr'>ClcssRoms,</span> <span class='ocrx_word' id='word_1_77' title='bbox 725 793 962 819; x_wconf 81' lang='lat' dir='ltr'><strong>CONSULIS.</strong></span> 
     </span>
    </p>

    <p class='ocr_par' dir='ltr' id='par_1_3' title="bbox 194 845 1605 2289">
     <span class='ocr_line' id='line_1_11' title="bbox 254 845 1605 899; baseline -0.001 -15"><span class='ocrx_word' id='word_1_78' title='bbox 254 847 306 886; x_wconf 90' lang='lat' dir='ltr'>V.</span> <span class='ocrx_word' id='word_1_79' title='bbox 339 848 434 886; x_wconf 93' lang='lat' dir='ltr'>Hoc</span> <span class='ocrx_word' id='word_1_80' title='bbox 455 848 626 886; x_wconf 90' lang='lat' dir='ltr'>adventu</span> <span class='ocrx_word' id='word_1_81' title='bbox 648 847 693 885; x_wconf 88' lang='lat' dir='ltr'>P.</span> <span class='ocrx_word' id='word_1_82' title='bbox 709 847 848 891; x_wconf 82' lang='lat' dir='ltr'>Sextii,</span> <span class='ocrx_word' id='word_1_83' title='bbox 872 846 1129 884; x_wconf 89' lang='lat' dir='ltr'>tribunorum</span> <span class='ocrx_word' id='word_1_84' title='bbox 1151 846 1279 899; x_wconf 88' lang='lat' dir='ltr'>plebis</span> <span class='ocrx_word' id='word_1_85' title='bbox 1303 859 1514 891; x_wconf 89' lang='lat' dir='ltr'>novorum,</span> <span class='ocrx_word' id='word_1_86' title='bbox 1534 845 1605 898; x_wconf 85' lang='lat' dir='ltr'>qui</span> 
     </span>
     <span class='ocr_line' id='line_1_12' title="bbox 197 912 1603 966; baseline -0.001 -14"><span class='ocrx_word' id='word_1_87' title='bbox 197 922 287 952; x_wconf 90' lang='lat' dir='ltr'>tum</span> <span class='ocrx_word' id='word_1_88' title='bbox 318 915 506 953; x_wconf 84' lang='lat' dir='ltr'>extremis</span> <span class='ocrx_word' id='word_1_89' title='bbox 540 912 679 951; x_wconf 88' lang='lat' dir='ltr'>diebus</span> <span class='ocrx_word' id='word_1_90' title='bbox 713 912 940 951; x_wconf 82' lang='lat' dir='ltr'>consulatus</span> <span class='ocrx_word' id='word_1_91' title='bbox 969 914 1049 951; x_wconf 90' lang='lat' dir='ltr'>mei</span> <span class='ocrx_word' id='word_1_92' title='bbox 1077 927 1135 951; x_wconf 87' lang='lat' dir='ltr'>res</span> <span class='ocrx_word' id='word_1_93' title='bbox 1164 927 1240 958; x_wconf 81' lang='lat' dir='ltr'>eas,</span> <span class='ocrx_word' id='word_1_94' title='bbox 1274 927 1369 966; x_wconf 83' lang='lat' dir='ltr'>quas</span> <span class='ocrx_word' id='word_1_95' title='bbox 1401 912 1603 964; x_wconf 70' lang='lat' dir='ltr'>gesseram,</span> 
     </span>
     <span class='ocr_line' id='line_1_13' title="bbox 195 979 1604 1033; baseline -0.001 -15"><span class='ocrx_word' id='word_1_96' title='bbox 195 993 333 1018; x_wconf 82' lang='lat' dir='ltr'>vexare</span> <span class='ocrx_word' id='word_1_97' title='bbox 353 980 592 1033; x_wconf 87' lang='lat' dir='ltr'>cupiebant,</span> <span class='ocrx_word' id='word_1_98' title='bbox 625 979 850 1032; x_wconf 87' lang='lat' dir='ltr'>reliquique</span> <span class='ocrx_word' id='word_1_99' title='bbox 871 980 1159 1033; x_wconf 88' lang='lat' dir='ltr'>conjurationis</span> <span class='ocrx_word' id='word_1_100' title='bbox 1182 980 1357 1033; x_wconf 85' lang='lat' dir='ltr'>impetus</span> <span class='ocrx_word' id='word_1_101' title='bbox 1379 989 1417 1017; x_wconf 89' lang='lat' dir='ltr'>et</span> <span class='ocrx_word' id='word_1_102' title='bbox 1439 988 1604 1017; x_wconf 81' lang='lat' dir='ltr'>conatus</span> 
     </span>
     <span class='ocr_line' id='line_1_14' title="bbox 195 1045 1604 1099; baseline -0.001 -15"><span class='ocrx_word' id='word_1_103' title='bbox 195 1045 286 1084; x_wconf 91' lang='lat' dir='ltr'>sunt</span> <span class='ocrx_word' id='word_1_104' title='bbox 306 1047 502 1085; x_wconf 85' lang='lat' dir='ltr'>retardati.</span> <span class='ocrx_word' id='word_1_105' title='bbox 526 1047 603 1092; x_wconf 90' lang='lat' dir='ltr'>Ac,</span> <span class='ocrx_word' id='word_1_106' title='bbox 627 1045 880 1099; x_wconf 86' lang='lat' dir='ltr'>posteaquam</span> <span class='ocrx_word' id='word_1_107' title='bbox 901 1046 955 1084; x_wconf 91' lang='lat' dir='ltr'>est</span> <span class='ocrx_word' id='word_1_108' title='bbox 976 1047 1242 1092; x_wconf 64' lang='lat' dir='ltr'>intellectum,</span> <span class='ocrx_word' id='word_1_109' title='bbox 1267 1048 1418 1084; x_wconf 88' lang='lat' dir='ltr'>Catone</span> <span class='ocrx_word' id='word_1_110' title='bbox 1441 1046 1604 1083; x_wconf 86' lang='lat' dir='ltr'>tribuno</span> 
     </span>
     <span class='ocr_line' id='line_1_15' title="bbox 195 1112 1603 1166; baseline -0.001 -14"><span class='ocrx_word' id='word_1_111' title='bbox 195 1113 339 1166; x_wconf 86' lang='lat' dir='ltr'>plebis,</span> <span class='ocrx_word' id='word_1_112' title='bbox 362 1112 573 1152; x_wconf 85' lang='lat' dir='ltr'>fortiffimo</span> <span class='ocrx_word' id='word_1_113' title='bbox 593 1123 711 1166; x_wconf 86' lang='lat' dir='ltr'>atque</span> <span class='ocrx_word' id='word_1_114' title='bbox 732 1114 890 1166; x_wconf 90' lang='lat' dir='ltr'>optimo</span> <span class='ocrx_word' id='word_1_115' title='bbox 911 1113 1011 1158; x_wconf 89' lang='lat' dir='ltr'>cive,</span> <span class='ocrx_word' id='word_1_116' title='bbox 1036 1113 1329 1166; x_wconf 83' lang='lat' dir='ltr'>rempublicam</span> <span class='ocrx_word' id='word_1_117' title='bbox 1351 1112 1603 1157; x_wconf 85' lang='lat' dir='ltr'>defendente,</span> 
     </span>
     <span class='ocr_line' id='line_1_16' title="bbox 195 1180 1603 1235; baseline -0.001 -16"><span class='ocrx_word' id='word_1_118' title='bbox 195 1190 265 1234; x_wconf 88' lang='lat' dir='ltr'>per</span> <span class='ocrx_word' id='word_1_119' title='bbox 298 1181 468 1235; x_wconf 91' lang='lat' dir='ltr'>seipsum</span> <span class='ocrx_word' id='word_1_120' title='bbox 503 1181 682 1230; x_wconf 83' lang='lat' dir='ltr'>senatum</span> <span class='ocrx_word' id='word_1_121' title='bbox 713 1182 991 1235; x_wconf 88' lang='lat' dir='ltr'>populumque</span> <span class='ocrx_word' id='word_1_122' title='bbox 1027 1183 1275 1226; x_wconf 86' lang='lat' dir='ltr'>Romanum,</span> <span class='ocrx_word' id='word_1_123' title='bbox 1311 1181 1389 1219; x_wconf 89' lang='lat' dir='ltr'>fine</span> <span class='ocrx_word' id='word_1_124' title='bbox 1421 1180 1603 1218; x_wconf 88' lang='lat' dir='ltr'>militum</span> 
     </span>
     <span class='ocr_line' id='line_1_17' title="bbox 195 1246 1602 1301; baseline -0.001 -16"><span class='ocrx_word' id='word_1_125' title='bbox 195 1246 372 1299; x_wconf 80' lang='lat' dir='ltr'>praefidio</span> <span class='ocrx_word' id='word_1_126' title='bbox 385 1277 396 1293; x_wconf 90' lang='lat'>,</span> <span class='ocrx_word' id='word_1_127' title='bbox 428 1248 531 1298; x_wconf 77' lang='lat' dir='ltr'>tueri</span> <span class='ocrx_word' id='word_1_128' title='bbox 551 1247 669 1286; x_wconf 88' lang='lat' dir='ltr'>facile</span> <span class='ocrx_word' id='word_1_129' title='bbox 690 1248 932 1301; x_wconf 85' lang='lat' dir='ltr'>majestatem</span> <span class='ocrx_word' id='word_1_130' title='bbox 954 1247 1062 1285; x_wconf 91' lang='lat' dir='ltr'>suam</span> <span class='ocrx_word' id='word_1_131' title='bbox 1076 1277 1086 1293; x_wconf 93' lang='lat'>,</span> <span class='ocrx_word' id='word_1_132' title='bbox 1118 1257 1157 1285; x_wconf 90' lang='lat' dir='ltr'>et</span> <span class='ocrx_word' id='word_1_133' title='bbox 1179 1247 1417 1300; x_wconf 80' lang='lat' dir='ltr'>dignitatem</span> <span class='ocrx_word' id='word_1_134' title='bbox 1438 1260 1576 1284; x_wconf 87' lang='lat' dir='ltr'>eorum</span> <span class='ocrx_word' id='word_1_135' title='bbox 1592 1276 1602 1291; x_wconf 93' lang='lat'>,</span> 
     </span>
     <span class='ocr_line' id='line_1_18' title="bbox 197 1313 1604 1368; baseline -0.001 -17"><span class='ocrx_word' id='word_1_136' title='bbox 197 1314 268 1366; x_wconf 88' lang='lat' dir='ltr'>qui</span> <span class='ocrx_word' id='word_1_137' title='bbox 284 1314 451 1353; x_wconf 85' lang='lat' dir='ltr'>salutem</span> <span class='ocrx_word' id='word_1_138' title='bbox 466 1329 727 1353; x_wconf 88' lang='lat' dir='ltr'>communem</span> <span class='ocrx_word' id='word_1_139' title='bbox 743 1315 922 1368; x_wconf 89' lang='lat' dir='ltr'>periculo</span> <span class='ocrx_word' id='word_1_140' title='bbox 939 1314 1007 1353; x_wconf 88' lang='lat' dir='ltr'>suo</span> <span class='ocrx_word' id='word_1_141' title='bbox 1023 1313 1309 1359; x_wconf 77' lang='lat' dir='ltr'>defendiffent3</span> <span class='ocrx_word' id='word_1_142' title='bbox 1335 1314 1491 1352; x_wconf 74' lang='lat' dir='ltr'>Sextius</span> <span class='ocrx_word' id='word_1_143' title='bbox 1509 1327 1604 1351; x_wconf 88' lang='lat' dir='ltr'>cum</span> 
     </span>
     <span class='ocr_line' id='line_1_19' title="bbox 197 1379 1602 1421; baseline 0 -4"><span class='ocrx_word' id='word_1_144' title='bbox 197 1379 270 1418; x_wconf 93' lang='lat' dir='ltr'>illo</span> <span class='ocrx_word' id='word_1_145' title='bbox 299 1380 367 1419; x_wconf 91' lang='lat' dir='ltr'>suo</span> <span class='ocrx_word' id='word_1_146' title='bbox 396 1382 574 1421; x_wconf 86' lang='lat' dir='ltr'>exercitu</span> <span class='ocrx_word' id='word_1_147' title='bbox 604 1382 759 1420; x_wconf 87' lang='lat' dir='ltr'>summa</span> <span class='ocrx_word' id='word_1_148' title='bbox 788 1383 987 1421; x_wconf 87' lang='lat' dir='ltr'>celeritate</span> <span class='ocrx_word' id='word_1_149' title='bbox 1017 1382 1071 1420; x_wconf 88' lang='lat' dir='ltr'>est</span> <span class='ocrx_word' id='word_1_150' title='bbox 1098 1382 1329 1420; x_wconf 88' lang='lat' dir='ltr'>Antonium</span> <span class='ocrx_word' id='word_1_151' title='bbox 1350 1380 1602 1420; x_wconf 68' lang='lat' dir='ltr'>consecutus.</span> 
     </span>
     <span class='ocr_line' id='line_1_20' title="bbox 196 1437 1605 1502; baseline 0 -18"><span class='ocrx_word' id='word_1_152' title='bbox 196 1446 281 1485; x_wconf 89' lang='lat' dir='ltr'>Hic</span> <span class='ocrx_word' id='word_1_153' title='bbox 301 1461 375 1501; x_wconf 84' lang='lat' dir='ltr'>ego</span> <span class='ocrx_word' id='word_1_154' title='bbox 396 1448 493 1502; x_wconf 92' lang='lat' dir='ltr'>quid</span> <span class='ocrx_word' id='word_1_155' title='bbox 521 1437 749 1502; x_wconf 84' lang='lat' dir='ltr'>praedicem,</span> <span class='ocrx_word' id='word_1_156' title='bbox 782 1450 929 1502; x_wconf 84' lang='lat' dir='ltr'>quibus</span> <span class='ocrx_word' id='word_1_157' title='bbox 960 1448 1026 1487; x_wconf 90' lang='lat' dir='ltr'>hic</span> <span class='ocrx_word' id='word_1_158' title='bbox 1058 1450 1174 1486; x_wconf 79' lang='lat' dir='ltr'>rebus</span> <span class='ocrx_word' id='word_1_159' title='bbox 1206 1448 1412 1486; x_wconf 86' lang='lat' dir='ltr'>consulem</span> <span class='ocrx_word' id='word_1_160' title='bbox 1442 1447 1489 1485; x_wconf 79' lang='lat' dir='ltr'>ad</span> <span class='ocrx_word' id='word_1_161' title='bbox 1520 1460 1605 1484; x_wconf 86' lang='lat' dir='ltr'>rem</span> 
     </span>
     <span class='ocr_line' id='line_1_21' title="bbox 194 1514 1604 1570; baseline -0.001 -18"><span class='ocrx_word' id='word_1_162' title='bbox 194 1516 406 1565; x_wconf 81' lang='lat' dir='ltr'>gerendam</span> <span class='ocrx_word' id='word_1_163' title='bbox 427 1517 610 1555; x_wconf 84' lang='lat' dir='ltr'>excitarit</span> <span class='ocrx_word' id='word_1_164' title='bbox 629 1518 641 1554; x_wconf 86' lang='lat'>?</span> <span class='ocrx_word' id='word_1_165' title='bbox 675 1526 774 1570; x_wconf 92' lang='lat' dir='ltr'>quot</span> <span class='ocrx_word' id='word_1_166' title='bbox 794 1517 976 1555; x_wconf 88' lang='lat' dir='ltr'>stimulos</span> <span class='ocrx_word' id='word_1_167' title='bbox 998 1517 1218 1554; x_wconf 82' lang='lat' dir='ltr'>admoverit</span> <span class='ocrx_word' id='word_1_168' title='bbox 1244 1515 1403 1553; x_wconf 87' lang='lat' dir='ltr'>homini</span> <span class='ocrx_word' id='word_1_169' title='bbox 1433 1514 1604 1552; x_wconf 87' lang='lat' dir='ltr'>studioso</span> 
     </span>
     <span class='ocr_line' id='line_1_22' title="bbox 195 1580 1603 1627; baseline -0.001 -9"><span class='ocrx_word' id='word_1_170' title='bbox 195 1580 360 1620; x_wconf 84' lang='lat' dir='ltr'>fortaffis</span> <span class='ocrx_word' id='word_1_171' title='bbox 378 1583 564 1627; x_wconf 59' lang='lat' dir='ltr'>victoriae,</span> <span class='ocrx_word' id='word_1_172' title='bbox 581 1583 644 1621; x_wconf 92' lang='lat' dir='ltr'>sed</span> <span class='ocrx_word' id='word_1_173' title='bbox 661 1592 792 1621; x_wconf 88' lang='lat' dir='ltr'>tamen</span> <span class='ocrx_word' id='word_1_174' title='bbox 811 1584 985 1621; x_wconf 88' lang='lat' dir='ltr'>nimium</span> <span class='ocrx_word' id='word_1_175' title='bbox 1002 1596 1262 1620; x_wconf 83' lang='lat' dir='ltr'>communem</span> <span class='ocrx_word' id='word_1_176' title='bbox 1285 1583 1459 1619; x_wconf 71' lang='lat' dir='ltr'>Martem</span> <span class='ocrx_word' id='word_1_177' title='bbox 1484 1581 1603 1618; x_wconf 87' lang='lat' dir='ltr'>belli-</span> 
     </span>
     <span class='ocr_line' id='line_1_23' title="bbox 198 1646 1601 1699; baseline -0.001 -15"><span class='ocrx_word' id='word_1_178' title='bbox 198 1659 275 1698; x_wconf 89' lang='lat' dir='ltr'>que</span> <span class='ocrx_word' id='word_1_179' title='bbox 296 1647 429 1685; x_wconf 88' lang='lat' dir='ltr'>casum</span> <span class='ocrx_word' id='word_1_180' title='bbox 445 1649 670 1685; x_wconf 87' lang='lat' dir='ltr'>metuenti?</span> <span class='ocrx_word' id='word_1_181' title='bbox 695 1649 886 1699; x_wconf 88' lang='lat' dir='ltr'>Longum</span> <span class='ocrx_word' id='word_1_182' title='bbox 901 1648 955 1685; x_wconf 91' lang='lat' dir='ltr'>est</span> <span class='ocrx_word' id='word_1_183' title='bbox 976 1661 1019 1684; x_wconf 86' lang='lat' dir='ltr'>ea</span> <span class='ocrx_word' id='word_1_184' title='bbox 1039 1647 1192 1692; x_wconf 79' lang='lat' dir='ltr'>dicere3</span> <span class='ocrx_word' id='word_1_185' title='bbox 1217 1646 1281 1684; x_wconf 89' lang='lat' dir='ltr'>sed</span> <span class='ocrx_word' id='word_1_186' title='bbox 1302 1646 1378 1684; x_wconf 90' lang='lat' dir='ltr'>hoc</span> <span class='ocrx_word' id='word_1_187' title='bbox 1402 1647 1517 1684; x_wconf 88' lang='lat' dir='ltr'>breve</span> <span class='ocrx_word' id='word_1_188' title='bbox 1539 1646 1601 1683; x_wconf 84' lang='lat' dir='ltr'>di-</span> 
     </span>
     <span class='ocr_line' id='line_1_24' title="bbox 197 1713 1603 1765; baseline 0.001 -15"><span class='ocrx_word' id='word_1_189' title='bbox 197 1727 300 1752; x_wconf 85' lang='lat' dir='ltr'>cam.</span> <span class='ocrx_word' id='word_1_190' title='bbox 345 1715 384 1751; x_wconf 83' lang='lat' dir='ltr'>Si</span> <span class='ocrx_word' id='word_1_191' title='bbox 415 1715 479 1752; x_wconf 91' lang='lat' dir='ltr'>M.</span> <span class='ocrx_word' id='word_1_192' title='bbox 506 1715 649 1752; x_wconf 89' lang='lat' dir='ltr'>Petreii</span> <span class='ocrx_word' id='word_1_193' title='bbox 682 1727 762 1751; x_wconf 87' lang='lat' dir='ltr'>non</span> <span class='ocrx_word' id='word_1_194' title='bbox 783 1713 981 1752; x_wconf 86' lang='lat' dir='ltr'>excellens</span> <span class='ocrx_word' id='word_1_195' title='bbox 1003 1714 1138 1751; x_wconf 83' lang='lat' dir='ltr'>animo</span> <span class='ocrx_word' id='word_1_196' title='bbox 1159 1723 1198 1751; x_wconf 89' lang='lat' dir='ltr'>et</span> <span class='ocrx_word' id='word_1_197' title='bbox 1219 1727 1351 1751; x_wconf 87' lang='lat' dir='ltr'>amore</span> <span class='ocrx_word' id='word_1_198' title='bbox 1374 1713 1603 1765; x_wconf 59' lang='lat' dir='ltr'>reipublicae</span> 
     </span>
     <span class='ocr_line' id='line_1_25' title="bbox 197 1778 1602 1832; baseline -0.001 -15"><span class='ocrx_word' id='word_1_199' title='bbox 197 1780 337 1824; x_wconf 84' lang='lat' dir='ltr'>virtus,</span> <span class='ocrx_word' id='word_1_200' title='bbox 370 1793 448 1818; x_wconf 90' lang='lat' dir='ltr'>non</span> <span class='ocrx_word' id='word_1_201' title='bbox 472 1779 625 1818; x_wconf 88' lang='lat' dir='ltr'>summa</span> <span class='ocrx_word' id='word_1_202' title='bbox 644 1780 852 1818; x_wconf 65' lang='lat' dir='ltr'>auctoritas</span> <span class='ocrx_word' id='word_1_203' title='bbox 875 1779 979 1832; x_wconf 88' lang='lat' dir='ltr'>apud</span> <span class='ocrx_word' id='word_1_204' title='bbox 1001 1780 1167 1824; x_wconf 75' lang='lat' dir='ltr'>milites,</span> <span class='ocrx_word' id='word_1_205' title='bbox 1191 1793 1271 1817; x_wconf 89' lang='lat' dir='ltr'>non</span> <span class='ocrx_word' id='word_1_206' title='bbox 1294 1779 1488 1816; x_wconf 85' lang='lat' dir='ltr'>mirificus</span> <span class='ocrx_word' id='word_1_207' title='bbox 1512 1778 1602 1817; x_wconf 78' lang='lat' dir='ltr'>usus</span> 
     </span>
     <span class='ocr_line' id='line_1_26' title="bbox 196 1845 1601 1898; baseline 0 -15"><span class='ocrx_word' id='word_1_208' title='bbox 196 1845 238 1883; x_wconf 88' lang='lat' dir='ltr'>in</span> <span class='ocrx_word' id='word_1_209' title='bbox 256 1859 295 1883; x_wconf 91' lang='lat' dir='ltr'>re</span> <span class='ocrx_word' id='word_1_210' title='bbox 311 1845 492 1891; x_wconf 83' lang='lat' dir='ltr'>militari,</span> <span class='ocrx_word' id='word_1_211' title='bbox 506 1845 708 1890; x_wconf 83' lang='lat' dir='ltr'>extitiffet,</span> <span class='ocrx_word' id='word_1_212' title='bbox 731 1859 860 1898; x_wconf 89' lang='lat' dir='ltr'>neque</span> <span class='ocrx_word' id='word_1_213' title='bbox 881 1845 1038 1897; x_wconf 81' lang='lat' dir='ltr'>adjutor</span> <span class='ocrx_word' id='word_1_214' title='bbox 1054 1846 1089 1883; x_wconf 90' lang='lat' dir='ltr'>ei</span> <span class='ocrx_word' id='word_1_215' title='bbox 1113 1846 1157 1884; x_wconf 90' lang='lat' dir='ltr'>P.</span> <span class='ocrx_word' id='word_1_216' title='bbox 1174 1846 1329 1883; x_wconf 77' lang='lat' dir='ltr'>Sextius</span> <span class='ocrx_word' id='word_1_217' title='bbox 1352 1845 1398 1882; x_wconf 80' lang='lat' dir='ltr'>ad</span> <span class='ocrx_word' id='word_1_218' title='bbox 1420 1846 1601 1883; x_wconf 73' lang='lat' dir='ltr'>excitan-</span> 
     </span>
     <span class='ocr_line' id='line_1_27' title="bbox 195 1911 1603 1964; baseline 0 -15"><span class='ocrx_word' id='word_1_219' title='bbox 195 1911 292 1950; x_wconf 89' lang='lat' dir='ltr'>dum</span> <span class='ocrx_word' id='word_1_220' title='bbox 314 1912 556 1956; x_wconf 88' lang='lat' dir='ltr'>Antonium,</span> <span class='ocrx_word' id='word_1_221' title='bbox 575 1911 882 1956; x_wconf 80' lang='lat' dir='ltr'>cohortandum,</span> <span class='ocrx_word' id='word_1_222' title='bbox 901 1911 1194 1964; x_wconf 88' lang='lat' dir='ltr'>impellendum</span> <span class='ocrx_word' id='word_1_223' title='bbox 1216 1911 1370 1957; x_wconf 70' lang='lat' dir='ltr'>fuisset,</span> <span class='ocrx_word' id='word_1_224' title='bbox 1395 1911 1508 1949; x_wconf 81' lang='lat' dir='ltr'>datus</span> <span class='ocrx_word' id='word_1_225' title='bbox 1530 1912 1603 1949; x_wconf 88' lang='lat' dir='ltr'>illo</span> 
     </span>
     <span class='ocr_line' id='line_1_28' title="bbox 195 1977 1602 2030; baseline -0.001 -14"><span class='ocrx_word' id='word_1_226' title='bbox 195 1978 237 2016; x_wconf 89' lang='lat' dir='ltr'>in</span> <span class='ocrx_word' id='word_1_227' title='bbox 270 1978 376 2016; x_wconf 90' lang='lat' dir='ltr'>bello</span> <span class='ocrx_word' id='word_1_228' title='bbox 409 1978 499 2016; x_wconf 87' lang='lat' dir='ltr'>esset</span> <span class='ocrx_word' id='word_1_229' title='bbox 528 1977 654 2016; x_wconf 88' lang='lat' dir='ltr'>hiemi</span> <span class='ocrx_word' id='word_1_230' title='bbox 685 1978 823 2023; x_wconf 83' lang='lat' dir='ltr'>locus,</span> <span class='ocrx_word' id='word_1_231' title='bbox 856 1991 985 2030; x_wconf 90' lang='lat' dir='ltr'>neque</span> <span class='ocrx_word' id='word_1_232' title='bbox 1016 1992 1194 2030; x_wconf 87' lang='lat' dir='ltr'>unquam</span> <span class='ocrx_word' id='word_1_233' title='bbox 1227 1978 1424 2023; x_wconf 84' lang='lat' dir='ltr'>Catilina,</span> <span class='ocrx_word' id='word_1_234' title='bbox 1457 1992 1551 2015; x_wconf 88' lang='lat' dir='ltr'>cum</span> <span class='ocrx_word' id='word_1_235' title='bbox 1582 1992 1602 2016; x_wconf 93' lang='lat' dir='ltr'>e</span> 
     </span>
     <span class='ocr_line' id='line_1_29' title="bbox 194 2044 1602 2097; baseline 0 -15"><span class='ocrx_word' id='word_1_236' title='bbox 194 2045 336 2097; x_wconf 86' lang='lat' dir='ltr'>pruina</span> <span class='ocrx_word' id='word_1_237' title='bbox 358 2045 564 2097; x_wconf 85' lang='lat' dir='ltr'>Apennini</span> <span class='ocrx_word' id='word_1_238' title='bbox 585 2055 702 2097; x_wconf 85' lang='lat' dir='ltr'>atque</span> <span class='ocrx_word' id='word_1_239' title='bbox 724 2059 744 2083; x_wconf 90' lang='lat' dir='ltr'>e</span> <span class='ocrx_word' id='word_1_240' title='bbox 766 2045 925 2083; x_wconf 88' lang='lat' dir='ltr'>nivibus</span> <span class='ocrx_word' id='word_1_241' title='bbox 948 2044 1028 2082; x_wconf 83' lang='lat' dir='ltr'>illis</span> <span class='ocrx_word' id='word_1_242' title='bbox 1050 2044 1273 2089; x_wconf 81' lang='lat' dir='ltr'>emerfiffet,</span> <span class='ocrx_word' id='word_1_243' title='bbox 1292 2054 1409 2097; x_wconf 83' lang='lat' dir='ltr'>atque</span> <span class='ocrx_word' id='word_1_244' title='bbox 1432 2045 1602 2083; x_wconf 63' lang='lat' dir='ltr'>aestatem</span> 
     </span>
     <span class='ocr_line' id='line_1_30' title="bbox 194 2110 1601 2163; baseline 0 -15"><span class='ocrx_word' id='word_1_245' title='bbox 194 2111 391 2163; x_wconf 80' lang='lat' dir='ltr'>integram</span> <span class='ocrx_word' id='word_1_246' title='bbox 414 2112 563 2156; x_wconf 71' lang='lat' dir='ltr'>nac‘tus,</span> <span class='ocrx_word' id='word_1_247' title='bbox 594 2111 717 2149; x_wconf 84' lang='lat' dir='ltr'>Italiae</span> <span class='ocrx_word' id='word_1_248' title='bbox 739 2111 856 2149; x_wconf 84' lang='lat' dir='ltr'>calles</span> <span class='ocrx_word' id='word_1_249' title='bbox 879 2121 917 2149; x_wconf 89' lang='lat' dir='ltr'>et</span> <span class='ocrx_word' id='word_1_250' title='bbox 938 2110 1138 2163; x_wconf 83' lang='lat' dir='ltr'>pastorum</span> <span class='ocrx_word' id='word_1_251' title='bbox 1159 2111 1308 2148; x_wconf 80' lang='lat' dir='ltr'>stabula</span> <span class='ocrx_word' id='word_1_252' title='bbox 1329 2111 1513 2163; x_wconf 80' lang='lat' dir='ltr'>praeclara</span> <span class='ocrx_word' id='word_1_253' title='bbox 1534 2125 1601 2148; x_wconf 86' lang='lat' dir='ltr'>ce-</span> 
     </span>
     <span class='ocr_line' id='line_1_31' title="bbox 195 2177 1600 2231; baseline 0 -15"><span class='ocrx_word' id='word_1_254' title='bbox 195 2177 307 2230; x_wconf 84' lang='lat' dir='ltr'>piffet</span> <span class='ocrx_word' id='word_1_255' title='bbox 322 2208 333 2223; x_wconf 95' lang='lat'>,</span> <span class='ocrx_word' id='word_1_256' title='bbox 366 2178 444 2216; x_wconf 87' lang='lat' dir='ltr'>sme</span> <span class='ocrx_word' id='word_1_257' title='bbox 465 2178 596 2216; x_wconf 90' lang='lat' dir='ltr'>multo</span> <span class='ocrx_word' id='word_1_258' title='bbox 618 2178 805 2231; x_wconf 80' lang='lat' dir='ltr'>sanguine</span> <span class='ocrx_word' id='word_1_259' title='bbox 820 2208 831 2223; x_wconf 96' lang='lat'>,</span> <span class='ocrx_word' id='word_1_260' title='bbox 863 2192 906 2217; x_wconf 86' lang='lat' dir='ltr'>ac</span> <span class='ocrx_word' id='word_1_261' title='bbox 929 2178 1007 2217; x_wconf 87' lang='lat' dir='ltr'>fine</span> <span class='ocrx_word' id='word_1_262' title='bbox 1029 2179 1153 2216; x_wconf 82' lang='lat' dir='ltr'>totius</span> <span class='ocrx_word' id='word_1_263' title='bbox 1177 2178 1300 2216; x_wconf 70' lang='lat' dir='ltr'>Italiae</span> <span class='ocrx_word' id='word_1_264' title='bbox 1322 2178 1497 2216; x_wconf 78' lang='lat' dir='ltr'>vastitate</span> <span class='ocrx_word' id='word_1_265' title='bbox 1518 2179 1600 2216; x_wconf 91' lang='lat' dir='ltr'>mi-</span> 
     </span>
     <span class='ocr_line' id='line_1_32' title="bbox 196 2243 644 2289; baseline 0.004 -8"><span class='ocrx_word' id='word_1_266' title='bbox 196 2243 368 2289; x_wconf 87' lang='lat' dir='ltr'>serrima,</span> <span class='ocrx_word' id='word_1_267' title='bbox 399 2244 644 2283; x_wconf 78' lang='lat' dir='ltr'>concidisset.</span> 
     </span>
    </p>

    <p class='ocr_par' dir='ltr' id='par_1_4' title="bbox 196 2310 1603 2497">
     <span class='ocr_line' id='line_1_33' title="bbox 254 2310 1600 2362; baseline 0.001 -15"><span class='ocrx_word' id='word_1_268' title='bbox 254 2310 378 2347; x_wconf 87' lang='lat' dir='ltr'>Hunc</span> <span class='ocrx_word' id='word_1_269' title='bbox 400 2310 523 2362; x_wconf 87' lang='lat' dir='ltr'>igitur</span> <span class='ocrx_word' id='word_1_270' title='bbox 543 2311 724 2348; x_wconf 83' lang='lat' dir='ltr'>animum</span> <span class='ocrx_word' id='word_1_271' title='bbox 746 2311 793 2348; x_wconf 84' lang='lat' dir='ltr'>ad</span> <span class='ocrx_word' id='word_1_272' title='bbox 824 2310 1074 2348; x_wconf 82' lang='lat' dir='ltr'>tribunatum</span> <span class='ocrx_word' id='word_1_273' title='bbox 1095 2311 1232 2349; x_wconf 87' lang='lat' dir='ltr'>attulit</span> <span class='ocrx_word' id='word_1_274' title='bbox 1265 2311 1308 2349; x_wconf 90' lang='lat' dir='ltr'>P.</span> <span class='ocrx_word' id='word_1_275' title='bbox 1335 2310 1520 2354; x_wconf 73' lang='lat' dir='ltr'>Sextiu83</span> <span class='ocrx_word' id='word_1_276' title='bbox 1555 2319 1600 2348; x_wconf 89' lang='lat' dir='ltr'>ut</span> 
     </span>
     <span class='ocr_line' id='line_1_34' title="bbox 197 2376 1600 2430; baseline -0.001 -16"><span class='ocrx_word' id='word_1_277' title='bbox 197 2376 431 2429; x_wconf 74' lang='lat' dir='ltr'>quaesturam</span> <span class='ocrx_word' id='word_1_278' title='bbox 454 2376 700 2415; x_wconf 63' lang='lat' dir='ltr'>Macedoniae</span> <span class='ocrx_word' id='word_1_279' title='bbox 730 2377 968 2430; x_wconf 84' lang='lat' dir='ltr'>relinquam,</span> <span class='ocrx_word' id='word_1_280' title='bbox 1001 2387 1039 2415; x_wconf 91' lang='lat' dir='ltr'>et</span> <span class='ocrx_word' id='word_1_281' title='bbox 1069 2377 1283 2429; x_wconf 79' lang='lat' dir='ltr'>aliquando</span> <span class='ocrx_word' id='word_1_282' title='bbox 1313 2377 1359 2414; x_wconf 85' lang='lat' dir='ltr'>ad</span> <span class='ocrx_word' id='word_1_283' title='bbox 1390 2376 1474 2414; x_wconf 79' lang='lat' dir='ltr'>haec</span> <span class='ocrx_word' id='word_1_284' title='bbox 1504 2390 1600 2429; x_wconf 88' lang='lat' dir='ltr'>pro—</span> 
     </span>
     <span class='ocr_line' id='line_1_35' title="bbox 196 2443 1603 2497; baseline -0.001 -15"><span class='ocrx_word' id='word_1_285' title='bbox 196 2444 307 2496; x_wconf 85' lang='lat' dir='ltr'>piora</span> <span class='ocrx_word' id='word_1_286' title='bbox 340 2443 495 2482; x_wconf 76' lang='lat' dir='ltr'>veniam</span> <span class='ocrx_word' id='word_1_287' title='bbox 515 2459 523 2482; x_wconf 90' lang='lat'>:</span> <span class='ocrx_word' id='word_1_288' title='bbox 567 2457 796 2497; x_wconf 80' lang='lat' dir='ltr'>quanquam</span> <span class='ocrx_word' id='word_1_289' title='bbox 831 2458 911 2482; x_wconf 91' lang='lat' dir='ltr'>non</span> <span class='ocrx_word' id='word_1_290' title='bbox 946 2443 1000 2482; x_wconf 88' lang='lat' dir='ltr'>est</span> <span class='ocrx_word' id='word_1_291' title='bbox 1034 2445 1256 2483; x_wconf 82' lang='lat' dir='ltr'>omittenda</span> <span class='ocrx_word' id='word_1_292' title='bbox 1292 2443 1496 2497; x_wconf 72' lang='lat' dir='ltr'>singularis</span> <span class='ocrx_word' id='word_1_293' title='bbox 1533 2443 1603 2481; x_wconf 65' lang='lat' dir='ltr'>illa</span> 
     </span>
    </p>
   </div>
  </div>
 </body>
</html>
