2076 2860
945 232 1175 288 [377]

1010 433 1026 467 Ι
1075 434 1113 468 N

417 642 537 717 M.
649 640 1701 729 ANTONIUM

673 864 1245 903 PHILIPPICA
1330 864 1438 904 VII.

362 1053 394 1090 Ι.
515 1053 551 1090 A
566 1052 649 1090 RV
664 1053 682 1090 1
698 1053 720 1090 S
749 1051 795 1090 de
816 1053 947 1099 rebus,
979 1053 1043 1091 sed
1063 1051 1217 1092 fortaffe
1237 1052 1468 1100 necessariis,
1491 1055 1750 1103 consulimur,

531 1119 662 1157 Patres
684 1119 912 1172 conscripti.
954 1120 1017 1158 De
1039 1119 1170 1172 Appia
1190 1118 1252 1157 via
1270 1128 1309 1157 et
1338 1119 1385 1158 de
1406 1130 1566 1160 moneta
1584 1123 1720 1161 consul
1738 1143 1750 1168 ;

359 1183 406 1222 de
428 1185 618 1237 Lupercis
642 1185 824 1224 tribunus
846 1185 973 1238 plebis
995 1184 1127 1224 refert.
1172 1186 1354 1238 Qarum
1375 1200 1507 1225 rerum
1526 1188 1593 1226 etsi
1623 1187 1751 1227 facilis

359 1250 572 1302 explicatio
593 1249 762 1296 videtur,
785 1260 915 1288 tamen
937 1251 1090 1289 animus
1112 1250 1263 1289 aberrat
1282 1265 1302 1288 a
1322 1251 1527 1299 sententia,
1550 1254 1750 1308 suspensus

361 1317 464 1354 curis
493 1316 723 1368 majoribus.
771 1316 953 1355 Adducta
977 1317 1030 1355 est
1057 1317 1180 1362 enim,
1212 1318 1343 1356 Patres
1371 1319 1599 1373 conscripti,
1631 1335 1688 1360 res
1710 1321 1753 1360 in

359 1383 579 1420 maximum
600 1383 838 1435 periculum,
870 1392 909 1421 et
940 1384 980 1421 in
1012 1393 1236 1422 extremum
1265 1398 1365 1437 pene
1385 1385 1610 1426 discrimen.
1655 1389 1752 1427 Non

358 1448 436 1486 fine
457 1448 569 1487 causa
588 1448 808 1501 legatorum
829 1448 940 1487 istam
961 1449 1181 1487 miffionem
1211 1449 1361 1502 semper
1382 1451 1515 1497 timui,
1547 1466 1755 1505 nunquam

359 1514 522 1566 probavi
541 1530 549 1553 z
583 1528 754 1567 quorum
776 1514 922 1552 reditus
945 1514 1041 1567 quid
1069 1515 1113 1552 sit
1134 1515 1336 1561 allaturus,
1368 1516 1508 1569 ignoro
1527 1533 1536 1556 :
1568 1520 1750 1570 expedia-

360 1582 416 1618 tio
437 1581 599 1633 quidem
621 1591 815 1633 quantum
837 1581 969 1619 afferat
990 1581 1190 1633 languoris
1211 1582 1368 1627 animis,
1400 1584 1488 1636 quis
1511 1597 1590 1622 non
1610 1584 1716 1623 videt
1735 1586 1748 1622 ?

359 1647 455 1685 Non
487 1648 595 1685 enim
628 1647 664 1685 se
697 1657 831 1685 tenent
866 1648 908 1692 ii,
945 1649 1013 1700 qui
1049 1648 1226 1686 senatum
1259 1648 1396 1686 dolent
1429 1650 1475 1686 ad
1510 1651 1751 1689 auc‘toritatis

358 1713 528 1765 pristinae
561 1713 667 1766 spem
700 1714 939 1759 reviviscere,
977 1716 1235 1766 conjunctum
1267 1713 1362 1752 huic
1394 1715 1524 1753 ordini
1554 1717 1751 1769 populum

360 1780 603 1825 Romanum,
636 1780 925 1833 conspirantem
959 1781 1128 1824 Italiam,
1161 1790 1312 1833 paratos
1345 1782 1554 1828 exercitus,
1587 1783 1749 1836 expedi-

359 1854 418 1883 tos
441 1845 573 1884 duces.

413 1913 503 1964 Jam
535 1926 641 1950 nunc
674 1913 832 1965 fingunt
862 1912 1039 1965 responsa
1067 1914 1249 1958 Antonii,
1282 1914 1496 1967 cademque
1516 1914 1749 1955 defendunt.

358 1979 457 2024 Alii,
489 1978 682 2031 postulare
708 1979 841 2024 illum,
875 1989 917 2016 ut
945 1993 1080 2016 omncs
1103 1980 1296 2017 exercitus
1319 1980 1587 2019 dimittantur.
1633 1982 1750 2020 Scili-

358 2054 421 2082 cet
451 2044 599 2096 legatos
632 2045 678 2082 ad
711 2059 801 2082 eum
835 2045 1026 2089 mifimus,
1060 2058 1138 2082 non
1161 2055 1204 2083 ut
1232 2056 1382 2098 pareret
1402 2056 1440 2084 et
1466 2046 1571 2085 dicto
1591 2048 1751 2087 audiens

357 2109 447 2147 effet
479 2109 574 2148 huic
606 2110 752 2154 ordini,
785 2110 848 2147 sed
877 2121 919 2147 ut
947 2110 1192 2148 conditiones
1222 2110 1354 2157 ferret,
1387 2112 1492 2166 leges
1513 2113 1750 2166 imponeret,

358 2174 518 2212 reserare
540 2189 610 2212 nos
631 2176 773 2212 exteris
794 2176 979 2227 gentibus
1004 2176 1157 2214 Italiam
1174 2177 1360 2228 juberet;
1395 2178 1430 2216 se
1451 2178 1663 2231 praesertim
1684 2179 1750 2217 in-

358 2241 523 2285 columi,
546 2254 566 2277 a
586 2254 665 2292 quo
687 2242 811 2292 majus
833 2242 1071 2293 periculum,
1090 2257 1209 2294 quam
1230 2244 1278 2281 ab
1302 2244 1392 2282 ullis
1416 2245 1657 2290 nationibus,
1680 2259 1750 2283 ex-

359 2306 645 2344 timescendum
677 2306 743 2344 est.
789 2308 886 2353 Alii,
920 2309 1117 2346 remittere
1143 2324 1233 2347 eum
1256 2310 1369 2348 nobis
1393 2311 1568 2348 Galliam
1589 2311 1749 2348 citerio-

358 2386 463 2417 rem3
497 2372 606 2410 illam
628 2372 812 2411 ultimam
833 2374 1038 2426 postulare.
1075 2376 1279 2413 I'raeclare:
1313 2390 1359 2413 ex
1381 2390 1457 2428 qua
1478 2390 1555 2414 non
1578 2376 1751 2427 legiones

360 2438 501 2483 solum,
534 2438 597 2475 sed
623 2439 739 2475 etiam
762 2440 953 2484 nationes,
985 2440 1030 2476 ad
1054 2440 1191 2477 urbem
1214 2451 1379 2479 conetur
1399 2441 1602 2478 adducere.
1651 2441 1749 2485 Alii,

361 2503 462 2542 nihil
485 2518 575 2542 cum
593 2506 674 2556 jam
698 2506 765 2543 nisi
791 2506 959 2544 modeste
981 2506 1186 2558 postulare.
1217 2507 1494 2545 RIacedoniam
1517 2507 1622 2545 suam
1640 2516 1751 2545 vocat

444 2571 692 2608 T021.VI.
1303 2572 1386 2609 Bb
1420 2572 1444 2609 b
