2076 2860
714 144 791 182 IN
851 144 901 182 L.
960 144 1321 184 PISONEM.
1647 149 1719 201 163

315 244 553 288 perpetuum
568 236 818 289 judiciorum
839 250 882 275 ac
903 236 1001 282 fori,
1035 247 1079 276 tu
1100 248 1237 278 caetera
1258 240 1327 278 illa
1346 242 1388 279 in
1410 241 1613 280 maledicti
1634 243 1723 281 loco

314 315 436 354 pones
452 331 463 347 ,
496 316 582 354 quae
607 316 718 340 meus
741 302 921 341 disceffus
942 304 1172 357 reipublicae
1192 306 1355 345 vulnera
1374 307 1523 346 inflixit
1542 309 1555 346 ?
1589 309 1673 360 Qi
1695 309 1719 347 fi

313 367 664 406 calamitofiffimus
681 368 812 406 fuiffet
827 388 838 414 ;
862 378 994 407 tamen
1011 371 1277 410 misericordia
1293 373 1465 426 dignior,
1484 389 1604 428 quam
1620 389 1719 413 con—

312 434 494 479 tumelia,
523 443 563 472 et
583 448 677 473 cum
698 435 824 488 gloria
844 436 977 488 potius
998 437 1071 475 effe
1092 439 1343 491 conjunctus,
1366 454 1486 493 quam
1508 455 1603 479 cum
1623 456 1718 494 pro-

313 499 398 546 bro,
416 510 639 554 putaretur:
660 512 777 555 atque
792 502 875 548 ille,
892 502 1004 541 dolor
1020 518 1131 542 meus
1149 506 1352 551 duntaxat,
1366 507 1537 546 vestrum
1553 509 1717 561 quidem

310 565 436 605 scelus
453 581 497 605 ac
518 567 686 606 dedecus
707 568 932 607 haberetur.
952 571 1060 608 Cum
1076 584 1167 609 vero
1191 571 1369 624 (forfitan
1390 572 1482 619 hoc,
1501 573 1609 627 quod
1630 574 1717 612 dic-

315 642 425 671 turus
448 634 535 672 sum
550 664 560 679 ‚
594 635 775 673 mirabile
802 635 938 673 auditu
960 636 1032 674 effe
1052 637 1230 676 videatur
1244 668 1255 684 ,
1289 639 1351 676 sed
1372 650 1476 678 certe
1499 640 1538 678 id
1559 640 1689 678 dicam
1706 670 1717 685 ‚

313 700 420 751 quod
448 700 591 752 sentio)
616 715 711 739 cum
731 702 850 740 tantis
872 716 894 739 a
911 702 1025 740 vobis
1041 733 1052 748 ,
1085 704 1217 742 Patres
1239 705 1480 758 conscripti,
1514 706 1717 745 beneficiis

311 766 472 805 affectus
501 768 598 813 fim,
631 769 750 806 tantis
778 768 1024 815 honoribus,
1056 784 1136 808 non
1167 772 1288 810 modo
1316 772 1426 810 illam
1452 773 1717 811 calamitatem

311 832 383 870 effe
405 847 483 871 non
506 834 631 879 duc0;
664 834 743 879 sed,
766 835 792 872 fi
815 834 912 887 quid
932 834 1034 872 mihi
1055 837 1181 888 potest
1201 851 1222 875 a
1242 838 1445 891 republica
1465 839 1538 877 effe
1559 839 1715 892 sejunc-

312 907 415 943 tum,
448 899 555 952 quod
577 900 642 937 vix
662 899 788 952 potest
802 929 813 944 ‚
846 900 1046 952 privatim,
1069 901 1116 939 ad
1137 916 1273 940 meum
1296 918 1440 942 nomen
1462 905 1687 957 augendum
1703 936 1714 951 ,

311 964 525 1016 optandam
546 964 649 1002 duco
670 964 774 1002 mihi
794 964 906 1003 fuifl'e
927 965 1038 1004 illam
1059 969 1400 1022 expetendamque
1421 969 1638 1009 fortunam.

366 1031 528 1083 Atque,
561 1039 605 1068 ut
628 1040 744 1069 tuum
766 1031 1007 1070 laetiffimum
1029 1033 1134 1071 diem
1156 1048 1250 1073 cum
1272 1036 1484 1075 tristifiimo
1506 1052 1594 1076 meo
1616 1051 1715 1076 con—

309 1095 459 1141 feram,
492 1105 629 1134 utrum
657 1097 817 1135 tandem
846 1099 952 1137 bono
979 1100 1064 1137 viro
1089 1110 1127 1138 et
1149 1101 1312 1154 sapienti
1335 1104 1550 1155 optabilius
1573 1114 1686 1157 putas
1703 1135 1713 1149 ‚

310 1162 360 1200 fic
381 1163 487 1200 exire
507 1176 528 1201 a
549 1164 687 1215 patria,
721 1173 764 1202 ut
791 1178 929 1203 omnes
958 1165 1016 1203 sui
1038 1166 1141 1204 cives
1164 1167 1344 1213 salutem,
1376 1170 1713 1215 incolumitatem,

310 1228 482 1267 reditum
503 1238 727 1281 precentur,
760 1230 868 1282 quod
889 1230 992 1269 mihi
1013 1232 1188 1278 accidit;
1221 1247 1283 1279 an,
1307 1235 1414 1287 quod
1438 1236 1512 1274 tibi
1533 1236 1714 1289 proficis-

309 1295 416 1333 centi
437 1295 581 1340 evenit,
614 1305 659 1333 ut
679 1310 815 1334 omnes
844 1308 1133 1344 execrarentur,
1165 1301 1267 1338 male
1295 1312 1561 1353 precarentur,
1594 1317 1714 1341 unam

308 1362 384 1399 tibi
406 1362 517 1400 illam
537 1363 641 1401 viam
659 1372 697 1401 et
717 1374 948 1416 perpetuam
969 1365 1041 1403 effe
1062 1366 1237 1404 vellent?
1262 1367 1387 1413 Mihi,
1407 1369 1561 1408 medius
1580 1370 1712 1417 fidius,

306 1429 348 1467 in
370 1438 480 1467 tanto
501 1430 683 1468 omnium
705 1431 937 1469 mortalium
958 1431 1050 1470 odio
1065 1462 1076 1477 ‚
1102 1433 1209 1486 justo
1236 1435 1451 1487 praesertim
1479 1446 1517 1474 et
1549 1438 1685 1476 debito
1700 1468 1711 1484 ‚

306 1496 452 1548 quaevis
473 1495 570 1548 fuga
589 1497 738 1549 potius,
771 1511 892 1550 quam
913 1498 994 1536 ulla
1014 1500 1232 1551 provincia,
1263 1500 1354 1539 effet
1375 1503 1562 1554 optatior.

362 1562 455 1599 XV.
490 1562 564 1599 Sed
584 1576 702 1614 perge
722 1577 862 1615 porro:
886 1577 992 1609 nam,
1012 1565 1037 1602 fi
1055 1565 1157 1602 illud
1172 1579 1310 1604 meum
1328 1567 1713 1609 turbulentiffimum

308 1635 465 1680 tempus
486 1626 743 1680 profectionis
761 1637 830 1666 tuo
848 1630 1169 1682 tranquillissimo
1189 1631 1366 1684 praestat3
1391 1633 1488 1686 quid
1509 1634 1714 1675 conferam

307 1692 472 1745 reliqua,
490 1707 577 1746 quae
593 1694 634 1731 in
651 1702 688 1731 te
705 1693 905 1733 dedecoris
923 1695 1039 1747 plena
1054 1694 1232 1742 fuerunt,
1251 1698 1291 1735 in
1308 1711 1371 1736 me
1388 1698 1619 1751 dignitatis?
1638 1701 1712 1740 Me

308 1758 496 1797 Kalendis
518 1760 607 1810 Jan.
632 1760 703 1812 qui
733 1760 813 1798 dies
844 1760 929 1813 post
958 1761 1117 1799 obitum
1144 1763 1406 1816 occasumque
1434 1765 1611 1805 nostrum
1631 1768 1710 1806 rei-

305 1825 476 1878 publicae
492 1826 644 1878 prImus
662 1826 814 1872 illuxit,
831 1826 1169 1880 frequentiffimus
1188 1829 1340 1869 senatus
1357 1833 1551 1871 concursu
1569 1834 1708 1881 Italiae,

303 1890 496 1930 referente
517 1892 726 1931 clariffimo
746 1902 863 1947 atque
884 1893 1095 1933 fortiffimo
1115 1896 1214 1942 viro,
1248 1897 1293 1935 P.
1318 1899 1508 1945 Lentulo,
1542 1902 1708 1939 consen—

303 1958 427 1997 tiente
447 1958 598 2012 populo
620 1960 804 1998 Romano
819 1989 829 2005 ,
861 1969 979 2013 atque
1000 1975 1077 1999 una
1095 1975 1217 2008 voce,
1251 1965 1461 2004 revocavit.
1509 1967 1582 2005 Me
1602 1968 1709 2006 idem

305 2024 457 2063 senatus
479 2026 621 2063 exteris
640 2026 886 2071 nationibus,
918 2040 981 2064 me
1002 2027 1139 2080 legatis
1162 2029 1531 2085 magistratibusque
1552 2033 1707 2079 nostris,

304 2092 533 2130 auctoritate
555 2091 634 2137 sua,
657 2091 929 2130 consularibus
951 2092 1091 2139 literis,
1115 2109 1210 2140 non,
1230 2105 1273 2134 ut
1294 2105 1352 2142 tu,
1377 2098 1556 2145 Insuber,
1579 2100 1709 2138 dicere

305 2156 416 2194 ausus
437 2171 492 2203 es,
515 2158 700 2196 orbatum
720 2158 857 2210 patria,
890 2158 968 2204 sed,
1002 2170 1044 2197 ut
1066 2161 1217 2200 senatus
1240 2163 1310 2200 illo
1332 2163 1415 2216 ipso
1438 2173 1615 2218 tempore
1636 2181 1706 2219 ap-

304 2222 482 2273 pellavit,
510 2223 654 2268 civem,
686 2223 996 2263 conservatorem
1025 2227 1267 2280 reipublicae,
1299 2231 1608 2269 commendavit.
1641 2231 1707 2270 Ad

304 2301 433 2326 meam
463 2289 580 2326 unius
610 2289 774 2327 salutem
796 2290 947 2329 senatus
969 2293 1167 2331 auxilium
1189 2296 1373 2333 omnium
1394 2297 1545 2335 civium
1566 2300 1707 2336 cuncta

305 2366 353 2392 ex
376 2354 512 2399 Italia,
545 2355 615 2406 qui
645 2357 934 2408 rempublicam
956 2358 1099 2397 salvam
1120 2360 1192 2398 effe
1214 2361 1385 2407 vellent,
1418 2363 1589 2401 consulis
1611 2378 1707 2402 voce

304 2429 344 2458 et
378 2420 502 2459 literis
537 2421 832 2474 implorandum
866 2426 1035 2477 putavit.
1087 2427 1175 2464 Mei
1210 2428 1350 2479 capitis
1387 2428 1560 2468 servandi
1595 2429 1707 2468 causa

1309 2493 1401 2533 X2
