2076 2860
475 190 612 230 PRO
664 190 713 229 C.
767 187 1073 228 RABIRIO
1125 184 1489 224 POSTUMO.
1580 197 1686 238 ‘233

276 294 429 347 optime
449 293 610 346 gesserat
625 322 635 337 ,
668 301 707 330 et
737 305 785 329 ex
815 290 997 328 dmstrina
1017 288 1196 326 nobilem
1217 295 1255 325 et
1277 286 1428 325 clarum
1444 316 1454 331 ‚
1486 286 1558 338 qui
1581 283 1684 322 Pha*

278 360 404 398 lereus
434 360 630 397 vocitatus
661 357 729 403 est,
762 357 803 395 in
832 356 972 395 eodem
1003 354 1076 393 isto
1108 354 1275 407 AEgypti
1308 366 1445 406 regno,
1477 350 1608 404 aspide
1640 350 1686 388 ad

277 438 420 479 corpus
442 424 615 470 admota,
647 425 728 464 vita
747 423 819 462 effe
840 423 1054 476 privatum.

335 491 457 529 Plane
477 490 690 536 confiteor,
723 490 807 529 fieri
830 489 932 528 nihil
954 488 1058 542 poss‘e
1079 488 1324 533 dementius,
1356 499 1476 539 quam
1497 484 1687 523 scientem

276 558 319 596 in
340 571 433 597 eum
454 558 591 597 locum
611 557 760 603 venire,
792 557 861 595 ubi
883 556 1108 594 libertatem
1131 555 1176 593 sis
1198 553 1438 608 perditurus.
1473 551 1546 590 Sed
1567 550 1686 603 hujus

277 623 388 663 istius
410 624 503 663 faeti
524 624 734 663 stultitiam
755 624 880 676 major
895 624 979 676 jam
1002 622 1177 675 superior
1193 620 1358 658 stultitia
1378 617 1576 656 defendit:
1601 631 1687 670 quae

276 690 388 738 facit,
421 700 466 730 ut
498 690 575 730 hoc
606 690 877 729 stultiffimum
908 688 1078 733 facinus,
1110 686 1218 740 quod
1248 687 1289 724 in
1321 698 1488 738 regnum
1519 685 1684 728 venerit,

278 758 387 812 quod
408 758 491 811 regi
513 758 549 796 se
569 756 829 802 commiserit,
853 756 1044 808 sapienter
1064 753 1214 792 factum
1234 752 1306 790 effe
1327 751 1519 789 videatur.
1551 751 1685 802 Siqui-

278 824 370 863 dem
391 838 471 863 non
494 833 573 862 tam
596 823 747 876 semper
767 823 891 867 stulti,
923 835 1045 875 quam
1066 820 1148 858 sero
1169 818 1353 872 sapientis
1374 817 1443 862 est,
1472 830 1567 855 cum
1588 816 1685 854 stul-

277 892 366 930 titia
386 891 451 930 sua
470 890 688 944 impeditus
710 890 769 935 fit,
799 901 963 941 quoquo
984 886 1104 925 modo
1125 885 1255 939 poffit,
1288 885 1324 923 se
1344 883 1542 937 expedire.

335 958 611 1011 Qamobrem
632 955 734 994 illud
755 964 924 1000 maneat,
957 963 995 992 et
1017 953 1144 992 fixum
1166 953 1226 997 s1t,
1259 951 1367 1005 quod
1388 965 1515 1003 neque
1536 951 1685 988 moveri

277 1037 406 1077 neque
426 1023 572 1062 mutari
594 1021 746 1076 potest:
780 1022 820 1060 in
843 1035 924 1075 quo
945 1021 1047 1074 aequi
1078 1019 1236 1073 speraffe
1268 1018 1501 1056 Postumum
1529 1017 1683 1059 dicunt,

276 1090 448 1144 peccasse
470 1090 624 1144 iniqui,
656 1088 737 1142 ipse
757 1088 876 1126 etiam
899 1085 1076 1124 insaniffe
1097 1086 1133 1123 se
1153 1084 1391 1128 confitetur,
1424 1082 1532 1136 quod
1554 1082 1660 1120 suam
1675 1112 1685 1125 ,

276 1155 387 1209 quod
406 1156 643 1200 amicorum,
671 1154 882 1208 pecuniam
904 1152 986 1205 regi
1007 1150 1233 1195 crediderit,
1256 1163 1351 1187 cum
1373 1158 1483 1187 tanto
1504 1146 1684 1186 fortuna-

278 1237 369 1261 rum
388 1222 547 1261 suarum
569 1221 762 1275 periculo.
797 1222 890 1259 Hoc
917 1218 1082 1272 quidem
1110 1217 1228 1256 semel
1251 1216 1429 1269 suscepto
1448 1224 1566 1268 atque
1587 1226 1686 1253 con-

279 1291 403 1328 traCto
417 1318 428 1334 ,
462 1287 715 1342 perpetienda
744 1287 813 1325 illa
842 1286 1004 1324 fuerunt
1020 1315 1030 1330 ‚
1063 1294 1107 1323 ut
1129 1285 1165 1322 se
1185 1283 1398 1336 aliquando
1419 1281 1465 1320 ad
1487 1282 1574 1320 suos
1595 1283 1684 1320 vin—

279 1356 441 1394 dicaret.
462 1356 601 1407 Itaque
621 1354 786 1407 objicias
808 1353 917 1398 licet,
936 1365 1056 1405 quam
1074 1351 1179 1389 voles
1199 1350 1308 1402 saepe,
1329 1349 1536 1402 palliatum
1558 1348 1684 1394 fuifl‘e,

279 1423 413 1476 aliqua
432 1420 607 1459 habuisse
630 1434 709 1459 non
731 1420 906 1458 Romani
936 1417 1113 1457 hominis
1135 1417 1315 1470 insignia.
1349 1416 1519 1468 Qoties
1549 1429 1687 1454 eorum

279 1488 489 1541 quippiam
519 1487 624 1525 dices
640 1516 651 1532 ‚
685 1487 801 1525 toties
833 1498 959 1523 unum
985 1484 1091 1522 dices
1112 1492 1231 1535 atque
1252 1482 1352 1519 illud
1368 1512 1378 1527 ,
1413 1491 1558 1519 temere
1579 1481 1687 1519 hunc

279 1554 493 1607 pecuniam
513 1554 596 1605 regi
618 1552 819 1590 credidisse
836 1570 849 1596 ;
882 1551 964 1588 suas
986 1549 1180 1593 fortunas,
1202 1557 1320 1601 atque
1340 1547 1503 1592 famam,
1527 1547 1688 1585 libidini

281 1620 396 1673 regiae
418 1618 666 1658 commififfe.
699 1620 862 1657 Fecerat
882 1626 1043 1655 temere.
1077 1616 1219 1654 Fateor
1237 1629 1245 1653 :
1271 1613 1416 1652 mutari
1436 1613 1586 1652 faffimm
1601 1614 1687 1666 jam

280 1686 395 1725 nullo
416 1685 536 1724 modo
556 1693 710 1738 poterat
728 1699 737 1723 z
761 1693 828 1722 aut
848 1683 1018 1736 pallium
1039 1680 1276 1721 sumendum
1298 1679 1561 1724 Alexandriae,
1585 1689 1629 1717 ut
1650 1680 1686 1718 ei

282 1753 423 1791 Romae
454 1760 588 1806 togato
617 1750 691 1790 effe
720 1751 885 1795 liceret3
918 1758 985 1788 aut
1012 1761 1150 1787 omnes
1182 1746 1350 1785 fortunae
1383 1745 1627 1800 abjiciendae‚
1661 1746 1687 1786 fi

282 1817 670 1871 togamvretinuiffet.

338 1885 391 1924 X.
416 1885 665 1923 Deliciarum
681 1883 793 1922 causa
808 1892 847 1921 et
862 1882 1094 1936 voluptatiS‚
1113 1895 1191 1920 non
1210 1880 1329 1919 modo
1346 1881 1449 1918 cives
1468 1880 1685 1925 Romanos,

282 1951 346 1990 sed
366 1961 406 1990 et
426 1951 579 1990 nobiles
601 1950 879 1995 adolescentes,
907 1959 946 1987 et
967 1948 1157 2002 quosdam
1178 1947 1297 1985 etiam
1320 1947 1509 1985 senatore<
1533 1947 1687 1984 summo

281 2020 372 2058 loco
392 2029 519 2064 natos,
551 2033 631 2057 non
652 2019 693 2056 in
714 2017 842 2056 hortis
863 2025 930 2054 aut
951 2016 1184 2054 suburbanis
1207 2015 1299 2060 suis,
1332 2014 1395 2052 sed
1428 2015 1613 2067 Neapoli,
1648 2017 1686 2053 in

282 2086 541 2124 celeberrimo
561 2084 725 2138 oppido,
748 2097 841 2121 cum
864 2083 1016 2120 mitella
1036 2082 1131 2135 saepe
1152 2081 1347 2119 videmus.
1377 2080 1686 2132 Chlamydatum

284 2152 401 2190 illum
424 2154 473 2191 L.
499 2152 646 2204 Syllam
669 2152 975 2203 imperatorem3
1011 2150 1058 2188 L.
1082 2163 1173 2187 vero
1195 2149 1406 2201 ScipioniS‚
1440 2149 1507 2199 qui
1536 2148 1687 2186 bellum

286 2219 327 2255 in
357 2218 447 2255 Asia
475 2218 611 2270 gestit,
644 2216 975 2270 Antiochumque
1006 2216 1177 2261 devicit,
1211 2229 1288 2253 non
1312 2215 1437 2252 solum
1461 2229 1552 2253 cum
1575 2214 1687 2252 chla-

286 2278 402 2335 myde
418 2313 428 2328 ‚
461 2283 524 2321 sed
545 2284 664 2322 etiam
685 2297 779 2322 cum
799 2283 968 2337 crepidis
985 2314 995 2329 ‚
1028 2284 1069 2321 in
1100 2282 1302 2335 Capitolio
1331 2281 1493 2319 statuam
1517 2281 1656 2318 videtis
1677 2295 1685 2319 ε

285 2364 459 2403 quorum
490 2351 706 2402 impunitas
736 2350 817 2389 fuit
846 2365 924 2389 non
953 2350 1073 2388 modo
1094 2363 1114 2387 a
1129 2349 1311 2402 judicio,
1345 2348 1407 2386 sed
1429 2349 1548 2386 etiarn
1569 2361 1589 2384 a
1610 2347 1687 2384 ser-

287 2430 420 2455 mone.
460 2416 632 2454 Facilius
663 2427 767 2455 certe
800 2418 844 2455 P.
879 2417 1084 2455 Rutilium
1115 2415 1272 2454 Rufum
1304 2415 1534 2453 necessitatis
1565 2427 1688 2450 excu-

287 2483 382 2521 satio
418 2481 631 2521 defendet:
665 2484 762 2537 qui,
794 2497 887 2521 cum
919 2498 939 2521 a
969 2482 1208 2521 Mithridate
1242 2481 1454 2533 Mytilenis
1490 2477 1688 2531 oppressus

370 2552 513 2589 ToM.
547 2551 621 2588 VI.
1291 2549 1330 2586 G
1360 2561 1387 2599 g
