2076 2860
655 189 1230 227 PHILIPPICA
1311 189 1424 228 VIII.
1664 206 1737 246 393

341 302 384 330 ut
404 291 500 345 saepe
515 292 600 344 jam
621 290 719 335 dixi,
752 305 888 329 omnes
911 291 952 329 in
975 300 1085 329 tanto
1104 291 1297 344 periculo,
1330 292 1400 345 qui
1427 293 1527 330 retf’ce
1555 301 1594 330 et
1621 291 1738 331 forti-

340 368 398 396 ter
418 358 600 403 sentient,
619 366 734 396 erunt
754 358 990 396 consulares.
1019 357 1216 396 Animum
1236 358 1352 397 nobis
1373 358 1508 397 afferre
1529 359 1648 411 legati
1669 359 1737 398 de·-

341 425 540 470 buerunt;
574 425 761 463 timorem
791 425 1036 463 attulerunt:
1069 438 1297 478 quanquam
1328 425 1430 464 mihi
1460 426 1624 479 quidem
1644 427 1737 464 nul-

339 490 452 529 lum:
485 491 665 544 quamvis
694 491 741 529 de
769 491 855 536 illo,
887 490 934 528 ad
962 504 1082 544 quem
1103 491 1203 530 miffi
1226 491 1329 537 sunt,
1363 492 1461 531 bene
1481 492 1734 538 existiment5

337 570 358 594 a
378 571 459 610 quo
479 557 600 596 etiam
621 557 803 596 mandata
821 567 1072 610 acceperunt.

394 624 512 662 VIII.
544 624 620 661 Pro
642 624 713 661 Dii
734 623 977 662 immortales
996 624 1002 661 !
1028 623 1098 662 ubi
1118 623 1170 662 est
1192 623 1260 662 ille
1280 637 1366 662 mos
1387 623 1588 676 virtusque
1609 628 1735 678 majo-

337 691 457 727 rum?
492 691 541 728 C.
566 690 762 742 Popillius
784 690 887 742 apud
908 691 1072 742 majores
1096 689 1260 735 nostros,
1292 703 1387 728 cum
1413 689 1460 727 ad
1486 691 1736 730 Antiochum

337 769 469 808 regem
490 755 641 808 legatus
664 755 800 793 mifl'us
820 755 924 801 effet,
943 765 982 793 et
1002 755 1129 793 verbis
1152 755 1303 794 senatus
1326 755 1599 802 denuntiafl‘et‚
1624 766 1667 795 ut
1688 759 1735 795 ab

336 821 577 859 Alexandria
601 821 828 867 discederet,
861 835 980 874 quam
1010 820 1238 867 obfidebat3
1271 835 1365 860 cum
1387 830 1543 874 tempus
1564 822 1632 860 ille
1654 823 1734 861 dif-

336 886 470 933 ferret,
500 888 653 940 virgula
674 887 839 925 stantem
860 887 1191 941 circumscripfit5
1225 887 1406 940 dixitque
1427 887 1463 925 se
1485 889 1735 927 renuntiatu-

337 967 426 991 rum
456 953 620 998 senatui,
656 953 724 991 nisi
757 953 865 1005 prius
899 953 971 992 fibi
1000 953 1266 1006 respondisset,
1299 953 1397 1007 quid
1426 952 1598 992 facturus
1629 955 1733 1001 effer,

335 1032 456 1071 quam
488 1033 537 1057 ex
568 1019 637 1056 illa
668 1019 1037 1071 circumscriptione
1069 1020 1287 1058 excederet.
1335 1020 1548 1058 Praeclare:
1583 1021 1733 1059 senatus

332 1085 441 1122 enirn
462 1083 606 1122 faciem
629 1084 761 1122 secum
782 1084 980 1129 attulerat,
1003 1086 1275 1123 auctoritatem
1296 1086 1435 1138 populi
1458 1087 1646 1131 Romani,
1669 1089 1735 1125 cui

333 1151 404 1202 qui
425 1163 505 1188 non
526 1159 648 1204 paret,
680 1164 760 1189 non
781 1151 828 1189 ab
850 1164 895 1189 eo
916 1150 1098 1189 mandata
1117 1151 1345 1204 accipienda
1366 1151 1469 1196 sunt,
1498 1151 1561 1189 sed
1582 1152 1661 1205 ipse
1682 1153 1735 1191 est

336 1225 442 1254 totus
466 1216 744 1268 repudiandus.

390 1284 456 1320 An
477 1295 550 1334 ego
571 1282 618 1320 ab
640 1296 685 1320 eo
706 1282 888 1321 mandata
907 1284 1142 1336 acciperem,
1166 1285 1237 1336 qui
1258 1284 1410 1322 senatus
1432 1284 1615 1323 mandata
1634 1299 1733 1324 con-

335 1358 527 1388 temneret
546 1350 559 1386 ?
592 1359 658 1387 aut
688 1351 723 1388 ei
753 1364 848 1388 cum
869 1351 1002 1389 senatu
1023 1350 1243 1404 quidquam
1264 1365 1479 1390 commune
1493 1352 1731 1404 judicarem,

334 1417 405 1469 qui
431 1416 710 1469 imperatorem
731 1417 871 1469 populi
902 1417 1074 1454 Romani
1095 1416 1226 1455 senatu
1250 1416 1487 1469 prohibente
1508 1418 1699 1457 obsideret
1717 1420 1731 1456 ?

332 1483 389 1521 At
409 1496 495 1535 quae
516 1482 698 1520 mandata
716 1483 729 1519 ?
762 1496 838 1534 qua
859 1483 1078 1535 arrogantia
1097 1484 1109 1520 ?
1142 1497 1222 1535 quo
1242 1482 1427 1535 stupore?
1460 1498 1540 1536 quo
1561 1484 1699 1537 spiritu
1717 1486 1730 1521 ?

333 1548 417 1586 Cur
437 1557 569 1586 autem
589 1562 632 1586 ea
652 1548 790 1600 legatis
813 1548 951 1586 nostris
973 1549 1102 1593 dabat,
1135 1562 1228 1586 cum
1250 1548 1297 1586 ad
1325 1562 1395 1586 nos
1418 1550 1604 1600 Cotylam
1631 1551 1731 1588 mit-

332 1623 445 1659 teret,
477 1623 755 1652 ornamentum
776 1624 893 1667 atque
913 1627 1042 1652 arcem
1069 1615 1290 1653 amicorum
1317 1614 1491 1660 suorum,
1522 1614 1731 1654 hominem

332 1680 543 1719 aedilitium
562 1681 575 1718 ?
608 1680 634 1718 fi
656 1694 746 1719 vero
768 1690 856 1719 tum
876 1679 956 1719 fuit
977 1680 1115 1726 aedilis,
1148 1695 1243 1719 cum
1263 1694 1355 1719 eum
1369 1681 1476 1734 juffu
1498 1682 1667 1720 Antonii
1688 1682 1730 1720 in

331 1746 515 1785 convivio
537 1745 633 1784 servi
653 1746 808 1799 publici
829 1746 922 1784 loris
945 1746 1188 1785 ceciderunt.

386 1814 443 1850 At
464 1825 584 1865 quam
605 1812 776 1850 modesta
796 1812 1001 1850 mandata!
1035 1811 1150 1850 ferrei
1172 1812 1321 1858 sumus,
1345 1812 1476 1850 Patres
1499 1812 1726 1864 conscripti,

333 1879 403 1932 qui
435 1879 655 1932 quidquam
687 1878 783 1917 huic
816 1893 1020 1932 negemus.
1070 1880 1267 1932 Utramque
1287 1879 1539 1932 provinciam,
1571 1880 1726 1932 inquit,

329 1945 472 1983 remitto
489 1960 503 1983 :
534 1945 728 1985 exercitum
757 1944 883 1998 depono
899 1961 912 1983 .·
936 1945 1116 1998 privatus
1144 1945 1203 1998 eff&
1231 1959 1298 1984 non
1328 1947 1456 1999 recuso.
1506 1946 1604 1983 Haec
1640 1946 1661 1983 s
1658 1955 1728 1983 unt

329 2011 438 2049 enim
460 2012 602 2049 verba:
636 2011 759 2049 redire
786 2011 833 2048 ad
861 2011 897 2049 se
918 2011 1087 2049 videtur.
1133 2011 1265 2049 Omnia
1284 2011 1479 2064 oblivssor³
1512 2011 1548 2049 in
1564 2012 1729 2064 gratiam

329 2075 440 2114 redeo.
489 2077 561 2114 Sed
588 2077 686 2129 quid
712 2077 925 2129 adjungit?
942 2077 986 2128 st
1009 2077 1198 2129 legionibus
1226 2078 1309 2116 meis
1321 2079 1404 2131 st’x,
1420 2078 1464 2129 st
1488 2078 1674 2131 equitibus,
1691 2080 1734 2129 st

329 2141 468 2180 cohorti
477 2143 680 2193 praetoriae,
703 2141 870 2194 praedam
888 2157 1085 2196 agrumque
1103 2142 1283 2182 dederitis.
1329 2144 1407 2182 His
1428 2146 1547 2182 etiam
1568 2145 1727 2196 praemia

331 2207 514 2261 postulat,
547 2209 693 2260 quibus
715 2218 758 2246 ut
779 2209 1003 2261 ignoscatur
1023 2209 1050 2247 fi
1071 2209 1255 2262 postulet,
1279 2210 1639 2262 impudentislimus
1655 2211 1724 2262 ju-

330 2274 508 2312 dicetur?
533 2274 658 2312 Addit
679 2284 874 2326 praeterea,
893 2285 934 2314 ut
954 2290 1037 2329 quos
1056 2276 1125 2329 ¹2⁶st
1145 2291 1224 2316 cum
1244 2277 1434 2315 Dolabella
1453 2276 1586 2314 dederit
1605 2291 1724 2328 agras,

329 2350 473 2379 teneant
502 2340 541 2385 ii,
572 2340 697 2394 quibus
725 2340 806 2379 dati
815 2342 912 2393 sint.
963 2343 1046 2381 Hic
1067 2342 1121 2380 est
1143 2345 1368 2395 Campanus
1390 2357 1492 2395 ager,
1525 2352 1562 2380 ct
1592 2344 1721 2380 Leon*

330 2408 452 2451 tinus,
485 2420 571 2459 quae
593 2407 671 2445 duo
692 2409 856 2460 majores
879 2408 997 2446 nostri
1019 2421 1181 2447 annonae
1201 2408 1382 2461 perfugia
1402 2408 1610 2446 ducebant.

388 2474 462 2512 IX.
495 2474 617 2511 Cavet
639 2474 790 2519 mimis,
813 2473 1063 2528 aleatoribus,
1086 2474 1319 2512 lenonibus:
1346 2473 1527 2525 Caphoni
1549 2474 1666 2511 etiam
1687 2482 1723 2509 ct

416 2541 557 2577 Tou.
594 2540 664 2577 VJ.
1275 2540 1311 2577 D
1344 2539 1367 2576 d
1398 2539 1420 2576 d
1708 2531 1711 2533 Δ
