2076 2860
652 145 724 182 IN
789 144 837 182 L.
901 142 1255 181 PISONEM.
1582 144 1652 195 135

313 239 554 278 XXXVIII.
588 240 723 291 Atque
741 248 783 276 ut
799 237 969 275 duorum
987 238 1278 290 Epicureorum
1295 237 1596 276 fimilitudinem
1616 238 1653 275 in

259 306 494 343 rernssstafl
526 306 773 357 hnpeffioque
804 304 992 342 vkstads:
1026 304 1248 349 Albucum,
1281 305 1448 342 cuniin
1482 304 1651 342 Sanfinm

258 371 545 424 triumphasset,
577 372 717 409 Romae
737 370 944 408 damnatus
966 369 1045 408 est:
1079 369 1161 415 hic,
1193 384 1286 408 cum
1312 371 1480 409 fimilem
1501 371 1655 408 exitum

257 436 458 488 speetaret,
480 438 521 475 in
539 437 776 475 Macedonia
797 446 940 488 tropaea
956 436 1111 489 posuit;
1135 451 1268 489 eaque,
1287 451 1374 490 quae
1395 437 1547 475 bellicae
1569 437 1652 474 lau-

257 502 602 556 dis,vi6toriaeque‚
619 516 755 541 omnes
772 512 908 555 gentes
923 503 1088 555 insignia
1103 512 1142 540 et
1156 512 1415 541 monumenta
1429 503 1501 541 effe
1517 503 1654 541 volue-

260 578 366 614 runt,
391 569 518 607 noster
538 568 604 607 hic
626 570 879 622 praeposterus
902 570 1129 622 imperator,
1151 569 1377 607 amifforum
1399 569 1653 622 oppidorum,

259 635 443 674 caesarum
475 636 680 688 legionum
698 665 709 681 ‚
742 636 954 688 provinciae
986 636 1162 688 praefidio
1192 646 1230 673 et
1262 636 1424 688 reliquis
1457 636 1656 674 militibus

258 702 418 748 orbatae,
440 702 487 740 ad
503 702 788 754 sempiternum
809 701 977 740 dedecus
994 701 1052 740 sui
1072 702 1224 754 generis
1241 710 1279 739 et
1300 702 1490 747 nominis,
1509 701 1659 740 funesta

261 768 407 806 indicia
426 768 658 806 constituit:
692 768 892 820 idemque,
926 778 969 806 ut
993 768 1098 813 esset,
1130 767 1238 820 quod
1258 768 1299 804 in
1322 767 1397 805 bafi
1420 777 1656 820 tropaeorum

260 833 384 872 incidi
405 834 646 886 inscribique
666 833 802 886 posset,
836 832 1134 884 Dyrrhachium
1156 842 1199 870 ut
1220 833 1328 871 venit
1349 833 1554 878 deceden8‚
1583 834 1656 872 ob-

261 899 374 938 seffus
395 900 449 938 est
468 901 515 937 ab
537 901 584 938 iis
607 900 695 952 ipsis
718 899 916 937 militibus
932 929 943 944 ‚
976 912 1075 951 quos
1105 899 1221 951 paulo
1242 908 1331 937 ante
1362 901 1569 952 Torquato
1597 914 1657 938 re-

260 965 418 1018 spondit
439 965 621 1004 beneficii
642 964 753 1003 causa
771 964 819 1002 ab
841 964 877 1002 se
897 964 970 1002 effe
989 964 1179 1003 dimiffos.
1212 964 1372 1017 Qibus
1394 979 1487 1003 cum
1504 967 1658 1018 juratus

259 1032 492 1077 affirmaffet,
525 1032 576 1077 se,
608 1046 694 1084 quae
716 1031 965 1076 deberentur,
997 1031 1149 1084 postero
1171 1031 1234 1068 die
1254 1031 1562 1084 persoluturum,
1586 1033 1658 1072 do-

259 1111 373 1136 mum
389 1098 425 1135 se
441 1098 594 1135 abdidit
610 1113 618 1136 z
644 1097 735 1135 inde
752 1099 865 1135 noc‘te
881 1096 1126 1148 intempesta,
1145 1097 1382 1150 crepidatus,
1399 1097 1498 1136 veste
1515 1098 1658 1143 serviII,

259 1178 400 1202 navem
419 1163 671 1209 conscendit,
705 1162 1036 1216 Brundisiumque
1057 1164 1220 1209 vitavit,
1252 1172 1290 1202 et
1311 1164 1471 1202 ultimas
1493 1165 1659 1203 Adriani

260 1232 377 1269 maris
398 1244 481 1269 oras
503 1231 664 1283 petivit:
689 1245 782 1268 cum
803 1230 965 1268 interim
986 1229 1230 1282 Dyrrhachii
1250 1231 1399 1269 milites
1421 1231 1602 1277 domum,
1618 1233 1660 1270 in

260 1310 338 1349 qua
358 1296 476 1335 istum
495 1296 568 1334 effe
588 1296 891 1341 arbitrabantur,
914 1295 1087 1334 obfidere
1107 1305 1313 1348 coeperunt
1325 1316 1337 1342 3
1355 1306 1409 1342 et,
1427 1311 1520 1336 cum
1541 1297 1660 1336 latere

258 1361 467 1401 hominem
487 1371 685 1415 putarent,
708 1363 818 1414 ignes
839 1361 1202 1400 circumdederunt.
1222 1363 1315 1414 Qo
1335 1372 1444 1400 metu
1466 1365 1662 1402 commoti

259 1429 545 1481 Dyrrhachini,
563 1428 778 1482 profugiffe
799 1430 917 1466 noctu
938 1428 1184 1481 crepidatum
1206 1429 1483 1481 imperatorem
1505 1430 1658 1469 indica-

257 1505 414 1535 verunt.
447 1496 514 1534 Illi
534 1504 667 1534 autem
688 1495 867 1540 statuam,
890 1494 999 1533 istius
1020 1494 1274 1546 perfimssem,
1298 1509 1417 1547 quam
1438 1495 1532 1534 stare
1553 1497 1657 1535 cele-

261 1562 432 1599 berrimo
454 1562 493 1598 in
515 1561 604 1598 loco
625 1561 800 1598 voluerat
816 1590 826 1605 ,
858 1574 906 1597 ne
932 1559 1140 1597 suaviffimi
1160 1559 1336 1597 hominis
1359 1561 1549 1599 memoria
1569 1576 1658 1600 mo-

261 1636 423 1672 reretur,
438 1626 663 1670 deturbant,
679 1625 876 1677 affligunt,
892 1625 1189 1669 comminuunt,
1208 1624 1404 1677 dissipant.
1424 1626 1487 1663 Sic
1503 1626 1657 1673 odium,

262 1693 369 1746 quod
390 1693 431 1731 in
453 1692 582 1744 ipsum
602 1691 839 1736 attulerant,
871 1690 912 1729 id
936 1691 977 1729 in
998 1691 1082 1743 ejus
1103 1691 1320 1743 imaginem
1341 1705 1384 1730 ac
1405 1691 1659 1733 fimulacrum

262 1758 537 1812 profuderunt.

317 1827 418 1879 Qae
439 1838 532 1862 cum
552 1825 607 1862 ita
627 1825 714 1869 sint,
738 1836 818 1862 non
839 1823 995 1869 dubito,
1026 1824 1141 1876 quin,
1173 1836 1267 1861 cum
1288 1823 1385 1870 haec,
1418 1839 1504 1878 quae
1525 1827 1656 1865 excel-

261 1892 364 1936 lunt,
395 1904 460 1928 me
487 1890 590 1928 noffe
620 1889 778 1935 videas;
812 1903 891 1928 non
921 1889 1133 1934 existimes,
1166 1889 1337 1928 mediam
1368 1890 1478 1929 illam
1507 1901 1659 1944 partem

259 1967 299 1997 et
318 1958 478 1996 turbam
497 1956 739 2009 flagitiorum
761 1965 922 1995 tuorum
943 1955 1046 1994 mihi
1067 1956 1139 1994 effe
1159 1957 1390 1996 inauditam.
1438 1958 1558 1997 Nihil
1579 1959 1631 1997 est
1646 1989 1656 2004 ,

261 2024 369 2077 quod
384 2037 449 2062 me
462 2022 643 2068 hortere;
663 2022 765 2061 nihil
781 2022 848 2068 est,
867 2022 974 2075 quod
991 2022 1132 2061 invites
1149 2038 1157 2061 :
1181 2023 1383 2062 admoneri
1400 2038 1463 2062 me
1479 2025 1567 2063 satis
1588 2025 1655 2064 est.

263 2090 509 2129 Admonebit
530 2098 661 2128 autem
683 2102 801 2126 nemo
821 2088 919 2126 alius
936 2118 946 2133 ‚
979 2088 1049 2126 nisi
1079 2089 1307 2141 reipublicae
1333 2099 1489 2143 tempus
1509 2106 1518 2129 z
1551 2092 1658 2144 quod

263 2154 365 2193 mihi
394 2155 557 2207 quidem
586 2154 711 2206 magis
742 2153 921 2199 videtur,
951 2166 1074 2206 quam
1098 2163 1141 2192 tu
1164 2168 1340 2207 unquam
1359 2156 1568 2195 arbitratus
1590 2170 1628 2195 es
1645 2186 1655 2202 ,

263 2221 588 2273 appropinquare.

321 2286 518 2323 XXXIX.
551 2286 709 2338 Ecquid
730 2286 852 2332 vides,
883 2286 1027 2340 ecquid
1056 2287 1188 2332 sentis,
1222 2288 1307 2339 lege
1329 2288 1538 2340 judiciaria
1566 2289 1655 2335 lata,

265 2365 363 2405 quos
380 2350 704 2405 posthacjudices
721 2353 838 2392 fimus
854 2352 1029 2393 habituri
1047 2356 1058 2392 ?
1078 2355 1173 2393 Non
1191 2368 1297 2406 aeque
1314 2355 1466 2407 legetur
1481 2355 1657 2407 quisquis

264 2417 458 2462 voluerit3
478 2430 562 2462 nee,
581 2417 757 2471 quisquis
775 2419 960 2465 noluerit,
979 2432 1058 2458 non
1074 2419 1241 2472 legetur.
1261 2420 1379 2458 Nulli
1395 2421 1658 2473 conjicientur

347 2484 422 2521 To
438 2494 489 2521 M.
523 2482 596 2521 VI.
1273 2486 1307 2521 A
1337 2498 1357 2521 a
