<?xml version="1.0" encoding="UTF-8"?>
<!DOCTYPE html PUBLIC "-//W3C//DTD XHTML 1.0 Transitional//EN"
    "http://www.w3.org/TR/xhtml1/DTD/xhtml1-transitional.dtd">
<html xmlns="http://www.w3.org/1999/xhtml" xml:lang="en" lang="en">
 <head>
  <title>
</title>
<meta http-equiv="Content-Type" content="text/html;charset=utf-8" />
  <meta name='ocr-system' content='tesseract 3.04.00' />
  <meta name='ocr-capabilities' content='ocr_page ocr_carea ocr_par ocr_line ocrx_word'/>
</head>
<body>
  <div class='ocr_page' id='page_1' title='image "./operacumindicibu06ciceuoft_0251.png"; bbox 0 0 2076 2860; ppageno 0'>
   <div class='ocr_carea' id='block_1_1' title="bbox 854 181 1085 236">
    <p class='ocr_par' dir='ltr' id='par_1_1' title="bbox 854 181 1085 236">
     <span class='ocr_line' id='line_1_1' title="bbox 854 181 1085 236; baseline -0.009 -1"><span class='ocrx_word' id='word_1_1' title='bbox 854 181 1085 236; x_wconf 81' lang='lat'>[241]</span> 
     </span>
    </p>
   </div>
   <div class='ocr_carea' id='block_1_2' title="bbox 410 579 1524 639">
    <p class='ocr_par' dir='ltr' id='par_1_2' title="bbox 410 579 1524 639">
     <span class='ocr_line' id='line_1_2' title="bbox 410 579 1524 639; baseline -0.004 0"><span class='ocrx_word' id='word_1_2' title='bbox 410 583 502 639; x_wconf 93' lang='lat' dir='ltr'>M.</span> <span class='ocrx_word' id='word_1_3' title='bbox 616 579 1524 638; x_wconf 87' lang='lat' dir='ltr'><strong>MARCELLO</strong></span> 
     </span>
    </p>
   </div>
   <div class='ocr_carea' id='block_1_3' title="bbox 701 802 1231 841">
    <p class='ocr_par' dir='ltr' id='par_1_3' title="bbox 701 802 1231 841">
     <span class='ocr_line' id='line_1_3' title="bbox 701 802 1231 841; baseline -0.002 0"><span class='ocrx_word' id='word_1_4' title='bbox 701 802 1055 841; x_wconf 90' lang='lat' dir='ltr'>ORATIO</span> <span class='ocrx_word' id='word_1_5' title='bbox 1135 802 1231 840; x_wconf 91' lang='lat' dir='ltr'>XL.</span> 
     </span>
    </p>
   </div>
   <div class='ocr_carea' id='block_1_4' title="bbox 265 1011 1674 2458">
    <p class='ocr_par' dir='ltr' id='par_1_4' title="bbox 268 1011 1669 1065">
     <span class='ocr_line' id='line_1_4' title="bbox 268 1011 1669 1065; baseline -0.004 -10"><span class='ocrx_word' id='word_1_6' title='bbox 268 1017 301 1055; x_wconf 93' lang='lat' dir='ltr'>I.</span> <span class='ocrx_word' id='word_1_7' title='bbox 460 1016 477 1053; x_wconf 93' lang='lat' dir='ltr'>I</span> <span class='ocrx_word' id='word_1_8' title='bbox 495 1015 534 1052; x_wconf 93' lang='lat' dir='ltr'>U</span> <span class='ocrx_word' id='word_1_9' title='bbox 551 1013 590 1053; x_wconf 94' lang='lat' dir='ltr'>T</span> <span class='ocrx_word' id='word_1_10' title='bbox 608 1015 647 1051; x_wconf 96' lang='lat' dir='ltr'><strong>U</strong></span> <span class='ocrx_word' id='word_1_11' title='bbox 665 1013 702 1051; x_wconf 90' lang='lat' dir='ltr'>R</span> <span class='ocrx_word' id='word_1_12' title='bbox 720 1013 761 1051; x_wconf 93' lang='lat' dir='ltr'>N</span> <span class='ocrx_word' id='word_1_13' title='bbox 780 1014 797 1051; x_wconf 97' lang='lat' dir='ltr'>I</span> <span class='ocrx_word' id='word_1_14' title='bbox 828 1013 972 1052; x_wconf 88' lang='lat' dir='ltr'>filentii</span> <span class='ocrx_word' id='word_1_15' title='bbox 988 1043 999 1059; x_wconf 96' lang='lat'>,</span> <span class='ocrx_word' id='word_1_16' title='bbox 1032 1014 1164 1051; x_wconf 80' lang='lat' dir='ltr'>Patres</span> <span class='ocrx_word' id='word_1_17' title='bbox 1191 1011 1430 1065; x_wconf 87' lang='lat' dir='ltr'>conscripti,</span> <span class='ocrx_word' id='word_1_18' title='bbox 1463 1025 1543 1065; x_wconf 88' lang='lat' dir='ltr'>quo</span> <span class='ocrx_word' id='word_1_19' title='bbox 1565 1025 1669 1049; x_wconf 86' lang='lat' dir='ltr'>eram</span> 
     </span>
    </p>

    <p class='ocr_par' dir='ltr' id='par_1_5' title="bbox 265 1078 1672 1728">
     <span class='ocr_line' id='line_1_5' title="bbox 472 1078 1670 1133; baseline -0.003 -15"><span class='ocrx_word' id='word_1_20' title='bbox 472 1080 534 1119; x_wconf 86' lang='lat' dir='ltr'>his</span> <span class='ocrx_word' id='word_1_21' title='bbox 557 1080 804 1133; x_wconf 82' lang='lat' dir='ltr'>temporibus</span> <span class='ocrx_word' id='word_1_22' title='bbox 827 1080 916 1118; x_wconf 87' lang='lat' dir='ltr'>usus</span> <span class='ocrx_word' id='word_1_23' title='bbox 933 1110 942 1125; x_wconf 96' lang='lat'>‚</span> <span class='ocrx_word' id='word_1_24' title='bbox 977 1093 1055 1118; x_wconf 88' lang='lat' dir='ltr'>non</span> <span class='ocrx_word' id='word_1_25' title='bbox 1078 1080 1221 1117; x_wconf 88' lang='lat' dir='ltr'>timore</span> <span class='ocrx_word' id='word_1_26' title='bbox 1242 1078 1375 1130; x_wconf 80' lang='lat' dir='ltr'>aliquo</span> <span class='ocrx_word' id='word_1_27' title='bbox 1392 1109 1401 1123; x_wconf 93' lang='lat'>,</span> <span class='ocrx_word' id='word_1_28' title='bbox 1435 1078 1497 1116; x_wconf 86' lang='lat' dir='ltr'>sed</span> <span class='ocrx_word' id='word_1_29' title='bbox 1525 1079 1670 1131; x_wconf 83' lang='lat' dir='ltr'>partim</span> 
     </span>
     <span class='ocr_line' id='line_1_6' title="bbox 266 1143 1669 1200; baseline -0.003 -15"><span class='ocrx_word' id='word_1_30' title='bbox 266 1146 415 1193; x_wconf 91' lang='lat' dir='ltr'>dolore,</span> <span class='ocrx_word' id='word_1_31' title='bbox 438 1146 584 1200; x_wconf 88' lang='lat' dir='ltr'>partim</span> <span class='ocrx_word' id='word_1_32' title='bbox 604 1145 852 1191; x_wconf 86' lang='lat' dir='ltr'>verecundia,</span> <span class='ocrx_word' id='word_1_33' title='bbox 875 1146 997 1184; x_wconf 89' lang='lat' dir='ltr'>finem</span> <span class='ocrx_word' id='word_1_34' title='bbox 1018 1145 1233 1183; x_wconf 82' lang='lat' dir='ltr'>hodiernus</span> <span class='ocrx_word' id='word_1_35' title='bbox 1256 1145 1336 1182; x_wconf 82' lang='lat' dir='ltr'>dies</span> <span class='ocrx_word' id='word_1_36' title='bbox 1358 1144 1516 1189; x_wconf 83' lang='lat' dir='ltr'>attulit;</span> <span class='ocrx_word' id='word_1_37' title='bbox 1541 1143 1669 1182; x_wconf 88' lang='lat' dir='ltr'>idem-</span> 
     </span>
     <span class='ocr_line' id='line_1_7' title="bbox 266 1209 1671 1266; baseline -0.004 -15"><span class='ocrx_word' id='word_1_38' title='bbox 266 1226 344 1266; x_wconf 90' lang='lat' dir='ltr'>que</span> <span class='ocrx_word' id='word_1_39' title='bbox 365 1213 542 1257; x_wconf 90' lang='lat' dir='ltr'>initium,</span> <span class='ocrx_word' id='word_1_40' title='bbox 565 1226 652 1264; x_wconf 82' lang='lat' dir='ltr'>quae</span> <span class='ocrx_word' id='word_1_41' title='bbox 672 1211 832 1256; x_wconf 85' lang='lat' dir='ltr'>vellem,</span> <span class='ocrx_word' id='word_1_42' title='bbox 855 1225 1022 1264; x_wconf 85' lang='lat' dir='ltr'>quaeque</span> <span class='ocrx_word' id='word_1_43' title='bbox 1043 1211 1242 1256; x_wconf 84' lang='lat' dir='ltr'>sentirem,</span> <span class='ocrx_word' id='word_1_44' title='bbox 1265 1224 1355 1248; x_wconf 89' lang='lat' dir='ltr'>meo</span> <span class='ocrx_word' id='word_1_45' title='bbox 1377 1209 1539 1263; x_wconf 87' lang='lat' dir='ltr'>pristino</span> <span class='ocrx_word' id='word_1_46' title='bbox 1561 1223 1671 1247; x_wconf 86' lang='lat' dir='ltr'>more</span> 
     </span>
     <span class='ocr_line' id='line_1_8' title="bbox 265 1275 1669 1322; baseline -0.002 -6"><span class='ocrx_word' id='word_1_47' title='bbox 265 1278 439 1317; x_wconf 88' lang='lat' dir='ltr'>dicendi.</span> <span class='ocrx_word' id='word_1_48' title='bbox 459 1279 634 1316; x_wconf 87' lang='lat' dir='ltr'>Tantam</span> <span class='ocrx_word' id='word_1_49' title='bbox 654 1278 762 1316; x_wconf 90' lang='lat' dir='ltr'>enim</span> <span class='ocrx_word' id='word_1_50' title='bbox 783 1276 1142 1322; x_wconf 86' lang='lat' dir='ltr'>mansuetudinem,</span> <span class='ocrx_word' id='word_1_51' title='bbox 1165 1286 1246 1315; x_wconf 89' lang='lat' dir='ltr'>tarn</span> <span class='ocrx_word' id='word_1_52' title='bbox 1267 1277 1491 1315; x_wconf 81' lang='lat' dir='ltr'>inufitatam</span> <span class='ocrx_word' id='word_1_53' title='bbox 1513 1275 1669 1314; x_wconf 83' lang='lat' dir='ltr'>inaudi-</span> 
     </span>
     <span class='ocr_line' id='line_1_9' title="bbox 267 1343 1672 1398; baseline -0.001 -15"><span class='ocrx_word' id='word_1_54' title='bbox 267 1354 428 1398; x_wconf 86' lang='lat' dir='ltr'>tamque</span> <span class='ocrx_word' id='word_1_55' title='bbox 443 1345 713 1389; x_wconf 85' lang='lat' dir='ltr'>elementiam,</span> <span class='ocrx_word' id='word_1_56' title='bbox 733 1353 889 1382; x_wconf 86' lang='lat' dir='ltr'>tantum</span> <span class='ocrx_word' id='word_1_57' title='bbox 907 1344 946 1381; x_wconf 90' lang='lat' dir='ltr'>in</span> <span class='ocrx_word' id='word_1_58' title='bbox 965 1343 1117 1382; x_wconf 85' lang='lat' dir='ltr'>summa</span> <span class='ocrx_word' id='word_1_59' title='bbox 1132 1343 1320 1397; x_wconf 83' lang='lat' dir='ltr'>potestate</span> <span class='ocrx_word' id='word_1_60' title='bbox 1336 1358 1467 1382; x_wconf 89' lang='lat' dir='ltr'>rerum</span> <span class='ocrx_word' id='word_1_61' title='bbox 1488 1344 1672 1381; x_wconf 87' lang='lat' dir='ltr'>omnium</span> 
     </span>
     <span class='ocr_line' id='line_1_10' title="bbox 265 1409 1668 1462; baseline -0.003 -12"><span class='ocrx_word' id='word_1_62' title='bbox 265 1411 447 1456; x_wconf 90' lang='lat' dir='ltr'>modum,</span> <span class='ocrx_word' id='word_1_63' title='bbox 481 1420 561 1448; x_wconf 87' lang='lat' dir='ltr'>tam</span> <span class='ocrx_word' id='word_1_64' title='bbox 591 1410 761 1462; x_wconf 88' lang='lat' dir='ltr'>denique</span> <span class='ocrx_word' id='word_1_65' title='bbox 792 1410 1070 1448; x_wconf 86' lang='lat' dir='ltr'>incredibilem</span> <span class='ocrx_word' id='word_1_66' title='bbox 1102 1410 1347 1462; x_wconf 79' lang='lat' dir='ltr'>sapientiam,</span> <span class='ocrx_word' id='word_1_67' title='bbox 1380 1423 1422 1447; x_wconf 84' lang='lat' dir='ltr'>ac</span> <span class='ocrx_word' id='word_1_68' title='bbox 1444 1423 1543 1462; x_wconf 88' lang='lat' dir='ltr'>pene</span> <span class='ocrx_word' id='word_1_69' title='bbox 1564 1409 1668 1446; x_wconf 91' lang='lat' dir='ltr'>divi-</span> 
     </span>
     <span class='ocr_line' id='line_1_11' title="bbox 267 1475 1671 1528; baseline -0.004 -12"><span class='ocrx_word' id='word_1_70' title='bbox 267 1491 374 1523; x_wconf 88' lang='lat' dir='ltr'>nam,</span> <span class='ocrx_word' id='word_1_71' title='bbox 398 1477 540 1515; x_wconf 84' lang='lat' dir='ltr'>tacitus</span> <span class='ocrx_word' id='word_1_72' title='bbox 562 1476 675 1514; x_wconf 90' lang='lat' dir='ltr'>nullo</span> <span class='ocrx_word' id='word_1_73' title='bbox 697 1476 817 1513; x_wconf 90' lang='lat' dir='ltr'>modo</span> <span class='ocrx_word' id='word_1_74' title='bbox 838 1476 1033 1528; x_wconf 87' lang='lat' dir='ltr'>praeterire</span> <span class='ocrx_word' id='word_1_75' title='bbox 1054 1476 1222 1528; x_wconf 85' lang='lat' dir='ltr'>poffum.</span> <span class='ocrx_word' id='word_1_76' title='bbox 1257 1476 1320 1513; x_wconf 88' lang='lat' dir='ltr'>M.</span> <span class='ocrx_word' id='word_1_77' title='bbox 1344 1476 1452 1512; x_wconf 89' lang='lat' dir='ltr'>enim</span> <span class='ocrx_word' id='word_1_78' title='bbox 1475 1475 1671 1512; x_wconf 76' lang='lat' dir='ltr'>NIarcello</span> 
     </span>
     <span class='ocr_line' id='line_1_12' title="bbox 268 1540 1670 1594; baseline -0.004 -12"><span class='ocrx_word' id='word_1_79' title='bbox 268 1544 380 1582; x_wconf 89' lang='lat' dir='ltr'>vobis</span> <span class='ocrx_word' id='word_1_80' title='bbox 396 1573 408 1589; x_wconf 93' lang='lat'>,</span> <span class='ocrx_word' id='word_1_81' title='bbox 440 1544 572 1581; x_wconf 81' lang='lat' dir='ltr'>Patres</span> <span class='ocrx_word' id='word_1_82' title='bbox 594 1542 835 1594; x_wconf 86' lang='lat' dir='ltr'>conscripti,</span> <span class='ocrx_word' id='word_1_83' title='bbox 868 1542 1001 1593; x_wconf 87' lang='lat' dir='ltr'>reique</span> <span class='ocrx_word' id='word_1_84' title='bbox 1023 1541 1194 1594; x_wconf 83' lang='lat' dir='ltr'>publicae</span> <span class='ocrx_word' id='word_1_85' title='bbox 1225 1541 1378 1578; x_wconf 87' lang='lat' dir='ltr'>reddito</span> <span class='ocrx_word' id='word_1_86' title='bbox 1395 1570 1405 1585; x_wconf 86' lang='lat'>,</span> <span class='ocrx_word' id='word_1_87' title='bbox 1438 1554 1517 1578; x_wconf 90' lang='lat' dir='ltr'>non</span> <span class='ocrx_word' id='word_1_88' title='bbox 1543 1540 1670 1578; x_wconf 88' lang='lat' dir='ltr'>solum</span> 
     </span>
     <span class='ocr_line' id='line_1_13' title="bbox 268 1605 1671 1654; baseline -0.003 -7"><span class='ocrx_word' id='word_1_89' title='bbox 268 1609 393 1654; x_wconf 87' lang='lat' dir='ltr'>illius,</span> <span class='ocrx_word' id='word_1_90' title='bbox 425 1608 490 1646; x_wconf 87' lang='lat' dir='ltr'>sed</span> <span class='ocrx_word' id='word_1_91' title='bbox 521 1622 651 1646; x_wconf 87' lang='lat' dir='ltr'>meam</span> <span class='ocrx_word' id='word_1_92' title='bbox 682 1608 817 1652; x_wconf 85' lang='lat' dir='ltr'>etiam,</span> <span class='ocrx_word' id='word_1_93' title='bbox 848 1620 988 1645; x_wconf 90' lang='lat' dir='ltr'>vocem</span> <span class='ocrx_word' id='word_1_94' title='bbox 1021 1615 1059 1644; x_wconf 88' lang='lat' dir='ltr'>et</span> <span class='ocrx_word' id='word_1_95' title='bbox 1090 1606 1385 1651; x_wconf 63' lang='lat' dir='ltr'>auctoritatem,</span> <span class='ocrx_word' id='word_1_96' title='bbox 1417 1616 1456 1644; x_wconf 92' lang='lat' dir='ltr'>et</span> <span class='ocrx_word' id='word_1_97' title='bbox 1488 1605 1599 1644; x_wconf 85' lang='lat' dir='ltr'>vobis</span> <span class='ocrx_word' id='word_1_98' title='bbox 1632 1615 1671 1644; x_wconf 88' lang='lat' dir='ltr'>et</span> 
     </span>
     <span class='ocr_line' id='line_1_14' title="bbox 268 1672 1220 1728; baseline -0.003 -15"><span class='ocrx_word' id='word_1_99' title='bbox 268 1674 497 1728; x_wconf 86' lang='lat' dir='ltr'>reipublicae</span> <span class='ocrx_word' id='word_1_100' title='bbox 518 1673 783 1712; x_wconf 85' lang='lat' dir='ltr'>conservatam</span> <span class='ocrx_word' id='word_1_101' title='bbox 804 1686 847 1710; x_wconf 86' lang='lat' dir='ltr'>ac</span> <span class='ocrx_word' id='word_1_102' title='bbox 868 1672 1087 1711; x_wconf 83' lang='lat' dir='ltr'>restitutam</span> <span class='ocrx_word' id='word_1_103' title='bbox 1107 1682 1220 1726; x_wconf 84' lang='lat' dir='ltr'>puto.</span> 
     </span>
    </p>

    <p class='ocr_par' dir='ltr' id='par_1_6' title="bbox 268 1738 1674 2458">
     <span class='ocr_line' id='line_1_15' title="bbox 326 1738 1669 1792; baseline -0.003 -12"><span class='ocrx_word' id='word_1_104' title='bbox 326 1741 525 1780; x_wconf 89' lang='lat' dir='ltr'>Dolebam</span> <span class='ocrx_word' id='word_1_105' title='bbox 552 1740 675 1785; x_wconf 89' lang='lat' dir='ltr'>enim,</span> <span class='ocrx_word' id='word_1_106' title='bbox 708 1741 839 1778; x_wconf 88' lang='lat' dir='ltr'>Patres</span> <span class='ocrx_word' id='word_1_107' title='bbox 869 1739 1099 1792; x_wconf 87' lang='lat' dir='ltr'>conscripti,</span> <span class='ocrx_word' id='word_1_108' title='bbox 1131 1753 1173 1777; x_wconf 84' lang='lat' dir='ltr'>ac</span> <span class='ocrx_word' id='word_1_109' title='bbox 1203 1738 1457 1777; x_wconf 87' lang='lat' dir='ltr'>vehementer</span> <span class='ocrx_word' id='word_1_110' title='bbox 1486 1738 1669 1791; x_wconf 81' lang='lat' dir='ltr'>angebar,</span> 
     </span>
     <span class='ocr_line' id='line_1_16' title="bbox 269 1805 1668 1859; baseline -0.004 -12"><span class='ocrx_word' id='word_1_111' title='bbox 269 1822 363 1849; x_wconf 92' lang='lat' dir='ltr'>cum</span> <span class='ocrx_word' id='word_1_112' title='bbox 383 1808 572 1853; x_wconf 86' lang='lat' dir='ltr'>viderem,</span> <span class='ocrx_word' id='word_1_113' title='bbox 603 1808 734 1845; x_wconf 89' lang='lat' dir='ltr'>virum</span> <span class='ocrx_word' id='word_1_114' title='bbox 755 1806 889 1851; x_wconf 85' lang='lat' dir='ltr'>talem,</span> <span class='ocrx_word' id='word_1_115' title='bbox 922 1806 992 1859; x_wconf 90' lang='lat' dir='ltr'>qui</span> <span class='ocrx_word' id='word_1_116' title='bbox 1022 1806 1063 1844; x_wconf 90' lang='lat' dir='ltr'>in</span> <span class='ocrx_word' id='word_1_117' title='bbox 1093 1805 1229 1843; x_wconf 85' lang='lat' dir='ltr'>eadem</span> <span class='ocrx_word' id='word_1_118' title='bbox 1259 1805 1383 1851; x_wconf 84' lang='lat' dir='ltr'>causa,</span> <span class='ocrx_word' id='word_1_119' title='bbox 1416 1806 1457 1843; x_wconf 88' lang='lat' dir='ltr'>in</span> <span class='ocrx_word' id='word_1_120' title='bbox 1484 1819 1561 1857; x_wconf 84' lang='lat' dir='ltr'>qua</span> <span class='ocrx_word' id='word_1_121' title='bbox 1581 1819 1668 1857; x_wconf 85' lang='lat' dir='ltr'>ego,</span> 
     </span>
     <span class='ocr_line' id='line_1_17' title="bbox 269 1872 1669 1925; baseline -0.004 -11"><span class='ocrx_word' id='word_1_122' title='bbox 269 1874 401 1915; x_wconf 84' lang='lat' dir='ltr'>fuiffet</span> <span class='ocrx_word' id='word_1_123' title='bbox 415 1904 426 1921; x_wconf 91' lang='lat'>,</span> <span class='ocrx_word' id='word_1_124' title='bbox 460 1888 538 1913; x_wconf 90' lang='lat' dir='ltr'>non</span> <span class='ocrx_word' id='word_1_125' title='bbox 560 1874 601 1912; x_wconf 89' lang='lat' dir='ltr'>in</span> <span class='ocrx_word' id='word_1_126' title='bbox 622 1873 757 1912; x_wconf 83' lang='lat' dir='ltr'>eadem</span> <span class='ocrx_word' id='word_1_127' title='bbox 777 1873 850 1912; x_wconf 86' lang='lat' dir='ltr'>effe</span> <span class='ocrx_word' id='word_1_128' title='bbox 869 1872 1031 1911; x_wconf 87' lang='lat' dir='ltr'>fortuna</span> <span class='ocrx_word' id='word_1_129' title='bbox 1049 1888 1058 1911; x_wconf 74' lang='grc' dir='ltr'>ε</span> <span class='ocrx_word' id='word_1_130' title='bbox 1091 1886 1163 1911; x_wconf 88' lang='lat' dir='ltr'>nec</span> <span class='ocrx_word' id='word_1_131' title='bbox 1185 1872 1287 1911; x_wconf 93' lang='lat' dir='ltr'>mihi</span> <span class='ocrx_word' id='word_1_132' title='bbox 1309 1872 1535 1925; x_wconf 81' lang='lat' dir='ltr'>persuadere</span> <span class='ocrx_word' id='word_1_133' title='bbox 1556 1882 1669 1925; x_wconf 88' lang='lat' dir='ltr'>pote-</span> 
     </span>
     <span class='ocr_line' id='line_1_18' title="bbox 268 1939 1670 1987; baseline -0.003 -7"><span class='ocrx_word' id='word_1_134' title='bbox 268 1955 352 1980; x_wconf 89' lang='lat' dir='ltr'>ram</span> <span class='ocrx_word' id='word_1_135' title='bbox 367 1971 378 1987; x_wconf 96' lang='lat'>,</span> <span class='ocrx_word' id='word_1_136' title='bbox 410 1954 482 1980; x_wconf 91' lang='lat' dir='ltr'>nec</span> <span class='ocrx_word' id='word_1_137' title='bbox 503 1940 560 1980; x_wconf 86' lang='lat' dir='ltr'>fas</span> <span class='ocrx_word' id='word_1_138' title='bbox 581 1940 654 1979; x_wconf 84' lang='lat' dir='ltr'>effe</span> <span class='ocrx_word' id='word_1_139' title='bbox 675 1940 868 1979; x_wconf 82' lang='lat' dir='ltr'>ducebam</span> <span class='ocrx_word' id='word_1_140' title='bbox 883 1969 894 1985; x_wconf 95' lang='lat'>,</span> <span class='ocrx_word' id='word_1_141' title='bbox 925 1939 1065 1978; x_wconf 84' lang='lat' dir='ltr'>versari</span> <span class='ocrx_word' id='word_1_142' title='bbox 1095 1953 1158 1977; x_wconf 89' lang='lat' dir='ltr'>me</span> <span class='ocrx_word' id='word_1_143' title='bbox 1186 1939 1227 1977; x_wconf 91' lang='lat' dir='ltr'>in</span> <span class='ocrx_word' id='word_1_144' title='bbox 1250 1939 1380 1977; x_wconf 86' lang='lat' dir='ltr'>nostro</span> <span class='ocrx_word' id='word_1_145' title='bbox 1401 1939 1522 1977; x_wconf 86' lang='lat' dir='ltr'>veteri</span> <span class='ocrx_word' id='word_1_146' title='bbox 1542 1940 1670 1977; x_wconf 84' lang='lat' dir='ltr'>curri-</span> 
     </span>
     <span class='ocr_line' id='line_1_19' title="bbox 269 2005 1669 2060; baseline -0.003 -13"><span class='ocrx_word' id='word_1_147' title='bbox 269 2008 376 2054; x_wconf 90' lang='lat' dir='ltr'>culo,</span> <span class='ocrx_word' id='word_1_148' title='bbox 408 2008 495 2054; x_wconf 93' lang='lat' dir='ltr'>illo,</span> <span class='ocrx_word' id='word_1_149' title='bbox 527 2008 671 2047; x_wconf 87' lang='lat' dir='ltr'>aemulo</span> <span class='ocrx_word' id='word_1_150' title='bbox 691 2016 808 2060; x_wconf 85' lang='lat' dir='ltr'>atque</span> <span class='ocrx_word' id='word_1_151' title='bbox 829 2006 1029 2044; x_wconf 88' lang='lat' dir='ltr'>imitatore</span> <span class='ocrx_word' id='word_1_152' title='bbox 1050 2006 1268 2044; x_wconf 84' lang='lat' dir='ltr'>studiorum</span> <span class='ocrx_word' id='word_1_153' title='bbox 1289 2019 1332 2043; x_wconf 83' lang='lat' dir='ltr'>ac</span> <span class='ocrx_word' id='word_1_154' title='bbox 1355 2005 1536 2044; x_wconf 78' lang='lat' dir='ltr'>laborum</span> <span class='ocrx_word' id='word_1_155' title='bbox 1559 2019 1669 2043; x_wconf 88' lang='lat' dir='ltr'>meo-</span> 
     </span>
     <span class='ocr_line' id='line_1_20' title="bbox 270 2072 1671 2128; baseline -0.003 -14"><span class='ocrx_word' id='word_1_156' title='bbox 270 2089 374 2120; x_wconf 86' lang='lat' dir='ltr'>rum,</span> <span class='ocrx_word' id='word_1_157' title='bbox 406 2075 512 2128; x_wconf 82' lang='lat' dir='ltr'>quafi</span> <span class='ocrx_word' id='word_1_158' title='bbox 545 2074 717 2127; x_wconf 86' lang='lat' dir='ltr'>quodam</span> <span class='ocrx_word' id='word_1_159' title='bbox 751 2073 856 2111; x_wconf 91' lang='lat' dir='ltr'>socio</span> <span class='ocrx_word' id='word_1_160' title='bbox 887 2087 909 2111; x_wconf 89' lang='lat' dir='ltr'>a</span> <span class='ocrx_word' id='word_1_161' title='bbox 934 2087 997 2111; x_wconf 92' lang='lat' dir='ltr'>me</span> <span class='ocrx_word' id='word_1_162' title='bbox 1025 2082 1064 2111; x_wconf 89' lang='lat' dir='ltr'>et</span> <span class='ocrx_word' id='word_1_163' title='bbox 1091 2074 1239 2111; x_wconf 89' lang='lat' dir='ltr'>comite</span> <span class='ocrx_word' id='word_1_164' title='bbox 1265 2072 1459 2111; x_wconf 58' lang='lat' dir='ltr'>distraeto.</span> <span class='ocrx_word' id='word_1_165' title='bbox 1493 2073 1601 2124; x_wconf 84' lang='lat' dir='ltr'>Ergo</span> <span class='ocrx_word' id='word_1_166' title='bbox 1632 2081 1671 2110; x_wconf 89' lang='lat' dir='ltr'>et</span> 
     </span>
     <span class='ocr_line' id='line_1_21' title="bbox 272 2138 1671 2192; baseline -0.001 -14"><span class='ocrx_word' id='word_1_167' title='bbox 272 2141 373 2179; x_wconf 81' lang='lat' dir='ltr'>mihi</span> <span class='ocrx_word' id='word_1_168' title='bbox 406 2155 501 2179; x_wconf 86' lang='lat' dir='ltr'>meae</span> <span class='ocrx_word' id='word_1_169' title='bbox 533 2140 703 2192; x_wconf 88' lang='lat' dir='ltr'>pristinae</span> <span class='ocrx_word' id='word_1_170' title='bbox 735 2140 824 2178; x_wconf 83' lang='lat' dir='ltr'>vitae</span> <span class='ocrx_word' id='word_1_171' title='bbox 854 2139 1196 2186; x_wconf 87' lang='lat' dir='ltr'>consuetudinem,</span> <span class='ocrx_word' id='word_1_172' title='bbox 1229 2140 1279 2178; x_wconf 88' lang='lat' dir='ltr'>C.</span> <span class='ocrx_word' id='word_1_173' title='bbox 1304 2139 1444 2185; x_wconf 85' lang='lat' dir='ltr'>Caesar,</span> <span class='ocrx_word' id='word_1_174' title='bbox 1477 2138 1671 2177; x_wconf 87' lang='lat' dir='ltr'>interclu-</span> 
     </span>
     <span class='ocr_line' id='line_1_22' title="bbox 274 2205 1670 2259; baseline -0.001 -14"><span class='ocrx_word' id='word_1_175' title='bbox 274 2206 352 2245; x_wconf 89' lang='lat' dir='ltr'>sam</span> <span class='ocrx_word' id='word_1_176' title='bbox 372 2206 569 2259; x_wconf 89' lang='lat' dir='ltr'>aperuisti,</span> <span class='ocrx_word' id='word_1_177' title='bbox 600 2215 640 2244; x_wconf 88' lang='lat' dir='ltr'>et</span> <span class='ocrx_word' id='word_1_178' title='bbox 659 2205 721 2244; x_wconf 87' lang='lat' dir='ltr'>his</span> <span class='ocrx_word' id='word_1_179' title='bbox 743 2206 945 2252; x_wconf 86' lang='lat' dir='ltr'>omnibus,</span> <span class='ocrx_word' id='word_1_180' title='bbox 972 2206 1019 2244; x_wconf 81' lang='lat' dir='ltr'>ad</span> <span class='ocrx_word' id='word_1_181' title='bbox 1041 2207 1140 2245; x_wconf 89' lang='lat' dir='ltr'>bene</span> <span class='ocrx_word' id='word_1_182' title='bbox 1160 2206 1207 2244; x_wconf 91' lang='lat' dir='ltr'>de</span> <span class='ocrx_word' id='word_1_183' title='bbox 1227 2206 1339 2244; x_wconf 91' lang='lat' dir='ltr'>omni</span> <span class='ocrx_word' id='word_1_184' title='bbox 1360 2205 1564 2259; x_wconf 84' lang='lat' dir='ltr'>republica</span> <span class='ocrx_word' id='word_1_185' title='bbox 1584 2205 1670 2257; x_wconf 87' lang='lat' dir='ltr'>spe-</span> 
     </span>
     <span class='ocr_line' id='line_1_23' title="bbox 273 2271 1672 2326; baseline -0.001 -16"><span class='ocrx_word' id='word_1_186' title='bbox 273 2271 440 2310; x_wconf 91' lang='lat' dir='ltr'>randum</span> <span class='ocrx_word' id='word_1_187' title='bbox 455 2301 466 2317; x_wconf 93' lang='lat'>,</span> <span class='ocrx_word' id='word_1_188' title='bbox 498 2271 604 2324; x_wconf 80' lang='lat' dir='ltr'>quasi</span> <span class='ocrx_word' id='word_1_189' title='bbox 626 2271 780 2324; x_wconf 89' lang='lat' dir='ltr'>fignum</span> <span class='ocrx_word' id='word_1_190' title='bbox 801 2272 962 2326; x_wconf 89' lang='lat' dir='ltr'>aliquod</span> <span class='ocrx_word' id='word_1_191' title='bbox 983 2273 1182 2312; x_wconf 87' lang='lat' dir='ltr'>sustulisti.</span> <span class='ocrx_word' id='word_1_192' title='bbox 1216 2272 1469 2311; x_wconf 61' lang='lat' dir='ltr'>Intellectum</span> <span class='ocrx_word' id='word_1_193' title='bbox 1491 2271 1544 2309; x_wconf 86' lang='lat' dir='ltr'>est</span> <span class='ocrx_word' id='word_1_194' title='bbox 1564 2271 1672 2308; x_wconf 88' lang='lat' dir='ltr'>enim</span> 
     </span>
     <span class='ocr_line' id='line_1_24' title="bbox 273 2336 1674 2392; baseline -0.003 -15"><span class='ocrx_word' id='word_1_195' title='bbox 273 2336 375 2377; x_wconf 86' lang='lat' dir='ltr'>mihi</span> <span class='ocrx_word' id='word_1_196' title='bbox 397 2336 560 2390; x_wconf 90' lang='lat' dir='ltr'>quidem</span> <span class='ocrx_word' id='word_1_197' title='bbox 581 2338 622 2375; x_wconf 92' lang='lat' dir='ltr'>in</span> <span class='ocrx_word' id='word_1_198' title='bbox 643 2338 797 2384; x_wconf 88' lang='lat' dir='ltr'>multis,</span> <span class='ocrx_word' id='word_1_199' title='bbox 829 2348 867 2377; x_wconf 91' lang='lat' dir='ltr'>et</span> <span class='ocrx_word' id='word_1_200' title='bbox 892 2339 1065 2377; x_wconf 83' lang='lat' dir='ltr'>maxime</span> <span class='ocrx_word' id='word_1_201' title='bbox 1086 2339 1126 2377; x_wconf 89' lang='lat' dir='ltr'>in</span> <span class='ocrx_word' id='word_1_202' title='bbox 1148 2353 1212 2377; x_wconf 89' lang='lat' dir='ltr'>me</span> <span class='ocrx_word' id='word_1_203' title='bbox 1232 2339 1330 2392; x_wconf 91' lang='lat' dir='ltr'>ipso,</span> <span class='ocrx_word' id='word_1_204' title='bbox 1363 2338 1425 2376; x_wconf 90' lang='lat' dir='ltr'>sed</span> <span class='ocrx_word' id='word_1_205' title='bbox 1447 2337 1564 2390; x_wconf 78' lang='lat' dir='ltr'>paulo</span> <span class='ocrx_word' id='word_1_206' title='bbox 1584 2345 1674 2374; x_wconf 88' lang='lat' dir='ltr'>ante</span> 
     </span>
     <span class='ocr_line' id='line_1_25' title="bbox 273 2403 1671 2458; baseline -0.004 -15"><span class='ocrx_word' id='word_1_207' title='bbox 273 2403 477 2449; x_wconf 85' lang='lat' dir='ltr'>omnibus,</span> <span class='ocrx_word' id='word_1_208' title='bbox 495 2416 588 2442; x_wconf 91' lang='lat' dir='ltr'>cum</span> <span class='ocrx_word' id='word_1_209' title='bbox 605 2404 669 2442; x_wconf 89' lang='lat' dir='ltr'>M.</span> <span class='ocrx_word' id='word_1_210' title='bbox 686 2404 927 2444; x_wconf 81' lang='lat' dir='ltr'>Marcellum</span> <span class='ocrx_word' id='word_1_211' title='bbox 949 2405 1097 2443; x_wconf 87' lang='lat' dir='ltr'>senatui</span> <span class='ocrx_word' id='word_1_212' title='bbox 1119 2405 1347 2458; x_wconf 89' lang='lat' dir='ltr'>populoque</span> <span class='ocrx_word' id='word_1_213' title='bbox 1370 2405 1552 2441; x_wconf 87' lang='lat' dir='ltr'>Romano</span> <span class='ocrx_word' id='word_1_214' title='bbox 1574 2415 1671 2439; x_wconf 87' lang='lat' dir='ltr'>con-</span> 
     </span>
    </p>
   </div>
   <div class='ocr_carea' id='block_1_5' title="bbox 274 2468 1674 2576">
    <p class='ocr_par' dir='ltr' id='par_1_7' title="bbox 274 2468 1674 2576">
     <span class='ocr_line' id='line_1_26' title="bbox 274 2468 1674 2523; baseline -0.004 -14"><span class='ocrx_word' id='word_1_215' title='bbox 274 2469 426 2515; x_wconf 86' lang='lat' dir='ltr'>ceffisti,</span> <span class='ocrx_word' id='word_1_216' title='bbox 449 2470 770 2509; x_wconf 81' lang='lat' dir='ltr'>commemoratis</span> <span class='ocrx_word' id='word_1_217' title='bbox 792 2470 1005 2523; x_wconf 64' lang='lat' dir='ltr'>praesertim</span> <span class='ocrx_word' id='word_1_218' title='bbox 1026 2470 1324 2513; x_wconf 73' lang='lat' dir='ltr'>offensionibus,</span> <span class='ocrx_word' id='word_1_219' title='bbox 1344 2478 1381 2506; x_wconf 89' lang='lat' dir='ltr'>te</span> <span class='ocrx_word' id='word_1_220' title='bbox 1402 2468 1674 2507; x_wconf 66' lang='lat' dir='ltr'>auctoritatem</span> 
     </span>
     <span class='ocr_line' id='line_1_27' title="bbox 359 2532 1371 2576; baseline -0.004 -1"><span class='ocrx_word' id='word_1_221' title='bbox 359 2537 426 2575; x_wconf 92' lang='lat' dir='ltr'>To</span> <span class='ocrx_word' id='word_1_222' title='bbox 440 2548 492 2576; x_wconf 89' lang='lat' dir='ltr'>M.</span> <span class='ocrx_word' id='word_1_223' title='bbox 526 2536 600 2575; x_wconf 90' lang='lat' dir='ltr'>VI.</span> <span class='ocrx_word' id='word_1_224' title='bbox 1273 2535 1315 2572; x_wconf 90' lang='lat' dir='ltr'><strong>H</strong></span> <span class='ocrx_word' id='word_1_225' title='bbox 1345 2532 1371 2571; x_wconf 90' lang='lat' dir='ltr'>h</span> 
     </span>
    </p>
   </div>
  </div>
 </body>
</html>
