2076 2860
660 205 1234 244 PHILIPPICA
1312 205 1430 244 XIII.
1663 223 1740 262 445

349 307 442 344 mstis
465 306 637 352 Caesaris,
670 321 756 359 quae
778 307 998 345 concordiae
1027 307 1137 345 causa
1167 308 1432 354 defendimus,
1466 311 1657 364 Pompeio
1679 312 1743 350 sua

350 373 490 410 domus
512 374 690 425 patebit3
723 387 887 426 eamque
922 387 1001 412 non
1034 375 1214 420 minoris,
1247 389 1365 427 quam
1398 378 1495 415 emit
1524 379 1740 425 Antonius,

349 438 543 477 redimet:
582 439 762 484 redimet,
794 440 972 492 inquam,
1006 441 1082 478 Cn.
1119 441 1300 494 Pompeii
1335 442 1501 481 domum
1537 445 1657 484 filius.
1706 448 1742 484 O

349 518 431 542 rem
454 505 654 543 acerbam!
690 506 762 543 Sed
783 505 865 544 haec
886 506 974 544 satis
997 506 1065 543 diu
1086 506 1341 560 multumque
1362 508 1500 547 defleta
1521 510 1623 550 sunt.
1658 513 1743 549 De-

350 569 522 608 crevistis
545 580 693 608 tantam
714 571 923 623 pecuniam
945 572 1151 624 Pompeio,
1183 582 1371 624 quantam
1393 588 1440 612 ex
1472 575 1585 614 bonis
1606 578 1743 629 patriis

349 637 389 674 in
412 637 549 689 praedae
570 637 814 690 diffipatione
836 638 1022 676 inimicus
1044 639 1168 676 victor
1188 639 1404 691 redegiffet.

406 702 479 740 Sed
499 702 601 741 hanc
622 703 723 741 mihi
745 704 1072 757 dispensationem
1104 718 1175 756 pro
1207 715 1366 757 paterna
1398 708 1677 748 necefiitudine
1706 720 1743 748 et

348 770 628 822 conjunctione
649 769 829 822 deposco.
865 770 1050 809 Redimet
1070 770 1222 816 hortm,
1246 771 1359 818 aedes,
1383 773 1529 811 urbana
1549 777 1743 827 quaedam,

348 849 435 885 quae
470 835 634 888 poffidet
664 837 881 875 Antonius.
926 837 1034 874 Nam
1065 847 1294 889 argentum,
1327 838 1486 884 vestem,
1519 840 1743 893 supellecti-

347 901 444 946 lem,
476 902 629 947 vinum,
661 902 817 940 amittet
839 916 951 954 aequo
971 903 1120 948 animo,
1151 917 1239 956 quae
1272 904 1340 941 ille
1372 903 1508 943 helluo
1534 907 1742 960 diffipavit.

348 967 568 1012 Albanum,
602 967 850 1012 Firmanum,
882 982 903 1006 a
923 968 1133 1006 Dolabella
1152 969 1421 1021 recuperabit:
1445 972 1564 1010 etiam
1585 973 1632 1010 ab
1655 975 1742 1012 An-

347 1033 459 1070 tonio
495 1032 799 1070 Tusculanum:
836 1032 974 1085 hique,
1006 1035 1076 1086 qui
1113 1048 1218 1072 nunc
1254 1036 1460 1074 Mutinam
1495 1050 1742 1091 oppugnant,

348 1099 404 1137 D.
435 1100 605 1137 Brutum
637 1098 829 1144 obsident,
862 1099 909 1136 de
941 1099 1109 1137 Falerno
1141 1100 1307 1138 Anseres
1340 1101 1601 1154 depellentur.
1647 1106 1746 1144 Sunt

346 1164 415 1202 alii
435 1164 566 1217 plures
589 1163 756 1209 fortasse,
789 1164 853 1202 sed
883 1178 970 1202 mea
998 1166 1188 1203 memoria
1217 1165 1461 1206 dilabuntur.
1506 1170 1594 1221 Ego
1626 1172 1746 1210 etiam

347 1229 537 1273 eos‘dico,
560 1229 630 1281 qui
650 1228 824 1267 hostium
844 1243 1010 1267 numero
1031 1244 1110 1268 non
1132 1230 1236 1276 sunt,
1269 1232 1526 1286 Pompeianas
1547 1235 1743 1288 pofl'effio-

347 1300 446 1340 nes,
463 1296 602 1348 quanti
622 1296 804 1341 emerint,
836 1295 920 1333 filio
942 1295 1177 1335 reddituros,

405 1362 504 1400 Satis
536 1361 812 1399 inconfiderati
843 1361 936 1407 fuit,
969 1376 1017 1400 ne
1051 1362 1181 1401 dicam
1215 1364 1386 1411 audacis,
1418 1381 1501 1405 rem
1538 1369 1660 1407 ullam
1696 1384 1746 1409 ex

349 1428 429 1466 illis
457 1429 674 1480 attingere:
709 1430 874 1466 retinere
904 1442 994 1467 vero
1027 1430 1115 1481 quis
1146 1432 1307 1482 poterit,
1340 1433 1548 1472 clariffimo
1580 1436 1745 1474 domino

349 1494 528 1533 restituto
546 1496 559 1532 ?
582 1496 647 1532 An
669 1495 701 1533 is
723 1509 802 1533 non
823 1495 972 1540 reddet,
995 1497 1065 1548 qui
1086 1496 1239 1535 domini
1260 1499 1545 1550 patrimonium
1566 1502 1741 1540 circum-

348 1562 504 1613 pleXUS,
537 1561 642 1613 quasi
665 1560 890 1600 thesaurum
912 1562 1042 1607 draco,
1076 1563 1257 1616 Pompeii
1288 1564 1430 1610 servm,
1464 1566 1630 1605 libertus
1653 1569 1741 1607 Cae-

349 1627 453 1672 saris,
485 1627 568 1679 agri
599 1628 752 1666 Lucani
782 1628 1024 1680 possessiones
1046 1630 1286 1682 occupavit?
1319 1632 1453 1683 Atque
1474 1633 1574 1670 illud
1604 1634 1744 1686 septies

349 1693 511 1738 millies,
544 1693 651 1746 quod
683 1694 933 1739 adolescenti,
967 1696 1098 1733 Patres
1121 1696 1348 1748 conscripti,
1382 1698 1657 1750 spopondistis,
1689 1702 1743 1738 ita

348 1759 570 1805 describite,
603 1769 647 1798 ut
667 1760 843 1798 videatur
863 1775 883 1798 a
904 1761 1014 1798 vobis
1047 1763 1123 1800 Cn.
1149 1762 1329 1814 Pompeii
1359 1763 1465 1801 filius
1487 1765 1527 1802 in
1550 1767 1742 1817 patrimo-

349 1826 416 1863 nio
438 1825 504 1863 suo
526 1826 757 1865 collocatus.
802 1827 902 1865 Haec
933 1826 1102 1866 senatus.
1147 1828 1318 1880 Reliqua
1343 1830 1514 1881 populus
1538 1831 1743 1871 Romanus

349 1892 389 1929 in
412 1905 455 1929 ea
474 1891 639 1936 familia,
663 1906 782 1944 quam
804 1892 903 1930 vidit
923 1893 1214 1945 ampliffimam,
1237 1895 1511 1947 persequetur:
1541 1896 1580 1934 in
1602 1899 1742 1950 primis

349 1966 556 2009 paternum
578 1967 789 2009 auguratus
811 1958 961 2003 locum,
994 1959 1035 1995 in
1057 1972 1177 2010 quem
1199 1973 1271 2011 ego
1291 1974 1397 2005 eum,
1422 1970 1480 2006 ut,
1504 1963 1611 2014 quod
1633 1977 1651 2000 a
1672 1978 1742 2016 pa-

350 2033 408 2060 tre
429 2023 577 2075 accepi,
609 2023 693 2060 filio
714 2023 888 2068 reddam,
920 2037 1006 2061 mea
1037 2025 1308 2063 nominatione
1338 2028 1548 2079 cooptabo.
1594 2030 1743 2068 Utrum

350 2088 472 2139 igitur
492 2101 680 2140 augurem
702 2089 811 2139 Jovis
835 2089 994 2141 Optimi
1016 2089 1204 2135 Maximi,
1231 2092 1343 2143 cujus
1366 2092 1597 2145 interpretes
1618 2095 1743 2133 inter-

351 2154 561 2205 nuntiique
582 2153 786 2191 constituti
807 2154 955 2200 sumus,
979 2147 1115 2193 utrum
1135 2157 1306 2209 populus
1329 2159 1534 2197 Romanus
1552 2160 1742 2200 libentius

351 2220 509 2264 sanciet,
533 2220 785 2271 Pompeium,
803 2233 849 2258 an
867 2222 1119 2260 Antonium?
1143 2222 1253 2261 Mihi
1271 2224 1433 2276 quidem
1450 2226 1614 2264 numine
1630 2228 1739 2265 Deo-

351 2299 439 2324 rum
461 2285 749 2324 immortalium
770 2286 924 2324 videtur
944 2286 1021 2325 hoc
1042 2287 1202 2326 fortuna
1221 2290 1396 2336 voluisse,
1420 2301 1478 2336 ut,
1497 2293 1589 2329 actis
1613 2293 1738 2331 Caesa-

351 2352 402 2389 ris
425 2351 548 2388 firmis
570 2364 612 2388 ac
635 2352 741 2397 ratis,
774 2353 852 2390 Cn.
876 2353 1057 2406 Pompeii
1088 2355 1193 2392 filius
1214 2357 1336 2408 posset
1356 2366 1394 2395 et
1422 2358 1670 2409 dignitatem,
1703 2369 1741 2397 et

351 2417 526 2455 fortunas
548 2418 704 2469 patrias,
736 2431 974 2470 recuperare.

407 2483 481 2520 VI.
515 2483 575 2520 Ac
608 2496 655 2520 ne
688 2482 789 2520 illud
821 2484 984 2536 quidem
1016 2484 1183 2531 silentio,
1219 2487 1349 2524 Patres
1381 2488 1608 2539 conscripti,
1640 2503 1739 2541 pra:-

352 2547 584 2587 tereundum
617 2557 737 2601 puto,
770 2549 877 2602 quod
909 2550 1107 2589 clariffimi
1139 2552 1212 2589 viri
1244 2552 1385 2605 le'gati,
1418 2554 1468 2592 L.
1492 2554 1654 2601 Paulus,
1685 2556 1753 2608 Q
