2076 2860
622 145 1387 186 CONSULARIBUS.
1669 164 1741 205 ιτς,

299 244 341 281 in
362 243 455 281 viris
478 241 698 281 fortiffimis
721 257 800 281 non
824 243 952 282 solum
982 245 1157 282 extinxit
1187 246 1416 299 reipublicae
1445 248 1617 302 dignitas
1633 282 1643 298 ,
1677 263 1715 291 et

297 310 500 364 ipsorum,
533 310 598 348 sed
625 311 746 349 etiam
773 310 820 348 ad
845 311 1066 350 amicitiam
1087 312 1498 370 consuetudinemque
1522 319 1711 359 traduxit.

298 377 409 430 Qid
429 378 442 415 ?
485 379 553 431 Q
576 378 770 416 Metellus
811 379 949 431 Nepos
986 393 1119 418 nonne
1153 380 1291 420 consul
1327 382 1369 420 in
1410 385 1563 438 templo
1602 388 1713 438 Jovis

298 445 460 498 Optimi
480 445 673 492 Maximi,
704 455 909 500 permotus
941 460 1035 485 cum
1063 449 1295 487 auctoritate
1318 449 1455 497 vestra,
1492 462 1581 492 tum
1602 454 1711 494 illius

296 513 342 552 P.
367 513 522 552 Servilii
542 514 772 553 incredibili
793 515 984 567 gravitate
1004 514 1190 562 dicendi,
1223 516 1359 556 absens
1382 532 1566 567 mecum,
1599 522 1710 562 sum-

292 595 362 620 mo
383 581 452 621 suo
473 582 668 621 beneficio
683 612 694 628 ‚
727 582 845 620 rediit
866 582 906 620 in
928 584 1095 635 gratiam
1115 585 1128 621 ?
1160 584 1227 622 An
1251 598 1326 638 ego
1345 586 1501 639 poffum
1522 588 1618 628 huic
1638 592 1712 630 effe

293 648 501 696 inimicus,
533 651 647 704 cujus
674 650 814 695 literis,
847 650 967 695 fama,
999 651 1168 696 nuntiis,
1200 652 1453 692 celebrantur
1473 669 1583 694 aures
1605 672 1708 712 quo-

293 717 392 755 tidie
412 731 508 756 meae
530 719 641 756 novis
664 717 896 756 nominibus
918 718 1116 770 gentium,
1149 720 1374 765 nationum,
1406 721 1590 762 locorum
1609 726 1624 762 ?

351 784 499 829 Ardeo,
530 783 633 823 mihi
653 784 816 830 credite,
850 785 983 823 Patres
1005 784 1236 838 conscripti,
1272 786 1340 839 (id
1361 788 1469 841 quod
1491 790 1641 830 vosmet
1662 793 1709 832 de

293 865 358 890 me
378 852 627 897 existimatis,
644 861 683 890 et
699 851 830 889 facitis
849 851 939 904 ipfi)
959 852 1188 890 incredibili
1205 853 1379 906 quodam
1396 869 1528 895 amore
1549 861 1703 911 patriae:

292 920 364 972 qui
383 932 448 957 me
468 932 579 957 amor
599 928 638 957 et
659 919 866 957 subvenire
887 918 987 957 olim
1008 920 1336 973 impendentibus
1364 924 1553 976 periculis
1574 928 1704 966 maxi-

289 987 367 1024 mis
388 1000 482 1025 cum
503 986 762 1025 dimicatione
782 986 923 1040 capitis
939 1017 950 1032 ,
983 995 1022 1024 et
1042 987 1199 1026 rursum
1213 1017 1225 1033 ,
1257 1003 1353 1028 cum
1374 992 1510 1030 omnia
1530 994 1607 1032 tela
1627 1009 1705 1034 un-

289 1052 411 1107 dique
431 1053 504 1092 effe
525 1055 678 1092 intenta
698 1054 739 1092 in
760 1054 931 1107 patriam
949 1053 1125 1093 viderem
1140 1085 1150 1100 ‚
1184 1055 1315 1095 subire
1342 1059 1474 1111 coegit
1494 1069 1613 1114 atque
1633 1076 1704 1101 ex-

289 1122 422 1174 cipere
443 1135 571 1160 unum
592 1135 664 1175 pro
686 1121 888 1160 universis.
915 1122 998 1160 Hic
1019 1135 1083 1161 me
1104 1136 1217 1161 meus
1239 1123 1281 1162 in
1303 1125 1594 1178 rempublicam
1617 1131 1703 1168 ani-

289 1201 379 1226 mus
400 1188 588 1241 pristinus
610 1201 654 1226 ac
675 1189 858 1242 perennis
881 1202 975 1226 cum
1005 1189 1054 1227 C.
1080 1189 1228 1228 Caesare
1254 1190 1423 1237 reducit,
1456 1195 1702 1241 reconciliat,

289 1255 459 1294 restituit
480 1256 521 1293 in
542 1256 725 1309 gratiam.
751 1255 874 1309 Qod
894 1255 1028 1294 volent
1049 1255 1221 1310 denique
1242 1256 1426 1298 homines
1447 1261 1701 1310 existiment;

289 1322 440 1361 nemini
461 1336 535 1375 ego
556 1322 711 1375 poffum
731 1322 805 1361 effe
827 1322 926 1360 bene
947 1322 994 1360 de
1016 1323 1222 1376 republica
1242 1326 1411 1364 merenti
1433 1340 1511 1366 non
1534 1330 1702 1369 amicus.

343 1390 396 1428 X.
432 1390 610 1435 Etenim,
629 1390 655 1428 si
678 1390 740 1436 iis,
760 1389 831 1444 qui
851 1388 936 1429 haec
957 1390 1093 1429 omnia
1114 1390 1273 1430 flamma
1293 1407 1337 1431 ac
1358 1393 1462 1433 ferro
1485 1395 1613 1435 delere
1629 1412 1700 1436 vo-

286 1455 461 1502 luerunt,
493 1456 826 1508 noninimicitias
848 1456 992 1502 solum,
1016 1456 1080 1495 sed
1100 1458 1222 1496 etiam
1244 1459 1412 1505 bellum,
1437 1461 1563 1500 indixi
1585 1473 1704 1517 atque

286 1522 423 1568 intuli,
455 1537 550 1562 cum
571 1523 718 1576 partim
738 1521 841 1562 mihi
862 1523 1027 1562 illorum
1049 1523 1280 1571 familiares,
1312 1527 1457 1578 partim
1479 1529 1614 1575 etiam,
1637 1544 1701 1569 me

285 1588 537 1636 defendente,
569 1590 711 1643 capitis
734 1589 899 1642 judiciis
926 1588 1046 1628 effent
1067 1589 1223 1629 liberati
1240 1610 1252 1636 3
1284 1605 1357 1630 cur
1376 1593 1511 1632 eadem
1533 1595 1699 1649 respub-

286 1655 387 1704 lica,
421 1671 508 1710 quae
536 1671 601 1696 me
628 1657 670 1694 in
691 1657 840 1696 amicos
872 1656 1118 1696 inflammare
1145 1659 1304 1711 potuit,
1337 1660 1514 1700 inimicis
1546 1663 1701 1716 placare

283 1737 365 1762 non
385 1724 501 1778 poffit
521 1725 533 1762 ?
567 1723 690 1776 Qod
710 1722 813 1762 mihi
833 1723 974 1761 odium
995 1737 1089 1761 cum
1112 1724 1157 1763 P.
1183 1725 1330 1764 Clodio
1350 1725 1429 1765 fuit
1444 1757 1454 1773 ‚
1487 1728 1556 1768 nifi
1590 1731 1700 1784 quod

282 1791 549 1844 perniciosum
566 1790 700 1843 patriae
716 1791 845 1828 civem
861 1783 946 1828 fore
962 1790 1167 1843 putabam,
1186 1793 1271 1846 qui,
1291 1794 1510 1847 turpiffima
1530 1795 1699 1837 libidine

280 1857 478 1904 incensus,
511 1857 606 1896 duas
628 1870 686 1896 res
709 1856 974 1903 sanfflffimas‚
1008 1858 1244 1911 religionem
1264 1869 1303 1898 et
1330 1860 1584 1913 pudicitiam,
1618 1878 1699 1904 uno

282 1924 426 1965 scelere
445 1924 621 1964 violaffet
641 1925 653 1963 ?
686 1925 803 1964 Num
822 1924 877 1964 est
898 1924 1022 1978 igitur
1042 1926 1214 1965 dubium
1234 1941 1282 1966 ex
1304 1926 1352 1966 iis
1381 1928 1513 1976 rebus,
1545 1945 1642 1984 quas
1664 1932 1697 1971 is

281 1993 380 2047 egit,
403 1993 565 2047 agitque
585 1991 782 2046 quotidie,
814 1992 915 2045 quin
935 2006 1023 2045 ego,
1056 1992 1097 2031 in
1118 1993 1190 2032 illo
1211 1996 1496 2048 oppugnando,
1530 1999 1695 2051 reipub-

281 2060 367 2100 licae
400 2060 517 2114 plus,
549 2073 671 2115 quam
703 2059 787 2098 otio
818 2073 936 2105 me0;
970 2060 1156 2098 nonnulli
1188 2060 1228 2099 in
1250 2062 1390 2102 eodem
1417 2062 1692 2112 defendendo,

281 2127 350 2166 suo
370 2128 460 2180 plus
482 2127 580 2174 otio,
612 2140 734 2181 quam
754 2126 977 2172 communi,
1009 2127 1312 2181 prospexerint?

337 2195 427 2247 Ego
454 2209 518 2233 me
545 2208 566 2232 a
594 2195 644 2232 C.
669 2193 818 2232 Caesare
841 2194 882 2231 in
904 2194 1109 2247 republica
1129 2195 1330 2235 diffenfiffe
1352 2195 1502 2244 fateor,
1535 2208 1574 2237 et
1605 2199 1691 2238 sen-

281 2260 361 2299 fiffe
381 2260 615 2299 vobiscum:
650 2259 713 2298 sed
741 2273 847 2298 nunc
875 2260 1015 2299 iisdem
1044 2262 1156 2301 vobis
1184 2262 1390 2309 assentior,
1423 2279 1516 2303 cum
1544 2265 1691 2319 quibus

278 2337 391 2366 antea
410 2327 639 2366 sentiebam.
674 2328 755 2366 Vos
777 2328 899 2377 enim,
932 2329 979 2366 ad
1000 2343 1099 2382 quos
1122 2330 1252 2369 literas
1275 2332 1325 2369 L.
1350 2331 1439 2370 Piso
1460 2332 1507 2370 de
1528 2333 1604 2371 suis
1627 2347 1689 2371 re-

280 2394 354 2433 bus
376 2407 454 2432 non
475 2393 592 2432 audet
613 2394 785 2440 mittere,
818 2395 888 2448 qui
907 2396 1071 2434 Gabinii
1092 2397 1222 2435 literas
1244 2397 1386 2450 insigni
1407 2398 1576 2451 quadam
1598 2409 1691 2437 nota

277 2470 396 2516 atque
422 2461 642 2515 ignominia
672 2473 773 2501 nova
801 2462 1103 2510 condemnastis,
1138 2465 1187 2503 C.
1213 2464 1353 2503 Caesari
1384 2464 1690 2519 supplicationes

1299 2531 1329 2568 P
1360 2543 1383 2571 2
