2076 2860
473 208 553 258 480
805 204 1532 244 ORATIONUM

529 311 711 362 Qatuor
730 308 896 346 omnino
925 320 1065 360 genera
1095 306 1198 353 sunt,
1230 307 1407 359 Judices„
1440 308 1481 346 in
1503 307 1648 361 quibus
1671 320 1739 361 per
1760 308 1866 348 sena=

472 384 573 421 tum,
606 389 715 414 more
735 375 947 426 majorum,
980 373 1169 412 statuatur
1188 374 1339 426 aliquid
1361 374 1408 412 de
1429 374 1599 427 legibus.
1645 376 1786 414 Unum
1816 375 1870 415 est

470 441 676 494 ejusmodi,
709 440 862 493 placere
882 439 1012 492 legem
1033 440 1239 492 abrogari:
1273 450 1317 478 ut
1351 441 1608 492 QCaecilio,
1641 442 1704 480 M.
1729 442 1867 493 Junio‚

470 507 720 552 consulibus,
753 521 839 560 quae
874 506 978 558 leges
1015 520 1098 544 rem
1133 507 1347 544 militarem
1379 506 1640 560 impedirent,
1672 516 1717 546 ut
1751 508 1867 547 abro-

466 583 666 628 garentur.

524 641 725 686 Alterum,
756 654 842 693 quae
863 640 927 678 lex
947 639 1025 678 lata
1044 639 1116 677 effe
1137 639 1303 684 dicatur,
1336 653 1378 677 ea
1411 653 1490 678 non
1522 638 1645 678 videri
1672 641 1869 693 populum

469 708 616 746 teneri:
641 716 686 745 ut
706 707 755 745 L.
773 706 943 751 Marcio,
963 706 1051 744 Sex.
1068 705 1193 757 julio,
1212 705 1457 751 consulibus,
1477 705 1524 743 de
1544 706 1700 758 legibus
1722 707 1864 746 Liviis.

524 773 712 811 Tertium
732 771 786 810 est
801 771 854 809 de
873 771 1010 824 legum
1031 771 1368 824 abrogationibus.
1414 772 1508 823 Qo
1534 771 1583 809 de
1611 784 1752 824 genere
1773 785 1864 825 per-

467 839 565 892 saepe
586 838 943 878 senatus-consulta
963 837 1079 883 fiunt,
1112 847 1156 876 ut
1188 852 1312 891 nuper
1340 837 1386 876 de
1414 837 1495 891 ipsa
1519 838 1606 891 lege
1634 838 1864 891 Calpurnia,

467 919 554 958 quae
575 905 839 958 derogaretur.

523 972 569 1009 P.
594 971 806 1010 Africanus
839 970 908 1008 ille
939 969 1129 1023 superior,
1161 978 1206 1008 ut
1227 969 1404 1016 dicitun*
1420 983 1501 1008 non
1522 969 1650 1009 solum
1671 983 1693 1008 a
1711 969 1872 1023 sapien-0*

465 1036 621 1076 tiffirnis
655 1036 904 1082 hominibu5‚
936 1036 1009 1089 qui
1042 1045 1130 1074 tum
1162 1045 1291 1082 erant,
1323 1050 1461 1074 verum
1493 1036 1613 1075 etiam
1644 1051 1665 1075 a
1696 1036 1733 1075 se
1764 1036 1863 1090 ipso,

466 1104 563 1156 saepe
583 1104 782 1142 accusatus
803 1102 871 1147 est,
902 1102 1025 1155 quod,
1057 1116 1150 1140 cum
1176 1102 1312 1140 consul
1340 1102 1431 1140 effet
1458 1115 1553 1140 cum
1585 1103 1682 1141 Tib.
1707 1103 1864 1155 Longo,

466 1169 591 1222 paffus
612 1170 703 1208 effet
725 1179 812 1207 tum
832 1168 1011 1220 primum
1031 1181 1051 1205 a
1071 1168 1252 1219 populari
1274 1167 1446 1206 consessu
1468 1167 1659 1206 senatoria
1685 1167 1866 1207 subsellia

465 1235 644 1288 separari.

888 1374 1096 1413 C1RCA
1150 1387 1431 1414 MEDIUM.

463 1499 542 1550 Qo
570 1498 639 1536 loco
667 1504 854 1542 numerat,
885 1508 964 1534 cum
992 1495 1048 1535 lex
1061 1497 1236 1550 stratur,
1268 1506 1352 1551 quot
1387 1498 1463 1537 loca
1490 1495 1735 1548 intercqfflom‘s
1748 1497 1860 1550 fimt,

1022 1564 1130 1616 jubet
1159 1563 1285 1603 dicere.

519 1640 588 1679 Est
608 1641 827 1693 utiquejus
853 1640 1025 1686 vetandi,
1057 1654 1152 1679 cum
1183 1654 1227 1679 ea
1257 1639 1417 1685 feratur,
1450 1638 1639 1693 quamdiu
1670 1639 1743 1692 qui
1775 1638 1860 1678 suf-

462 1707 578 1760 fragii
609 1707 765 1745 ferundi
799 1707 911 1746 causa
940 1707 1205 1753 conveniunt,
1237 1706 1318 1745 huc
1350 1716 1388 1745 et
1415 1707 1513 1745 illuc
1541 1705 1859 1745 transferuntur:

461 1773 558 1810 dum
579 1773 722 1825 privati
743 1772 882 1810 dicunt
901 1787 909 1811 :
943 1773 1041 1811 dum
1063 1772 1215 1811 tabellae
1236 1772 1458 1811 diribentur
1476 1787 1485 1811 2
1519 1772 1615 1810 dum
1645 1771 1768 1810 sitella
1788 1771 1856 1809 de-

461 1838 587 1877 fertur
605 1855 614 1876 :
648 1838 744 1876 dum
765 1848 969 1890 aequantur
989 1839 1107 1878 sortes
1127 1855 1136 1879 ε
1170 1839 1267 1878 dum
1288 1839 1441 1878 sortitio
1461 1839 1531 1878 fit:
1565 1848 1603 1877 et
1625 1838 1650 1876 fi
1672 1851 1750 1892 qua
1769 1837 1859 1876 sunt

460 1903 580 1957 hujus
602 1904 754 1956 generis
776 1904 862 1943 alia.

937 2045 1152 2083 PAULO
1205 2055 1374 2081 POST.

516 2166 658 2204 Unum
689 2174 834 2210 tamen,
867 2165 973 2219 quod
1005 2164 1082 2204 hoc
1115 2163 1198 2216 ipso
1232 2163 1417 2202 Tribuno
1449 2162 1576 2216 plebis
1609 2162 1758 2201 factum
1785 2163 1853 2209 est,

458 2232 841 2286 praetermittendum
874 2246 953 2270 non
985 2231 1154 2270 videtur.
1199 2231 1343 2283 Neque
1371 2230 1477 2268 enim
1507 2231 1632 2283 majus
1654 2229 1707 2267 est
1728 2229 1854 2282 legere

458 2299 653 2344 codicem,
685 2312 779 2336 cum
802 2298 1078 2342 intercedatur,
1101 2311 1220 2349 quam
1242 2296 1406 2334 fitellam
1428 2296 1550 2349 ipsam
1572 2310 1664 2334 cum
1686 2296 1769 2349 ipso
1789 2296 1853 2333 in-

458 2365 660 2405 terceffore
681 2364 855 2411 deferre3
889 2378 959 2402 nec
981 2365 1151 2416 gravius,
1184 2363 1356 2415 incipere
1377 2362 1491 2408 ferre,
1515 2377 1633 2416 quam
1656 2360 1850 2415 perferre3

456 2445 529 2470 nec
555 2431 843 2477 vehementius,
876 2430 1074 2469 ostendere
1100 2430 1136 2468 se
1168 2429 1341 2467 laturum
1374 2429 1500 2468 invito
1533 2429 1697 2481 collega,
1730 2440 1849 2479 quam

456 2499 527 2552 ipfi
549 2499 710 2552 collegae
731 2498 1001 2552 magistratum
1022 2497 1233 2550 derogare;
1266 2510 1337 2536 nec
1363 2496 1625 2540 criminosius,
1658 2493 1783 2531 tribus
1806 2493 1851 2531 ad
