2076 2860
644 206 720 245 IN
781 206 831 244 L.
892 203 1250 244 PISONEM.
1575 219 1647 257 159

302 298 355 338 X.
389 298 501 350 Qid
521 312 595 351 ego
615 299 779 337 illorum
800 298 956 338 dierum
976 298 1126 351 epulas,
1145 299 1242 351 quid
1263 298 1443 338 laetitiam
1459 309 1498 338 et
1513 308 1648 352 gratu-

247 363 436 403 lationem
459 374 582 410 tuam,
615 365 713 418 quid
733 379 828 403 cum
849 365 928 403 tuis
950 364 1218 404 sordidiffimis
1240 366 1427 419 gregibus
1449 366 1647 419 intempe-

247 429 477 468 rantiffimas
510 431 802 483 perpotationes
819 460 829 475 ,
862 429 1074 482 praedicem
1093 432 1106 468 ?
1140 432 1242 482 Qis
1265 440 1303 470 te
1324 431 1404 470 illis
1426 431 1564 470 diebus
1587 431 1647 470 so-

246 496 393 542 brium,
426 497 516 550 quis
544 506 726 549 agentem
753 496 920 550 aliquid,
952 497 1060 550 quod
1084 497 1175 536 effet
1197 497 1323 536 libero
1343 498 1526 551 dignum,
1559 499 1647 552 quis

247 562 419 616 denique
451 564 492 602 in
525 564 715 617 publico,
748 564 877 602 vidit?
909 577 1005 602 cum
1032 564 1193 617 collegae
1222 566 1281 603 tui
1308 565 1450 604 domus
1471 575 1591 604 cantu
1611 576 1650 604 et

247 630 440 682 cymbalis
469 631 716 684 personaret,
748 645 922 684 cumque
948 631 1028 684 ipse
1049 631 1178 670 nudus
1200 633 1241 670 in
1263 633 1447 671 convivio
1467 633 1620 672 saltaret
1639 648 1647 672 :

246 696 287 733 in
310 710 390 748 quo
412 709 460 734 ne
481 705 569 735 tum
590 697 754 750 quidem
769 726 780 742 ,
813 711 907 734 cum
934 697 1052 735 illum
1080 697 1195 735 suum
1223 697 1466 736 saltatorium
1488 699 1652 737 versaret

245 761 400 807 orbem,
418 761 588 801 fortunae
605 772 732 801 rotam
748 763 1063 815 pertimescebat.
1083 763 1167 801 Hic
1183 772 1330 808 autern,
1348 777 1428 801 non
1450 773 1531 802 tam
1552 778 1650 802 con-

247 828 389 865 cinnus
410 827 562 873 helluo,
586 842 657 866 nec
678 837 760 866 tam
782 828 969 873 muficus,
986 828 1143 880 jacebat
1164 828 1205 865 in
1227 828 1295 866 suo
1317 829 1551 867 Graecorum
1572 829 1650 868 foe-

249 903 348 940 tore,
370 904 488 948 atque
509 896 616 934 vino.
638 894 759 947 Qod
780 894 943 947 quidem
965 894 1090 940 istius,
1113 895 1155 933 in
1177 894 1258 933 illis
1281 896 1509 949 reipublicae
1531 897 1651 936 lucti-

249 960 338 1006 bus,
369 961 475 1014 quasi
508 961 670 1014 aliquod
702 960 966 1013 Lapitharum
997 970 1065 998 aut
1098 961 1390 1000 Centaurorum
1420 963 1650 1002 convivium

246 1025 445 1065 ferebatur
463 1042 471 1066 :
504 1027 545 1065 in
567 1041 647 1080 quo
668 1041 786 1066 nemo
806 1027 932 1080 potest
953 1026 1096 1072 dicere,
1129 1036 1265 1066 utrum
1287 1028 1355 1066 iste
1376 1029 1464 1082 plus
1488 1029 1647 1075 biberit,

246 1106 294 1131 an
315 1093 527 1140 vomuerit,
559 1108 606 1131 an
628 1093 826 1133 effuderit.

304 1160 371 1198 Tu
403 1160 524 1198 etiam
556 1161 803 1199 mentionem
836 1159 955 1200 facies
989 1161 1213 1200 consulatus
1248 1162 1338 1200 tui?
1371 1174 1437 1202 aut
1470 1173 1507 1202 te
1539 1163 1651 1203 fuiffe

248 1225 387 1265 Romae
403 1227 607 1265 consulem
624 1228 753 1267 dicere
768 1227 929 1266 audebis
947 1229 959 1266 ?
979 1229 1090 1281 Qid
1108 1230 1120 1266 ?
1140 1239 1182 1267 tu
1199 1229 1239 1267 in
1257 1230 1479 1276 lictoribus,
1498 1231 1538 1269 in
1562 1240 1651 1284 toga

248 1302 287 1330 et
319 1302 531 1346 praetexta,
563 1294 636 1332 effe
663 1294 913 1333 consulatum
934 1304 1047 1348 putas
1067 1296 1079 1333 ?
1113 1310 1198 1348 quae
1220 1307 1449 1335 ornamenta
1469 1298 1588 1336 etiam
1610 1299 1650 1336 in

249 1360 338 1398 Sex.
364 1359 523 1406 Clodio,
548 1369 585 1398 te
607 1360 780 1406 consule,
813 1361 885 1399 effe
906 1361 1078 1400 voluisti.
1112 1363 1248 1414 Hujus
1271 1373 1313 1400 tu
1336 1363 1522 1401 Clodiani
1544 1365 1650 1402 canis

248 1425 468 1477 infignibus
498 1426 748 1465 consulatum
778 1427 964 1465 declarari
994 1429 1140 1481 putas?
1174 1429 1325 1467 Animo
1355 1430 1557 1470 consulem
1578 1431 1651 1468 effe

246 1500 418 1543 oportet,
450 1491 628 1537 confilio,
651 1491 742 1538 fide,
765 1493 970 1545 gravitate,
993 1493 1212 1545 vigilantia,
1235 1508 1349 1539 cura;
1375 1504 1459 1533 toto
1480 1495 1650 1548 denique

246 1570 410 1595 munere
425 1557 650 1595 consulatus
667 1559 777 1596 omni
795 1559 928 1596 officio
945 1558 1107 1603 tuendo,
1126 1560 1392 1611 maximeque,
1412 1560 1451 1597 id
1468 1560 1575 1612 quod
1591 1561 1649 1598 vis

248 1623 421 1660 nominis
443 1622 674 1675 praescribit,
706 1624 934 1675 reipublicae
956 1624 1211 1662 consulendo.
1245 1626 1333 1676 Ego
1354 1626 1556 1663 consulem
1578 1626 1650 1664 effe

249 1697 386 1739 putem
402 1718 412 1733 ‚
445 1688 514 1740 qui
536 1688 712 1726 senatum
733 1689 805 1726 effe
826 1689 866 1726 in
890 1689 1092 1741 republica
1113 1703 1191 1727 non
1214 1691 1367 1742 putavit
1386 1692 1399 1728 ?
1431 1701 1469 1729 et
1500 1691 1578 1729 fine
1604 1706 1650 1729 eo

249 1755 412 1792 confilio
432 1755 636 1793 consulem
658 1769 863 1793 numerem
878 1785 888 1800 ‚
922 1756 1000 1793 fine
1025 1769 1104 1808 quo
1126 1757 1266 1794 Romae
1288 1771 1335 1794 ne
1356 1771 1463 1809 reges
1486 1758 1649 1810 quidem

248 1821 320 1859 esse
337 1823 579 1874 potuerunt?
598 1822 761 1860 Etenim
780 1822 943 1874 illajam
963 1822 1131 1861 omitto:
1151 1836 1245 1861 cum
1262 1823 1461 1862 servorum
1478 1825 1649 1863 delectus

249 1886 458 1927 haberetur
478 1888 519 1925 in
548 1887 662 1934 foro,
694 1902 801 1927 arma
830 1889 870 1926 in
903 1889 1101 1941 templum
1133 1889 1302 1928 Castoris
1334 1891 1422 1928 luce
1452 1901 1490 1929 et
1520 1892 1649 1944 palam

249 1963 615 2006 comportarentur;
636 1954 674 1993 id
692 1965 823 1993 autem
841 1955 1053 2007 templum,
1073 1955 1226 1994 sublato
1243 1956 1366 2001 aditu,
1385 1957 1542 1995 revulfis
1559 1972 1648 2010 gra-

249 2019 380 2065 dibus,
404 2033 423 2057 a
444 2021 741 2072 conjuratorum
763 2020 957 2072 reliquiis,
980 2030 1096 2073 atque
1113 2034 1134 2058 a
1155 2022 1337 2060 Catilinae
1359 2024 1652 2075 praevaricatore

249 2085 465 2138 quondam,
499 2096 586 2125 tum
616 2087 758 2132 ultore,
790 2087 907 2124 armis
930 2096 1153 2133 teneretur3
1187 2102 1280 2126 cum
1301 2090 1453 2141 equites
1476 2091 1650 2129 Romani

251 2152 528 2203 relegarentur,
546 2154 619 2191 viri
642 2153 736 2190 boni
758 2152 955 2204 lapidibus
973 2166 993 2191 e
1013 2152 1101 2191 foro
1122 2154 1376 2206 pellerentur,
1401 2155 1547 2194 senatui
1570 2171 1649 2195 non

250 2218 378 2257 solum
393 2219 529 2271 juvare
550 2219 854 2271 rempublicam,
873 2219 937 2257 sed
953 2233 1001 2258 ne
1016 2220 1152 2272 lugere
1172 2222 1350 2274 quidem,
1374 2223 1532 2268 liceret3
1556 2237 1649 2263 cum

251 2284 347 2322 civis
370 2285 417 2329 is,
435 2298 556 2336 quem
576 2283 643 2322 hic
664 2284 774 2330 ordo,
797 2284 1023 2325 assentiente
1044 2287 1172 2334 Italia,
1194 2288 1424 2341 cunctisque
1445 2290 1648 2341 gentibus,

250 2350 560 2389 conservatorem
581 2351 714 2403 patriae
728 2351 938 2404 judicarat,
962 2352 1075 2392 nullo
1089 2354 1260 2406 judicio,
1283 2355 1393 2393 nulla
1413 2355 1513 2408 lege,
1537 2357 1650 2395 nullo

251 2430 360 2457 more
375 2446 386 2462 ,
418 2417 574 2455 servitio
595 2427 712 2470 atque
732 2419 850 2456 armis
871 2419 1084 2472 pelleretur
1098 2450 1109 2465 ,
1141 2435 1221 2459 non
1243 2421 1373 2460 dicam
1394 2423 1543 2460 auxilio
1563 2423 1647 2461 ves-

252 2494 336 2529 tro,
368 2483 474 2537 quod
508 2497 594 2523 vere
626 2483 721 2522 licet
752 2485 906 2530 dicere,
939 2485 1002 2524 sed
1034 2495 1139 2527 certe
1170 2487 1351 2527 filentio:
1387 2498 1471 2527 tum
1510 2489 1648 2528 Romae
