2076 2860
631 156 1208 198 PHILIPPICA
1279 154 1399 193 VIII.
1640 166 1711 206 391

317 266 505 305 intereat:
537 263 588 302 sic
610 264 651 300 in
673 261 902 315 reipublicae
923 272 1101 312 corpore,
1123 266 1168 296 ut
1189 266 1321 296 totum
1341 256 1492 295 salvum
1513 255 1574 300 fit,
1598 255 1720 308 quid-

317 332 416 385 quid
436 330 491 369 est
511 328 741 383 pestiferum
761 336 1002 379 amputetur.

377 398 490 436 Dura
507 409 600 435 vox.
644 394 782 433 Multo
803 394 872 432 illa
892 393 1026 431 durior
1044 406 1053 430 :
1087 391 1189 429 Salvi
1214 390 1288 428 sint
1308 388 1498 441 improbi,
1531 387 1720 433 scelerati,

319 464 465 517 impii3
499 462 702 500 deleantur
733 461 988 504 innocentes,
1020 456 1196 501 honesti,
1228 456 1339 501 boni,
1372 464 1454 493 tota
1485 454 1720 507 respublica.

322 531 417 569 Uno
451 531 491 568 in
525 528 704 573 homine,
737 525 928 579 QFufi,
959 524 1085 563 fateor
1116 533 1154 561 te
1185 522 1319 561 vidiffe
1351 522 1456 574 plus,
1489 534 1609 573 quarn
1641 534 1720 558 me.

323 597 413 649 Ego
450 597 495 634 P.
524 595 716 633 Clodium
750 592 965 632 arbitrabar
1000 589 1266 644 perniciosum
1297 589 1443 634 civem,
1476 588 1722 632 sceleratum,

323 662 599 708 libidinosum,
622 662 810 714 impium,
832 659 1035 703 audacem,
1066 655 1358 700 facinorosum;
1391 665 1434 693 tu
1456 664 1593 692 contra
1612 654 1724 692 sanc-

324 739 429 774 tum,
462 738 764 781 temperantem,
796 727 1072 769 innocentem,
1104 722 1347 767 modestum,
1380 720 1633 758 retinendum
1664 721 1724 758 ci-

324 809 429 841 vem,
461 805 499 833 et
520 790 752 848 optandum.
797 794 843 831 In
865 791 942 830 hoc
964 804 1044 829 uno
1064 799 1102 828 te
1123 789 1345 842 plurimum
1366 786 1516 832 vidisse,
1548 787 1726 825 multum

326 875 390 900 me
422 860 570 906 erraffe,
603 858 792 898 concedo.
838 858 961 902 Nam,
993 855 1101 909 quod
1137 868 1201 892 me
1232 864 1366 892 tecum
1394 852 1584 890 iracunde
1616 865 1728 904 agere

325 926 459 965 dixisti
481 926 615 972 solere,
635 939 713 964 non
731 925 784 962 est
801 924 875 962 ita:
899 922 1153 961 vehementer
1167 934 1232 958 me
1252 933 1364 972 agere
1384 918 1523 964 fateor,
1542 918 1728 956 iracunde

327 1007 443 1045 nego.
488 992 671 1029 Omnino
691 991 802 1028 irasci
830 990 967 1027 amicis
989 1002 1068 1026 non
1092 997 1237 1026 temere
1258 986 1379 1031 soleo,
1411 999 1459 1023 ne
1480 986 1506 1024 s1
1528 994 1730 1023 merentur

327 1057 492 1112 quidem
511 1072 519 1095 :
554 1056 685 1109 itaque
715 1056 794 1093 fine
823 1054 1034 1092 verborum
1055 1052 1300 1091 contumelia
1318 1065 1340 1088 a
1361 1061 1398 1089 te
1419 1051 1617 1089 diffentire
1637 1049 1728 1103 pos-

328 1124 430 1169 sum,
449 1124 526 1162 fine
541 1123 665 1160 animi
687 1121 842 1160 summo
858 1120 993 1158 dolore
1010 1133 1089 1157 non
1106 1117 1274 1171 poffum.
1300 1117 1419 1154 Parva
1434 1117 1487 1154 est
1503 1117 1609 1154 enim
1627 1115 1730 1154 mihi

329 1201 479 1236 tecum,
501 1199 568 1227 aut
589 1203 705 1242 parva
723 1188 771 1226 de
792 1202 846 1233 re,
869 1186 1076 1225 diffenfio?
1108 1199 1182 1238 ego
1203 1184 1299 1222 huic
1320 1183 1506 1222 videlicet
1526 1182 1653 1227 faveo,
1686 1192 1729 1220 tu

331 1258 420 1295 illi?
444 1258 575 1295 Immo
591 1268 682 1293 vero
697 1268 771 1307 ego
788 1255 842 1292 D.
863 1254 986 1291 Bruto
1007 1251 1133 1296 faveo,
1157 1260 1201 1288 tu
1225 1251 1289 1288 M.
1309 1250 1512 1288 Antonio:
1537 1263 1610 1301 ego
1631 1263 1729 1286 con-

329 1323 471 1362 servari
490 1322 690 1361 coloniam
711 1319 851 1373 populi
873 1318 1047 1356 Romani
1068 1317 1202 1370 cupio,
1235 1325 1277 1353 tu
1298 1316 1518 1368 expugnari
1539 1315 1681 1353 studes.

389 1390 463 1427 VI.
487 1390 551 1427 An
574 1387 650 1426 hoc
673 1400 811 1439 negare
832 1394 958 1439 potes,
978 1384 1046 1436 qui
1068 1396 1206 1421 omnes
1227 1396 1356 1420 moras
1371 1382 1612 1434 interponis,
1637 1382 1730 1434 qui-

333 1456 407 1494 bus
428 1455 654 1494 infirmetur
674 1455 836 1497 Brutus,
869 1451 1010 1489 melior
1031 1450 1097 1488 fiat
1119 1449 1348 1487 Antonius?
1383 1448 1603 1501 Qousque
1622 1448 1730 1486 enim

332 1522 456 1567 dices,
474 1534 612 1574 pacem
628 1520 728 1558 velle
745 1520 806 1557 te?
831 1519 909 1556 Res
931 1517 1102 1569 geritur:
1128 1515 1331 1553 conduetae
1352 1516 1473 1552 vineae
1494 1514 1602 1551 sunt:
1626 1528 1731 1565 pug-

335 1597 451 1627 natur
471 1587 672 1625 acerrime.
706 1586 790 1637 Qi
811 1585 1132 1627 intercurrerent,
1155 1581 1333 1619 mislmus
1355 1590 1431 1618 tres
1452 1580 1651 1632 principes
1672 1580 1731 1616 ci·-

334 1654 483 1692 vitatis.
517 1653 605 1691 Hos
627 1651 878 1704 contempsit,
911 1650 1059 1702 rejecit,
1090 1647 1323 1701 repudiavit,
1348 1647 1574 1684 Antonius:
1608 1654 1651 1683 tu
1673 1655 1732 1682 ta-

336 1733 428 1759 men
459 1732 661 1772 permanes
683 1716 1012 1756 constantiffimus
1043 1713 1221 1752 defensor
1242 1713 1426 1751 Antonii.
1471 1713 1524 1749 Et
1554 1711 1731 1763 quidem,

336 1800 418 1840 quo
439 1786 580 1823 melior
601 1784 752 1822 senator
780 1783 972 1826 videatur,
1004 1789 1120 1833 negat
1151 1780 1186 1817 se
1216 1779 1277 1817 illi
1306 1779 1481 1816 amicum
1512 1778 1583 1816 esse
1613 1777 1733 1815 debe-

338 1865 406 1892 re:
437 1865 532 1890 cum
566 1851 632 1889 suo
665 1863 810 1902 magno
843 1848 1037 1887 beneficio
1069 1847 1182 1891 effet,
1215 1845 1356 1884 veniffe
1389 1858 1480 1882 eum
1513 1853 1650 1882 contra
1682 1843 1733 1882 se,

340 1917 443 1957 Vide
471 1925 617 1971 'quanta
645 1917 782 1954 caritas
813 1916 858 1953 sit
873 1914 1042 1968 patriae:
1067 1927 1171 1951 -cum
1191 1912 1348 1950 homini
1370 1911 1415 1949 fit
1437 1912 1571 1955 iratus,
1604 1919 1734 1947 tamen

339 1985 569 2038 reipublicae
587 1983 700 2022 causa
720 1981 897 2021 defendit
919 1981 1158 2019 Antonium.
1202 1980 1290 2032 Ego
1318 1987 1369 2023 te,
1402 1991 1494 2015 cum
1525 1977 1566 2014 in
1597 1976 1735 2014 Mafli-

341 2052 479 2091 lienses
514 2061 595 2090 tam
631 2051 676 2088 fis
709 2049 899 2093 acerbus,
937 2049 1004 2099 Q
1027 2046 1143 2092 Fufi,
1176 2059 1254 2084 non
1290 2046 1423 2083 animo
1457 2058 1570 2097 aequo
1603 2043 1733 2082 audio.

341 2117 559 2171 Qousque
573 2117 686 2154 enim
708 2113 920 2152 Masslliam
940 2112 1190 2166 oppugnabis
1210 2113 1223 2150 ?
1256 2125 1303 2149 ne
1325 2110 1552 2164 triumphus
1574 2109 1735 2163 quidem

343 2182 466 2222 finem
496 2181 591 2219 facit
623 2180 749 2218 belli?
782 2194 849 2232 per
878 2192 999 2231 quem
1028 2179 1105 2216 lata
1133 2177 1187 2216 est
1216 2178 1308 2215 urbs
1339 2190 1395 2222 ea,
1428 2177 1506 2214 fine
1533 2189 1610 2228 qua
1630 2188 1734 2212 nun—

343 2261 466 2301 quam
495 2261 543 2285 ex
573 2246 842 2298 Transalpinis
872 2245 1057 2298 gentibus
1088 2245 1253 2297 majores
1276 2243 1395 2281 nostri
1423 2240 1733 2294 triumpharunt.

344 2315 440 2365 Qo
471 2311 635 2366 quidem
668 2308 868 2364 tempore,
901 2310 1070 2364 populus
1103 2311 1308 2349 Romanus
1341 2309 1552 2360 ingemuit.
1596 2307 1735 2357 Qan-

345 2392 468 2432 quam
486 2378 595 2416 enim
616 2377 794 2429 proprios
821 2377 976 2415 dolores
1007 2376 1162 2414 suarum
1191 2388 1322 2413 rerum
1341 2386 1478 2412 omnes
1509 2372 1705 2410 habebant
1721 2389 1734 2415 5

349 2456 482 2486 tamen
501 2445 620 2499 hujus
641 2444 811 2483 civit-atis
832 2443 1060 2482 fideliffimae
1081 2442 1267 2488 miserias,
1295 2448 1518 2480 nemo-erat·
1531 2438 1642 2483 civis,
1665 2437 1735 2490 qui
