2076 2860
676 151 818 190 PRO
878 150 943 190 M.
1007 152 1270 192 CAELIO.
1628 171 1679 214 95

270 246 433 299 negligo
452 261 461 285 :
493 259 543 285 ne
564 245 638 284 fint
658 244 743 284 haec
765 245 805 283 in
829 254 866 284 te
888 245 1013 299 dicta,
1046 260 1133 299 quae
1155 246 1238 285 dixi
1259 262 1267 285 :
1302 247 1365 286 sed
1386 262 1434 287 ex
1456 258 1493 287 te
1515 251 1595 303 ipsa
1617 266 1678 290 re-

269 313 400 366 quiro,
433 311 625 365 quoniam
657 321 696 350 et
728 312 881 350 crimen
912 311 1154 350 accusatores
1186 313 1253 351 abs
1285 324 1337 360 te,
1370 324 1408 353 et
1436 316 1573 354 testem
1595 319 1679 370 ejus

268 379 449 417 criminis
466 388 504 417 te
520 378 659 431 ipsam,
678 378 819 416 dicunt
835 378 872 417 se
887 377 1051 425 habere5
1071 379 1098 417 fi
1115 393 1193 433 qua
1208 381 1353 419 mulier
1369 382 1415 420 fit
1430 381 1678 435 hujusmodi,

267 445 429 498 qualem
448 458 523 498 ego
543 445 662 499 paulo
683 455 773 483 ante
795 445 976 499 descripsi
992 475 1003 491 ,
1037 447 1095 485 tui
1117 447 1313 486 diffimilis
1330 478 1340 494 ‚
1372 450 1452 487 vita
1473 450 1678 489 instituto-

267 525 345 564 que
366 512 617 557 meretricio,
650 525 745 550 cum
774 511 848 550 hac
879 512 1032 566 aliquid
1061 513 1351 553 adolescentem
1375 514 1584 555 hominem
1606 517 1678 555 ha-

267 577 391 616 buiffe
412 578 591 624 rationis,
609 592 709 616 num
726 579 802 617 tibi
823 588 1009 632 perturpe
1029 588 1096 618 aut
1117 580 1430 633 perflagitiosum
1451 582 1523 620 efl‘e
1545 583 1678 621 videa-

266 647 361 684 tur?
394 647 453 684 Ea
473 647 500 685 fi
522 656 566 685 tu
588 661 668 685 non
690 660 745 692 es,
768 647 866 685 ficut
887 660 962 700 ego
982 647 1103 693 malo,
1136 648 1234 700 quid
1255 648 1322 693 est,
1355 650 1464 701 quod
1485 651 1679 703 objiciant

268 713 422 752 Caelio?
455 714 510 752 fin
532 728 619 752 eam
641 724 678 752 te
699 714 841 752 volunt
861 714 948 760 effe,
982 714 1080 768 quid
1110 714 1178 760 est,
1211 728 1282 753 cur
1311 729 1382 753 nos
1409 717 1560 754 crimen
1583 718 1676 764 hoc,

266 779 293 817 fi
315 788 360 818 tu
380 781 606 818 contemnis
623 810 634 825 ,
666 780 990 833 pertimescamus
1011 782 1023 818 ?
1057 782 1190 832 Qare
1218 781 1333 819 nobis
1360 781 1407 819 da
1427 783 1531 821 viam
1554 785 1677 822 ratio-

266 859 439 900 nemque
460 846 711 885 defenfionis.
736 847 845 885 Nam
865 856 932 885 aut
953 846 1082 900 pudor
1104 857 1195 886 tuus
1218 847 1419 894 defendet,
1443 849 1546 888 nihil
1568 864 1588 888 a
1610 851 1674 890 M.

266 913 393 952 Caelio
412 913 658 966 petulantius
679 913 752 951 effe
772 912 943 959 faetum5
963 923 1031 952 aut
1050 914 1302 967 impudentia
1322 925 1361 954 et
1381 914 1477 954 huic
1499 927 1537 955 et
1559 927 1678 956 caete-

265 980 317 1018 ris
338 994 524 1033 magnam
545 979 593 1018 ad
613 980 650 1018 se
672 979 968 1018 defendendum
988 980 1223 1020 facultatem
1245 982 1369 1021 dabit.

320 1046 438 1085 XXI.
473 1046 547 1084 Sed
563 1047 754 1099 quoniam
770 1046 960 1085 emerfiffe
971 1047 1056 1099 jam
1072 1061 1092 1085 e
1108 1047 1232 1094 vadis,
1250 1057 1289 1087 et
1309 1048 1491 1101 scopulos
1514 1059 1676 1102 praeter·

263 1114 384 1158 vecta,
403 1113 560 1151 videtur
579 1114 704 1152 oratio
725 1127 826 1159 mea,
843 1113 1044 1167 perfacilis
1065 1113 1169 1153 mihi
1191 1115 1367 1169 reliquus
1389 1116 1523 1155 cursus
1545 1117 1677 1156 osten-

264 1179 386 1218 ditur.
411 1181 506 1218 Duo
528 1180 618 1219 sunt
638 1182 748 1219 enim
764 1181 934 1219 crimina
954 1195 1031 1219 una
1051 1183 1092 1220 in
1113 1182 1282 1221 muliere
1303 1182 1553 1223 summorum
1573 1184 1674 1223 faci-

263 1259 410 1285 norum
428 1261 437 1285 :
461 1248 559 1292 auri,
583 1247 692 1300 quod
712 1248 918 1301 sumptum
939 1262 960 1286 a
976 1248 1120 1287 Clodia
1139 1248 1313 1295 dicitur;
1337 1258 1375 1288 et
1393 1251 1548 1295 veneni,
1567 1251 1676 1304 quod

262 1312 438 1366 ejusdem
469 1313 621 1352 Clodiae
653 1315 836 1353 necandae
869 1315 981 1354 causa
1012 1315 1155 1368 parasse
1188 1316 1361 1355 Caelium
1393 1317 1672 1357 criminantur.

263 1381 422 1419 Aurum
443 1380 621 1434 sumpfit,
654 1391 699 1419 ut
719 1381 868 1427 dicitis,
901 1382 1009 1435 quod
1031 1383 1080 1421 L.
1106 1383 1273 1421 Lucceii
1303 1383 1420 1421 servis
1451 1384 1573 1429 daret,
1605 1399 1676 1438 per

263 1461 362 1502 quos
384 1448 679 1487 Alexandrinus
702 1449 784 1488 Dio
799 1479 810 1495 ,
843 1450 914 1503 qui
945 1459 1032 1489 tum
1062 1449 1167 1503 apud
1197 1451 1420 1489 Lucceium
1441 1451 1646 1490 habitabat
1661 1482 1673 1497 ,

260 1524 481 1554 necaretur.
524 1516 726 1568 Magnum
756 1517 908 1555 crimen
938 1517 999 1554 vel
1030 1517 1070 1554 in
1101 1517 1239 1568 legatis
1261 1517 1515 1562 infidiandis,
1548 1519 1609 1556 vel
1632 1519 1674 1556 in

262 1581 378 1619 servis
399 1581 447 1618 ad
467 1580 668 1634 hospitem
684 1583 795 1620 domi
816 1583 1040 1621 necandum
1056 1583 1315 1621 sollicitandis
1334 1599 1341 1622 :
1366 1583 1533 1636 plenum
1549 1584 1672 1623 scele-

262 1646 315 1685 ris
337 1647 563 1692 confilium,
595 1647 761 1700 plenum
783 1648 966 1686 audaciae.

317 1714 412 1765 Qo
441 1713 605 1766 quidem
636 1714 677 1751 in
707 1713 876 1752 crimine
896 1714 1075 1767 primum
1097 1714 1199 1752 illud
1221 1715 1441 1767 requiram,
1475 1716 1672 1755 dixeritne

263 1779 429 1824 Clodiae,
453 1794 572 1832 quam
593 1779 639 1817 ad
661 1793 745 1818 rem
766 1793 906 1818 aurum
929 1789 1017 1818 tum
1038 1780 1223 1826 sumeret,
1246 1795 1294 1818 an
1316 1795 1396 1819 non
1419 1781 1566 1820 dixerit
1585 1784 1598 1821 ?
1632 1784 1670 1822 Si

261 1859 341 1883 non
363 1845 480 1891 dixit,
503 1859 574 1884 cur
595 1846 733 1884 dedit?
756 1846 783 1884 fi
805 1845 922 1892 dixit,
946 1846 1086 1885 eodem
1107 1847 1144 1885 se
1165 1846 1415 1886 conscientiae
1436 1848 1578 1887 scelere
1600 1849 1669 1887 de-

260 1912 404 1950 vinxit.
423 1913 542 1950 Tune
563 1927 704 1951 aurum
725 1926 773 1951 ex
793 1914 960 1952 armario
983 1924 1052 1951 tuo
1073 1927 1254 1966 promere
1275 1913 1362 1951 ausa
1383 1928 1421 1952 es
1439 1916 1451 1952 ?
1477 1924 1571 1953 tune
1588 1916 1669 1954 Ve-

260 1992 395 2017 nerem
417 1979 527 2017 illam
550 1989 659 2018 tuam
681 1979 949 2032 spoliatricem
970 1980 1134 2033 spoliare
1155 1982 1397 2019 ornamentis
1416 1982 1428 2019 ?
1453 1982 1667 2028 Caeterum‚

258 2058 353 2083 cum
375 2045 505 2091 scires,
529 2055 727 2099 quantum
747 2046 793 2083 ad
814 2045 968 2084 facinus
990 2060 1130 2085 aurum
1151 2046 1228 2084 hoc
1250 2057 1504 2100 quaereretur,
1527 2048 1573 2085 ad
1594 2063 1666 2086 ne-

259 2125 347 2150 cem
368 2112 510 2165 legati,
543 2113 589 2150 ad
611 2114 660 2150 L.
686 2113 875 2158 Lucceii,
907 2112 1132 2152 sanctiffimi
1153 2112 1330 2152 hominis
1352 2125 1470 2167 atque
1491 2115 1666 2168 integer-

260 2178 378 2224 rimi,
410 2179 541 2217 labem
562 2178 715 2216 sceleris
738 2178 966 2231 sempiterni
984 2199 995 2225 3
1028 2179 1124 2218 huic
1145 2179 1315 2218 facinori
1337 2191 1446 2218 tanto
1468 2191 1533 2219 tua
1554 2195 1666 2220 mens

259 2244 432 2283 liberalis
455 2245 634 2290 conscia,
669 2255 735 2283 tua
763 2245 906 2284 domus
936 2247 1137 2300 popularis
1170 2247 1371 2293 ministra,
1405 2258 1471 2286 tua
1496 2248 1669 2302 denique

258 2308 464 2361 hospitalis
486 2311 554 2348 illa
576 2311 711 2348 Venus
733 2311 920 2364 adjutrix,
944 2312 1016 2351 effe
1038 2327 1118 2351 non
1140 2313 1293 2351 debuit.

315 2376 429 2414 Vidit
450 2375 526 2414 hoc
544 2376 710 2416 Balbus:
735 2378 900 2416 celatam
917 2378 990 2417 effe
1012 2379 1198 2418 Clodiam
1219 2379 1336 2424 dixit,
1360 2388 1477 2432 atque
1498 2379 1552 2416 ita
1574 2379 1660 2417 Cae-

256 2441 360 2481 lium
380 2443 427 2480 ad
449 2442 559 2481 illam
579 2443 762 2490 attuliffe,
782 2444 817 2482 se
833 2445 881 2482 ad
901 2455 1086 2484 ornatum
1107 2444 1294 2484 ludorum
1315 2458 1455 2483 aurum
1477 2458 1662 2496 qusercre²
