2076 2860
645 174 1222 216 PHILIPPICA
1299 172 1395 210 VII.
1643 169 1718 222 383

322 286 463 337 Turpe
483 281 536 320 est
557 281 711 318 summo
733 278 896 316 consilio
917 277 1023 315 orbis
1042 285 1164 319 terrae,
1183 272 1397 326 praesertim
1419 273 1459 310 in
1478 285 1516 310 re
1534 280 1614 308 tam
1631 284 1719 323 per—

324 350 472 403 spicua,
495 346 704 384 confilium
727 344 898 395 intelligi
916 340 1091 380 defuisse.
1115 341 1194 378 Eos
1213 339 1390 378 consules
1412 337 1619 381 habemus,
1638 350 1724 374 eam

324 414 467 468 populi
500 412 672 451 Romani
705 410 961 453 alacritatem,
993 421 1085 445 eum
1117 405 1348 445 consensum
1383 404 1520 448 Italiae,
1552 416 1616 440 eos
1648 401 1723 440 du-

325 495 406 527 ces,
437 493 502 518 eos
524 478 735 521 exercitus,
769 486 812 514 ut
843 475 995 514 nullam
1025 473 1290 511 calamitatem
1311 469 1531 524 respublica
1550 469 1725 522 accipere

327 547 443 600 poffit
465 546 542 584 fine
562 544 679 597 culpa
701 543 867 581 senatus.
913 540 1112 593 Equidem
1144 552 1222 577 non
1245 538 1374 582 deero,
1405 536 1593 580 monebo,
1625 549 1724 587 prae-

328 614 475 657 dicam,
499 610 756 654 denuntiabo,
779 619 817 646 et
840 608 1005 646 testabor
1026 606 1176 658 semper
1197 605 1304 642 Deos
1326 602 1600 654 hominesque,
1630 600 1727 654 quid

329 679 522 718 sentiam:
557 691 628 715 nec
658 676 786 714 solum
817 675 936 713 fidem
963 686 1107 717 meam,
1139 669 1247 723 quod
1269 669 1421 707 fortasse
1441 668 1618 705 videatur
1639 667 1727 705 satis

329 745 418 790 effe,
451 743 574 782 sedin
598 743 776 795 principe
798 742 875 778 civi
906 753 984 778 non
1010 738 1063 776 est
1093 737 1196 780 satis,
1229 749 1379 779 curam,
1411 734 1635 778 confilium,
1666 733 1727 770 vi-

330 811 634 865 gilantiamque,
666 807 866 861 praestabo.

389 878 489 915 Dixi
523 876 571 913 de
606 874 810 928 periculo:
849 871 1014 915 docebo,
1046 883 1094 908 ne
1129 867 1395 920 coagmentari
1430 866 1591 919 quidem
1628 865 1730 918 posse

331 958 470 997 pacem
489 958 498 981 ε
531 942 578 980 de
600 942 725 979 tribus
747 941 869 984 enim,
902 952 988 991 quae
1009 936 1208 989 proposui,
1240 934 1318 973 hoc
1339 944 1562 972 extremum
1584 933 1651 970 est.

391 1010 508 1048 VIII.
533 1009 633 1060 Qae
650 1006 775 1059 potest
791 1005 862 1044 effe
878 1018 953 1058 pax
975 1004 1038 1042 M.
1059 1002 1238 1040 Antonio
1258 1001 1436 1054 primum
1458 1013 1551 1037 cum
1573 999 1730 1036 senatu?

332 1089 414 1129 quo
434 1089 500 1114 ore
521 1074 589 1112 ille
610 1087 677 1111 vos
700 1072 860 1125 poterit,
891 1070 1038 1124 quibus
1069 1069 1234 1107 vicifiim
1265 1081 1333 1105 vos
1355 1066 1472 1104 illum
1494 1066 1635 1110 oculis,
1668 1066 1732 1103 in-

335 1143 461 1193 tueri?
486 1142 573 1195 quis
591 1140 760 1179 vestrum
778 1139 909 1183 illum,
928 1151 1048 1190 quem
1064 1136 1132 1174 ille
1149 1134 1333 1179 vestrum,
1352 1147 1430 1171 non
1452 1132 1606 1170 oderit?
1630 1133 1732 1184 Age,

335 1223 405 1247 vos
426 1208 495 1246 ille
517 1207 658 1250 solum,
682 1216 720 1242 et
741 1219 807 1242 vos
830 1205 977 1241 illum?
1010 1202 1136 1255 quid?
1169 1202 1211 1246 ii,
1239 1200 1309 1253 qui
1331 1200 1536 1237 Mutinam
1558 1199 1732 1236 circum-

338 1274 487 1318 sedent,
519 1272 588 1325 qui
618 1272 659 1309 in
691 1270 824 1308 Gallia
850 1269 1020 1306 delectus
1042 1266 1204 1311 habent,
1238 1267 1307 1318 qui
1328 1266 1369 1303 in
1391 1264 1536 1302 nostras
1558 1264 1735 1302 fortunas

338 1340 569 1383 imminent,
593 1338 711 1375 amici
734 1349 910 1388 unquam
933 1334 1046 1371 nobis
1068 1341 1197 1377 erunt,
1221 1341 1286 1369 aut
1309 1345 1378 1369 nos
1401 1331 1479 1368 illis
1499 1333 1510 1368 ?
1534 1332 1599 1368 An
1621 1332 1734 1383 equi-

339 1416 397 1445 tes
420 1407 623 1444 Romanos
645 1401 934 1455 amplectetur?
966 1399 1123 1437 occulta
1152 1399 1259 1435 enim
1289 1396 1367 1435 fuit
1397 1411 1534 1434 eorum
1555 1397 1735 1434 voluntas

333 1472 619 1527 judiciumque
645 1469 692 1508 de
713 1470 777 1507 M.
802 1466 1008 1505 Antonio:
1041 1466 1111 1518 qui
1143 1464 1446 1517 frequentissimi
1478 1464 1519 1501 in
1551 1463 1737 1515 gradibus

343 1537 578 1576 Concordiae
600 1535 786 1572 steterunt
803 1553 815 1578 ;
848 1533 917 1586 qui
942 1545 1009 1569 vos
1031 1531 1078 1568 ad
1098 1530 1323 1568 libertatem
1343 1528 1646 1581 recuperandam
1666 1542 1737 1566 ex-

342 1604 583 1647 citaverunt;
617 1614 741 1645 arma,
774 1599 878 1651 saga,
913 1598 1064 1635 bellum
1099 1596 1401 1648 flagitaverunt,
1439 1608 1502 1631 me
1537 1607 1613 1631 una
1646 1607 1738 1631 cuin

344 1669 494 1723 populo
517 1669 699 1706 Romano
719 1668 760 1705 in
782 1666 1014 1704 concionem
1037 1672 1287 1701 vocaverunt.
1335 1662 1394 1699 Hi
1426 1660 1651 1698 Antonium
1677 1660 1738 1697 di-

346 1737 473 1789 ligent
493 1736 505 1772 ?
538 1748 632 1772 cum
651 1733 715 1772 his
741 1746 878 1786 pacem
899 1731 1065 1769 servabit
1087 1730 1287 1767 Antonius
1307 1730 1320 1766 ?
1354 1728 1461 1766 Nam
1483 1727 1580 1779 quid
1600 1740 1674 1779 ego
1694 1726 1740 1764 de

348 1800 527 1840 universo
548 1800 698 1853 populo
720 1800 902 1836 Romano
920 1797 1082 1835 dicam?
1112 1796 1185 1848 qui
1206 1795 1325 1848 pleno
1346 1808 1388 1832 ac
1409 1792 1553 1831 referto
1574 1792 1660 1831 foro
1683 1793 1741 1830 bis

348 1882 412 1906 me
445 1881 522 1905 una
553 1875 685 1904 mente
717 1875 832 1918 atque
864 1878 960 1902 voce
991 1863 1032 1901 in
1054 1863 1290 1900 concionem
1311 1860 1479 1904 vocavit,
1512 1859 1742 1897 declaravit-

349 1948 427 1987 que
448 1934 664 1972 maximam
690 1931 884 1970 libertatis
912 1928 1183 1982 recuperandae
1213 1927 1486 1980 cupiditatem.
1533 1926 1605 1970 Ita,
1637 1925 1743 1978 quod

335 2010 430 2046 ⁵erat
457 1998 630 2053 optabile
654 2007 779 2042 antea,
812 2006 855 2034 ut
882 1996 1078 2049 populum
1105 1995 1335 2034 Romanum
1363 1992 1554 2030 comitem
1580 1991 1743 2030 habere-

349 2079 455 2111 mus,
486 2078 593 2103 nunc
623 2063 813 2102 habemus
842 2062 999 2099 ducem.
1043 2061 1143 2112 Qae
1163 2060 1217 2098 est
1243 2060 1366 2112 igitur
1387 2058 1485 2111 spes,
1518 2059 1587 2111 qui
1609 2057 1743 2095 Muti-

354 2145 445 2169 nam
479 2130 781 2174 circumsedent,
813 2129 1090 2180 imperatorem
1120 2126 1261 2179 populi
1296 2126 1469 2165 Romani
1504 2125 1744 2162 exercitum·

352 2211 432 2249 que
459 2204 707 2249 oppugnant,
740 2195 786 2232 iis
820 2208 955 2246 pacem
986 2207 1078 2232 cum
1110 2192 1260 2246 populo
1293 2193 1476 2230 Romano
1507 2191 1579 2228 effe
1611 2190 1744 2242 poss‘e?

356 2264 422 2300 An
444 2275 536 2300 cum
558 2261 788 2313 municipiis
809 2273 883 2312 pax
903 2260 992 2305 erit,
1024 2272 1195 2312 quorum
1223 2267 1329 2296 tanta
1355 2256 1479 2295 studia
1499 2256 1745 2308 cognoscun-

359 2338 422 2367 tur
444 2330 483 2366 in
506 2328 671 2365 decretis
699 2326 903 2379 faciendis,
935 2326 1133 2365 militibus
1161 2325 1313 2370 dandis,
1346 2324 1524 2377 pecuniis
1552 2322 1746 2374 pollicen-

358 2395 433 2439 dis,
466 2404 510 2432 ut
537 2395 578 2432 in
609 2392 770 2446 singulis
800 2392 956 2447 oppidis
986 2392 1136 2430 curiam
1166 2390 1306 2445 populi
1338 2389 1510 2429 Romani
1541 2402 1618 2427 non
1649 2386 1746 2425 desi-

357 2461 499 2499 deretis
521 2461 533 2497 Ρ
