2076 2860
708 156 847 197 ΡΜ)
909 152 973 191 M.
1035 142 1292 187 CAELIO.
1658 150 1704 186 91

297 267 530 323 rffzrcietztr,
563 258 678 300 Caelii
700 254 812 295 causa
843 251 897 291 est
917 245 1220 302 expeditiffima.
1268 238 1380 293 Qid
1401 238 1510 276 enim
1531 234 1636 278 effet,
1670 232 1711 270 in

299 353 380 395 quo
401 338 438 376 se
472 347 554 373 non
575 329 692 370 facile
725 321 982 365 defenderet?
1017 315 1137 358 Nihil
1168 316 1252 367 jam
1286 312 1326 350 in
1359 308 1470 348 istam
1502 304 1713 345 mulierem

300 407 419 445 dico:
454 401 532 447 sed,
556 400 582 438 fi
599 396 691 436 esset
711 394 844 446 aliqua
864 386 1061 428 diffimilis
1084 383 1209 427 istius,
1244 393 1330 433 quae
1353 377 1389 416 se
1409 374 1600 414 omnibus
1621 384 1711 425 per-

300 472 496 525 vulgaret,
520 480 607 521 quae
627 463 791 503 haberet
823 457 952 512 palam
974 453 1180 491 decretum
1202 447 1354 499 semper
1375 444 1565 496 aliquem,
1600 438 1714 490 cujus

302 541 344 580 in
366 537 520 581 hortos,
543 533 727 575 domum,
751 526 878 569 Baias,
895 524 986 576 jure
1007 519 1074 558 suo
1096 515 1284 556 libidines
1306 510 1491 550 omnium
1512 517 1716 546 commea-

305 614 392 645 rent
409 624 420 650 ς
453 615 541 657 quae
571 599 692 638 etiam
718 595 838 633 aleret
867 586 1148 628 adolescentes,
1184 590 1223 619 et
1251 576 1530 633 parsimoniam
1560 582 1719 626 patrum

306 673 384 712 suis
407 667 634 722 sumptibus
667 661 922 702 sustentaret:
956 654 983 692 fi
1013 651 1133 691 vidua
1151 648 1290 691 libere,
1323 652 1503 698 proterva
1533 638 1719 693 petulan-

308 751 381 784 ter,
414 737 522 775 dives
544 731 680 776 effuse,
712 723 926 767 libidinosa
944 715 1172 760 meretricio
1193 726 1318 756 more,
1354 709 1532 752 viveret3
1564 704 1721 744 adulte-

309 820 400 847 rum
421 817 495 857 ego
516 810 712 856 putarem,
735 796 762 834 fi
783 793 873 847 quis
894 790 997 828 hanc
1015 784 1133 839 paulo
1153 780 1319 821 liberius
1340 774 1566 815 salutaffet?

368 871 506 912 XVII.
531 868 652 907 DiCet
668 861 828 915 aliquis,
852 857 952 896 Haec
972 854 1097 907 igitur
1113 849 1167 888 est
1187 858 1255 886 tua
1270 843 1504 898 disciplina?
1529 840 1579 879 fic
1596 849 1641 877 tu
1657 839 1721 875 in-

312 941 440 981 stituis
462 934 726 976 adolescentes
745 930 759 967 ?
792 927 843 965 ob
866 925 967 963 hanc
990 918 1144 959 causam
1167 915 1244 954 tibi
1264 912 1373 952 hunc
1397 921 1565 964 puerum
1587 918 1725 960 parens

313 1000 611 1047 commendavit
640 1008 680 1038 et
707 993 885 1038 tradidit,
917 999 962 1028 ut
993 989 1034 1026 in
1055 997 1188 1024 amore
1208 991 1248 1020 et
1268 977 1544 1032 voluptatibus
1574 972 1727 1012 adoles-

315 1075 489 1116 centiam
512 1071 619 1110 suam
640 1066 855 1105 collocaret
873 1078 883 1105 ;
916 1066 955 1096 et
975 1055 1078 1094 hanc
1101 1062 1145 1091 tu
1165 1051 1304 1093 vitam,
1339 1056 1457 1099 atque
1482 1043 1566 1082 haec
1588 1040 1728 1085 studia,

316 1140 545 1182 defenderes
566 1138 578 1175 ?
612 1136 717 1187 Ego,
741 1131 767 1169 fi
789 1128 875 1182 qui,
894 1123 1073 1178 Judices,
1095 1118 1173 1158 hoc
1195 1116 1335 1156 robore
1355 1111 1495 1156 animi,
1518 1119 1636 1162 atque
1657 1107 1730 1145 hac

318 1209 453 1249 indole
473 1203 632 1244 virtutis
653 1214 698 1239 ac
719 1192 976 1237 continentiae
997 1189 1091 1234 fuit,
1124 1194 1168 1224 ut
1199 1182 1395 1236 respueret
1425 1190 1563 1217 omnes
1585 1175 1731 1228 volup-

320 1287 434 1321 tates,
466 1281 710 1322 omnemque
731 1265 821 1304 vitae
842 1261 916 1300 suae
937 1257 1098 1297 cursum
1115 1254 1156 1292 in
1178 1251 1312 1291 labore
1333 1246 1525 1300 corpori8‚
1544 1253 1662 1295 atque
1694 1241 1736 1279 in

321 1342 445 1383 animi
467 1336 739 1379 contentione,
763 1328 978 1370 conficeret
995 1344 1006 1370 3
1039 1334 1161 1376 quem
1183 1331 1263 1357 non
1285 1315 1413 1369 quieS,
1446 1325 1526 1351 non
1549 1308 1734 1352 remissio,

322 1425 404 1451 non
425 1406 640 1462 aequalium
655 1400 796 1444 studia,
825 1409 906 1435 non
927 1392 1028 1437 ludi,
1052 1402 1132 1428 non
1154 1383 1350 1427 convivia,
1373 1379 1609 1419 delectarent
1627 1395 1638 1421 ;
1671 1375 1736 1413 ni-

323 1478 385 1518 hil
406 1478 448 1516 in
482 1475 563 1514 vita
591 1465 862 1524 expetendum
893 1467 1062 1516 putaret,
1096 1455 1167 1494 nisi
1188 1450 1297 1506 quod
1317 1448 1408 1487 effet
1429 1460 1525 1485 cum
1555 1443 1670 1482 laude
1700 1449 1740 1480 et

325 1559 421 1585 cum
441 1540 635 1595 dignitate
652 1535 740 1586 conj
749 1533 915 1571 unctum
934 1542 943 1566 z
967 1525 1077 1564 hunc
1098 1534 1186 1560 mea
1202 1515 1393 1557 sententia
1409 1511 1555 1550 divinis
1571 1507 1740 1562 quibus-

326 1611 419 1650 dam
439 1607 555 1646 bonis
578 1602 814 1642 instructum
834 1605 952 1647 atque
968 1598 1154 1629 ornatum
1175 1593 1289 1638 put0.
1313 1582 1377 1619 Ex
1397 1578 1475 1618 hoc
1492 1588 1634 1629 genere
1649 1574 1741 1613 illos

328 1675 445 1717 fuiffe
465 1672 648 1714 arbitror,
672 1663 884 1707 Camillos,
903 1656 1124 1700 Fabricios,
1147 1650 1308 1695 Curios,
1331 1645 1547 1698 omnesque
1567 1654 1648 1687 eos,
1671 1639 1743 1695 qui

330 1744 416 1784 haec
436 1755 485 1781 ex
501 1736 683 1780 minimis
706 1740 815 1772 tanta
834 1727 1030 1767 fecerunt.

388 1812 543 1849 Verum
562 1805 647 1844 haec
668 1811 811 1855 genera
829 1796 1027 1835 virtutum
1050 1802 1130 1828 non
1160 1784 1290 1824 solum
1321 1782 1361 1820 in
1384 1777 1564 1818 moribus
1587 1774 1744 1820 nostris,

333 1877 398 1918 sed
418 1877 485 1916 vix
501 1875 586 1928 jam
614 1871 656 1909 in
676 1866 807 1911 libris,
831 1860 1096 1915 reperiuntur.
1129 1851 1287 1892 Chartae
1318 1859 1493 1901 quoque,
1517 1856 1604 1897 quae
1634 1841 1747 1880 illam

334 1943 540 1998 pristinam
560 1935 805 1977 severitatem
832 1924 1108 1967 continebant,
1131 1917 1408 1958 obsoleverunt
1426 1932 1437 1959 ς
1471 1922 1599 1962 neque
1620 1907 1750 1946 solum

336 2009 442 2065 apud
463 2020 550 2052 nos,
581 2002 652 2057 qui
681 2000 784 2040 hanc
816 1996 958 2035 se&am
979 1990 1254 2038 rationemque
1273 1983 1364 2021 vitae
1384 1993 1425 2018 re
1455 1976 1596 2030 magis,
1628 1987 1750 2027 quam

337 2076 483 2119 verbis,
507 2071 630 2112 secuti
651 2069 802 2110 sumus,
841 2061 904 2100 sed
924 2060 1045 2098 etiam
1064 2053 1170 2108 apud
1191 2053 1369 2094 Graecos‚
1401 2043 1642 2084 doffiffimos
1672 2039 1749 2078 ho-

340 2144 482 2186 mines,
501 2138 664 2193 quibus,
683 2146 777 2172 cum
798 2129 924 2168 facere
945 2138 1025 2164 non
1047 2121 1214 2176 poffent,
1235 2116 1348 2169 loqui
1371 2123 1502 2152 tamen
1524 2118 1562 2148 et
1584 2106 1751 2146 scribere

341 2208 502 2248 honeste
532 2215 571 2243 et
606 2198 818 2254 magnifice
846 2193 1007 2233 licebat.
1055 2188 1147 2228 Alia
1167 2184 1362 2240 quaedam,
1394 2177 1557 2218 mutatis
1589 2173 1753 2214 Graeciae

343 2273 608 2328 temporibus,
632 2274 825 2322 praecepta
844 2261 1078 2301 extiterunt.

403 2344 541 2392 Itaque
561 2337 628 2375 alii
649 2331 866 2386 voluptatis
888 2327 1000 2367 causa
1019 2323 1154 2363 omnia
1175 2320 1366 2373 sapientes
1388 2314 1515 2353 facere
1535 2310 1722 2348 dixerunt
1740 2320 1751 2344 2

347 2422 473 2461 neque
494 2405 542 2443 ab
563 2403 636 2442 hac
658 2398 846 2439 orationis
868 2391 1118 2447 turpitudine
1133 2386 1279 2427 eruditi
1300 2382 1484 2422 homines
1506 2376 1752 2427 refugerunt.

347 2476 433 2516 Alii
454 2486 548 2512 cum
577 2469 780 2521 voluptate
801 2463 1039 2516 dignitatem
1069 2451 1390 2509 conjungendam
1426 2449 1679 2499 putaverunt,
1714 2446 1756 2481 ut

1375 2514 1423 2552 M
1456 2525 1478 2550 2
