2076 2860
426 187 501 233 223
905 182 1350 220 ORATIO

424 287 495 326 effe
528 287 681 326 dicunt.
717 287 752 323 O
788 285 857 323 Dii
890 282 1162 321 immortales!
1194 281 1277 320 haec
1310 281 1363 319 est
1395 280 1464 319 illa
1497 289 1679 334 exoptata
1706 281 1820 334 judi-

424 355 578 392 ciorum
602 353 802 391 sewi-itas.
797 353 808 377 Ρ
841 360 1089 403 corruptores
1112 348 1230 387 nostri
1251 349 1403 386 causam
1433 348 1600 387 dicunt·
1633 361 1719 393 nos,
1751 348 1823 400 qui

424 421 600 473 corrupti
637 419 734 456 sium
739 432 767 455 ιε
785 447 794 462 ,
828 431 907 454 non
942 416 1129 456 dicimus.
1168 415 1278 467 Qid
1312 428 1405 467 ergo
1424 415 1436 451 ?
1469 414 1647 452 senatum
1681 414 1821 452 defen-

424 487 512 524 dim
544 486 619 523 hoc
654 485 756 527 loco,
789 483 981 534 Judices?
1016 483 1142 520 Omni
1174 481 1359 534 equidem
1389 480 1478 518 loco
1508 480 1659 525 debeo,
1692 480 1746 518 ita
1775 480 1823 518 de

423 566 486 590 me
508 551 560 588 est
580 549 744 587 meritus
767 548 834 586 ille
854 562 897 586 or
901 547 977 586 do:
1011 547 1074 585 sed
1104 547 1143 584 id
1174 561 1245 584 nec
1267 548 1395 599 agitur
1416 545 1493 584 hoc
1514 555 1717 598 tempore,
1749 559 1822 584 nec

422 633 514 657 cum
539 616 712 655 Postumi
735 616 846 653 causti
867 630 923 653 res
946 614 1015 652 ista
1034 615 1245 665 conjuncta
1264 613 1330 651 est.
1354 614 1596 666 Qanquam
1615 611 1664 650 ad
1683 611 1822 664 sump-

423 695 509 723 tum
530 684 682 722 itineris
698 712 709 728 ,
741 682 788 719 ad
808 682 919 719 illam
941 680 1279 733 magnificentiam
1300 688 1528 732 apparatus,
1560 679 1822 718 comitatum-

422 765 499 804 que
521 750 689 803 regium,
722 749 965 801 suppeditata
985 747 1153 801 pecunia
1172 760 1193 784 a
1213 746 1401 785 Postumo
1421 746 1489 791 est,
1520 744 1709 798 factaeque
1729 745 1821 797 syn-

421 816 578 870 graphae
600 816 689 854 sunt
710 816 750 853 in
773 815 930 852 Albano
953 815 1030 852 Cn.
1055 813 1263 866 Pompeii,
1295 826 1390 850 cum
1420 812 1488 850 ille
1509 812 1641 850 Roma
1663 809 1823 864 profec-

422 893 484 922 tus
507 882 625 929 effet3
659 891 789 920 tamen
811 895 890 919 non
912 879 1050 918 debuit
1070 880 1118 925 is,
1150 880 1219 932 qui
1247 879 1376 924 dabat,
1409 892 1489 930 quo
1510 878 1593 924 ille,
1625 878 1696 930 qui
1715 877 1823 915 acci-

421 950 580 1004 piebat,
612 949 884 993 consumeret,
917 961 1100 1000 quaerere.
1143 947 1239 984 Non
1271 946 1379 984 enim
1411 946 1581 990 latroni,
1614 944 1679 983 sed
1712 945 1822 996 regi,

422 1016 618 1061 credidit;
652 1030 723 1054 nec
745 1015 828 1067 regi
848 1015 1014 1052 inimico
1034 1013 1174 1067 populi
1196 1012 1394 1057 Romani,
1427 1011 1491 1050 sed
1523 1012 1583 1057 ei,
1615 1012 1729 1063 cujus
1759 1024 1822 1048 re-

422 1085 554 1123 ditum
575 1083 727 1122 consuli
748 1083 885 1120 datum
905 1095 926 1119 a
946 1081 1079 1119 senatu
1099 1080 1278 1125 videbat3
1311 1093 1383 1118 nec
1404 1079 1439 1117 ei
1460 1079 1558 1131 regi,
1581 1078 1651 1132 qui
1671 1077 1823 1116 alienus

422 1151 470 1189 ab
491 1149 568 1189 hoc
589 1150 758 1203 imperio
778 1148 883 1194 esset,
915 1147 979 1186 sed
998 1148 1049 1193 ei,
1081 1146 1247 1200 quicum
1267 1144 1397 1184 foedus
1418 1143 1527 1184 feriri
1555 1145 1597 1183 in
1620 1144 1822 1198 Capitolio

423 1217 586 1256 viderat.

480 1283 602 1336 Qod
634 1283 660 1321 fi
692 1282 862 1321 creditor
894 1281 934 1319 in
967 1281 1084 1334 culpa
1115 1280 1175 1326 fit,
1208 1294 1286 1319 non
1309 1280 1378 1333 qui
1399 1279 1452 1318 est
1472 1278 1654 1332 improbe
1674 1277 1824 1316 credita

424 1350 590 1403 pecunia
624 1349 741 1394 usus;
775 1349 982 1386 damnetur
1016 1349 1075 1392 is,
1107 1347 1177 1399 qui
1209 1345 1422 1384 fabricatus
1458 1345 1638 1399 gladium
1672 1344 1751 1390 est,
1782 1353 1822 1382 et

424 1416 624 1461 vendidit,
657 1429 736 1453 non
769 1415 825 1460 is,
857 1414 927 1467 qui
958 1413 1030 1452 illo
1064 1412 1196 1465 gladio
1231 1412 1359 1450 civem
1393 1412 1568 1465 aliquem
1602 1410 1820 1449 interemit.

423 1482 696 1535 Qamobrem
718 1494 844 1534 neque
869 1489 928 1526 tu,
961 1481 1010 1519 C.
1034 1479 1226 1523 Memmi,
1257 1477 1333 1516 hoc
1366 1477 1491 1516 facere
1523 1477 1654 1522 debes,
1687 1485 1732 1515 ut
1762 1476 1821 1514 se-

423 1559 574 1595 natum,
606 1550 719 1602 cujus
740 1547 962 1586 auctoritati
984 1556 1021 1584 te
1041 1547 1088 1584 ab
1110 1545 1368 1583 adolescentia
1388 1544 1541 1589 dedisti,
1569 1544 1610 1583 in
1631 1553 1738 1583 tanta
1756 1544 1818 1581 in-

421 1615 540 1654 famia
561 1616 698 1654 versari
720 1615 842 1660 veli53
874 1627 1001 1667 neque
1021 1627 1094 1665 ego
1115 1612 1170 1657 id,
1193 1612 1300 1665 quod
1322 1625 1401 1649 non
1422 1611 1566 1664 agitur,
1598 1609 1821 1648 defend-ere.

422 1682 597 1720 Postumi
627 1682 734 1720 enim
765 1680 901 1725 causti,
933 1693 1180 1733 quaecunque
1215 1670 1293 1723 est,
1325 1678 1497 1730 sejmxnsta
1529 1691 1551 1716 a
1584 1677 1717 1716 senatu
1751 1675 1820 1715 est.

421 1749 542 1801 Qod
565 1749 589 1787 fi
612 1750 708 1787 item
730 1763 750 1785 a
771 1747 948 1786 Gabinio
968 1746 1182 1799 sejunctam
1207 1744 1409 1784 ostendero
1425 1764 1438 1791 3
1469 1753 1589 1790 certe,
1620 1743 1728 1798 quod
1758 1743 1822 1781 di-

421 1829 497 1860 cas,
531 1814 632 1853 nihil
654 1813 833 1853 habebis.

479 1878 551 1919 IV.‘
586 1879 654 1918 Est
684 1879 793 1917 enim
825 1878 907 1916 haec
940 1878 1064 1923 causa,
1096 1878 1174 1929 ἔξω
1207 1891 1247 1915 ca
1273 1877 1429 1929 pecunia
1454 1875 1682 1929 pervenerit,
1714 1874 1820 1927 quasi

421 1946 601 2000 quaedam
621 1944 882 1999 appendicula
901 1943 1021 1982 causae
1036 1943 1236 1996 j'udicatae,
1255 1952 1371 1996 atque
1388 1941 1593 1980 damnatae.
1617 1941 1716 1979 Sunt
1731 1940 1822 1978 lites

422 2014 616 2052 aestimatae
633 2014 684 2051 A.
700 2012 895 2051 Gabinio:
915 2025 986 2050 nec
1003 2010 1149 2064 praedes
1166 2009 1260 2054 dati,
1279 2024 1350 2049 nec
1367 2023 1414 2047 ex
1431 2010 1513 2062 ejus
1532 2009 1823 2060 boruz-quanta

422 2080 574 2119 summa
594 2079 730 2117 litium
749 2077 894 2123 fuisset,
926 2091 947 2116 a
966 2078 1116 2131 populo
1137 2077 1273 2130 recipi,
1300 2075 1363 2114 lex
1385 2089 1495 2128 aequa
1513 2075 1581 2113 est.
1613 2074 1736 2126 jubet
1756 2073 1821 2123 lex

423 2147 531 2198 Julia
559 2145 738 2198 persequi
769 2145 816 2182 ab
846 2145 910 2190 iis,
941 2144 989 2182 ad
1019 2158 1118 2197 quos
1149 2158 1191 2181 ea
1222 2143 1401 2195 pecunia,
1433 2155 1552 2195 quam
1587 2141 1619 2179 is
1655 2140 1818 2193 ceperit,

422 2214 492 2266 qui
514 2212 720 2251 damnatus
741 2210 787 2249 fit
801 2239 813 2257 ,
845 2211 1078 2263 pervenerit.
1116 2210 1154 2247 Si
1175 2209 1228 2247 est
1249 2208 1325 2247 hoc
1349 2222 1496 2246 novum
1516 2209 1557 2246 in
1578 2207 1664 2259 lege
1684 2206 1792 2258 Julia
1806 2235 1819 2252 ,

424 2279 536 2318 sicuti
557 2279 684 2318 multa
704 2277 794 2317 sunt
815 2277 980 2316 severius
1003 2277 1158 2330 scripta,
1191 2289 1309 2329 quam
1331 2277 1371 2314 in
1393 2276 1566 2329 antiquis
1588 2274 1760 2326 legibus,
1781 2281 1822 2311 et

424 2346 588 2386 sandius
604 2345 802 2400 judicata;
826 2344 912 2383 sane
932 2345 1051 2383 etiam
1073 2343 1314 2383 consuetudo
1335 2342 1453 2395 hujus
1474 2341 1627 2396 generis
1642 2341 1821 2394 judicio—

425 2427 514 2452 rum
535 2426 648 2451 nova.
686 2412 753 2451 Sin
774 2411 852 2451 hoc
880 2410 1047 2450 totidem
1067 2410 1196 2449 verbis
1225 2409 1451 2448 transsatum
1478 2417 1595 2462 caput
1616 2407 1684 2453 est,
1715 2405 1823 2460 quod

426 2479 501 2518 fuit
522 2493 601 2519 non
623 2478 743 2519 modo
764 2478 806 2518 in
827 2477 1025 2525 Cornelia,
1050 2476 1113 2516 sed
1134 2477 1251 2516 etiam
1273 2484 1360 2515 ante
1382 2477 1422 2515 in
1444 2476 1529 2528 lege
1551 2473 1710 2514 Servilia
1719 2492 1730 2519 3
1754 2485 1822 2526 per
