2076 2860
432 140 509 177 442
784 125 860 163 IN
920 125 984 162 M.
1046 124 1471 163 ANTONIUM

431 226 633 280 republica
653 227 790 263 sanitas
812 239 1009 263 remanere
1029 226 1228 278 potuisset.
1276 226 1466 264 Proximo
1497 226 1602 265 bello
1630 227 1655 266 fi
1676 229 1827 281 aliquid

431 294 478 330 de
500 294 650 331 summa
674 292 861 344 gravitate
893 293 1122 344 Pompeius,
1155 292 1330 330 multum
1361 293 1408 331 de
1438 294 1656 346 cupiditate
1687 296 1826 341 Caesar,

431 360 655 404 remififl'et3
689 368 726 396 et
746 372 882 410 pacem
905 358 1098 404 stabilem,
1130 368 1168 397 et
1189 360 1363 412 aliquam
1385 361 1688 413 rempublicam,
1712 362 1827 400 nobis

429 425 571 463 habere
593 424 773 462 licuiffet.

486 492 540 528 H.
575 491 667 528 Hoc
688 503 778 527 vero
800 489 897 541 quid
918 489 999 527 est?
1033 504 1126 528 cum
1149 491 1337 528 Antoniis
1359 505 1433 544 pax
1455 492 1580 544 potest
1599 492 1701 530 effe?
1734 507 1827 532 cum

430 557 668 601 Censorino,
701 556 915 600 Ventidio,
948 557 1181 602 Trebellio,
1214 557 1364 602 Bestia,
1397 558 1582 602 Nucula,
1615 558 1825 605 Munatio,

430 624 624 668 Lentone,
658 623 784 660 Saxa?
817 619 1005 674 Exempli
1027 622 1152 668 causa,
1183 637 1328 675 paucos
1351 624 1580 661 nominavi:
1613 637 1737 676 genus
1764 626 1827 662 in-

428 689 605 734 finitum,
627 689 1013 741 immanitatemque,
1032 688 1102 742 ipfi
1124 689 1286 727 cernitis
1308 690 1568 742 reliquorum.
1592 690 1740 728 Addite
1761 691 1829 729 illa

428 756 631 808 naufragia
653 755 811 794 Caesaris
833 755 1070 801 amicorum,
1103 756 1261 801 Barbas,
1295 756 1456 802 Caffios,
1489 756 1707 802 Barbatios,
1731 757 1826 795 Pol-

428 823 580 861 liones:
623 822 753 860 addite
788 822 957 860 Antonii
997 821 1220 860 collusores·
1244 832 1283 860 et
1322 822 1496 868 sodales,
1537 823 1825 876 Eutrapelum,

428 889 597 934 Melam,
631 888 815 933 Caelium,
849 889 1055 933 Pontium,
1089 888 1338 934 Crafficium,
1361 889 1571 934 Tironem,
1595 889 1825 935 Mustelam,

428 954 660 992 Petiffium:
693 955 930 992 comitatum
966 954 1170 1006 relinquo,
1203 954 1321 992 duces
1355 955 1535 993 nomino.
1583 955 1680 993 Huc
1714 969 1826 994 acce-—

427 1021 527 1059 dunt
549 1020 726 1064 Alaudae,
759 1020 968 1072 caeterique
989 1021 1176 1066 veterani,
1208 1021 1461 1059 seminarium
1486 1021 1672 1073 judicum
1703 1022 1826 1059 tertiae

426 1088 608 1132 decuriae,
640 1087 710 1139 qui
731 1086 807 1125 suis
830 1087 945 1124 rebus
967 1086 1179 1132 exhaustis,
1209 1087 1411 1125 beneficiis
1435 1086 1594 1125 Caesaris
1616 1087 1823 1133 devoratis,

425 1153 603 1193 fortunas
625 1153 769 1192 nostras
791 1154 1120 1206 concupiverunt.

483 1223 520 1259 O
543 1221 662 1259 fidam
688 1220 888 1259 dexteram
918 1220 1103 1264 Antonii,
1135 1233 1212 1271 qua
1241 1220 1309 1257 ille
1338 1220 1533 1272 plurimos
1564 1222 1668 1258 cives
1699 1222 1824 1259 truci-

424 1287 530 1325 davit
550 1287 557 1325 l
593 1288 629 1325 O
652 1296 781 1324 ratum
802 1285 1109 1338 religiosumque
1130 1284 1277 1330 foedUS,
1309 1285 1417 1337 quod
1437 1299 1531 1324 cum
1552 1286 1741 1324 Antoniis
1763 1286 1831 1325 fe-

425 1355 595 1391 cerimus
615 1353 623 1390 l
657 1351 733 1390 hoc
764 1352 791 1389 fi
820 1350 984 1389 Marcus
1005 1351 1150 1389 violare
1171 1351 1395 1396 conabitur,
1428 1352 1546 1390 Lucii
1567 1365 1662 1390 eum
1681 1352 1823 1391 saneti—

425 1429 481 1458 tas
502 1433 524 1457 a
543 1419 684 1457 scelere
705 1418 918 1456 revocabit.
967 1418 1053 1456 Illis
1084 1417 1196 1455 locus
1228 1418 1254 1456 fi
1284 1418 1326 1455 in
1353 1416 1427 1455 hac
1448 1418 1544 1456 urbe
1565 1417 1701 1464 fuerit,
1734 1419 1826 1457 urbi

423 1486 494 1539 ipfi
515 1486 626 1524 locus
649 1499 729 1524 non
749 1485 838 1524 erit.
887 1485 968 1523 Ora
998 1484 1110 1522 vobis
1143 1498 1282 1522 eorum
1312 1485 1449 1537 ponite
1481 1494 1569 1522 ante
1601 1484 1753 1530 oculos,
1785 1495 1825 1524 et

422 1554 594 1593 maxime
615 1552 912 1591 Antoniorum:
936 1551 1142 1597 inceffum,
1160 1551 1405 1605 adspectum,
1426 1552 1600 1597 vultum,
1623 1550 1821 1604 spiritum,

422 1621 541 1659 latera
569 1628 747 1673 tegentes
766 1619 878 1664 alios,
910 1618 1114 1672 sequentes
1139 1618 1250 1663 alios,
1282 1618 1378 1657 alios
1400 1618 1699 1672 praegredientes
1721 1620 1822 1658 ami-

422 1700 504 1726 cos.
552 1687 686 1739 Qem
713 1686 797 1724 vini
823 1685 1079 1724 anhelitum?
1111 1698 1207 1738 quas
1239 1685 1501 1725 contumelias
1529 1684 1614 1723 fore
1641 1685 1821 1731 censetis,

421 1753 628 1805 minasque
646 1753 859 1791 verborum
878 1753 891 1790 ?
914 1752 984 1791 nisi
1005 1751 1108 1790 forte
1128 1764 1195 1796 eos
1214 1765 1289 1804 pax
1311 1751 1392 1804 ipsa
1412 1751 1548 1797 leniet,
1569 1753 1822 1805 maximeque

422 1833 516 1858 cum
538 1819 578 1856 in
599 1818 708 1857 hunc
734 1818 915 1857 ordinem
941 1819 1148 1856 venerint:
1181 1817 1407 1856 salutabunt
1438 1818 1624 1870 benigne,
1656 1818 1823 1856 comiter

421 1873 693 1938 appellabunt,
726 1896 1055 1936 unumquemque
1075 1882 1266 1921 nostrum.

477 1951 556 1989 ΙΙΙ.
589 1951 686 1988 Non
708 1949 983 1994 recordamini,
1016 1948 1084 2001 p'er
1117 1949 1223 1987 Deos
1257 1948 1527 1986 immortales!
1561 1961 1655 2000 quas
1686 1949 1725 1986 in
1754 1962 1819 1987 eos

422 2018 629 2056 sententias
652 2017 829 2055 dixeritis
850 2018 862 2055 ?
896 2017 995 2054 Aeta
1015 2016 1185 2054 Antonii
1206 2015 1412 2054 rescidistis
1432 2031 1441 2053 ε
1475 2016 1578 2068 leges
1608 2015 1787 2053 refixistis
1806 2031 1815 2054 :

422 2097 490 2136 per
510 2083 592 2122 vim
612 2092 652 2121 et
672 2092 809 2121 contra
829 2082 999 2136 auspicia
1019 2082 1113 2120 latas
1136 2081 1378 2120 decrevistis:
1402 2082 1524 2119 totius
1543 2081 1664 2120 Italiae
1687 2081 1818 2119 delec-

422 2160 485 2189 tus
517 2149 738 2188 excitastis:
772 2149 967 2202 collegam
987 2157 1027 2187 et
1051 2148 1203 2187 socium
1224 2148 1415 2186 scelerum
1435 2147 1634 2193 omnium,
1666 2146 1820 2186 hostem

415 2216 659 2270 judicavistis
678 2231 687 2253 :
721 2229 815 2254 cum
835 2215 912 2254 hoc
934 2230 1020 2268 quae
1041 2228 1115 2267 pax
1138 2214 1262 2267 potest
1283 2214 1355 2253 effe
1374 2215 1386 2252 ?
1420 2213 1556 2252 Hostis
1586 2214 1610 2252 fi
1636 2213 1727 2251 effet
1747 2227 1817 2253 ex-

421 2293 569 2329 ternus,
597 2291 729 2321 tamen
749 2282 790 2320 id
812 2282 940 2335 ipsum
962 2282 1043 2326 vix,
1067 2281 1211 2319 talibus
1234 2280 1360 2326 saitis,
1384 2281 1505 2333 poffet
1526 2280 1659 2333 aliquo
1681 2280 1815 2318 modo,

421 2350 575 2396 Maria,
606 2358 787 2393 montes,
819 2348 1027 2400 regionum
1063 2346 1358 2399 magnitudines
1394 2345 1646 2390 intereffent;
1678 2345 1815 2383 odisses

419 2429 527 2462 eum,
563 2429 684 2469 quem-
718 2429 796 2455 non
831 2414 997 2454 videres.
1050 2414 1107 2452 Hi
1144 2415 1185 2452 in
1218 2413 1344 2452 oculis
1380 2412 1601 2457 haerebunt,
1637 2421 1689 2458 et,
1722 2425 1817 2450 cum
