2076 2860
674 156 1251 198 PHILIPPICA
1329 155 1385 194 II.
1654 169 1730 210 305

329 262 562 308 ordinibus,
594 275 688 301 cum
722 261 813 299 effet
847 260 934 313 lege
967 259 1111 298 Roscia
1144 258 1418 298 decoffimribus
1451 267 1581 296 certus
1618 256 1729 295 locus

329 331 584 374 constitutus,
615 329 796 381 quamvis
818 327 907 380 quis
929 325 1099 364 fortunae
1119 326 1233 371 vitio,
1266 338 1345 363 non
1369 324 1452 370 suo,
1484 323 1710 362 decoxiffet.

388 395 591 448 Sumpfisti
611 395 768 433 virilem
786 403 934 445 togam,
953 405 1073 445 quam
1090 392 1219 430 statim
1237 391 1474 429 muliebrem
1492 399 1625 443 togam
1641 390 1730 428 red-

330 462 478 501 didisti.
522 462 659 500 Primo
685 461 845 513 vulgare
865 459 1040 497 scortum
1060 474 1068 497 :
1102 467 1207 496 certa
1228 458 1367 511 flagitii
1388 470 1537 496 merces
1553 486 1564 502 ,
1597 470 1668 495 nec
1689 471 1732 495 ea

330 542 472 582 parva:
506 528 569 566 sed
597 528 678 566 cito
700 526 824 565 Curio
846 525 1085 569 intervenit,
1118 525 1188 577 qui
1217 533 1253 562 te
1280 538 1300 562 a
1326 524 1553 562 meretricio
1580 523 1730 576 quaestu

330 595 524 641 abduxit;
557 604 610 640 et,
638 604 826 648 tanquam
847 593 984 631 stolam
1006 592 1180 637 dedisset,
1204 591 1244 629 in
1267 591 1522 629 matrimonio
1543 590 1672 628 stabili
1691 599 1730 628 et

330 673 438 701 certo
460 663 619 701 locavit.

388 730 523 768 Nemo
550 741 727 781 unquam
754 716 876 780 puer,
908 734 1066 778 emptus
1094 723 1274 762 libidinis
1302 723 1439 768 causa,
1472 732 1553 761 tam
1580 722 1659 761 fuit
1688 724 1729 760 in

331 795 486 834 domini
507 795 715 848 potestate,
747 807 867 847 quam
891 802 933 831 tu
954 794 994 830 in
1018 791 1221 830 Curionis.
1267 791 1436 842 Qoties
1459 798 1496 827 te
1517 798 1626 842 pater
1645 791 1729 841 ejus

331 862 452 901 domo
473 862 538 900 sua
557 862 705 914 ejecit?
737 860 892 913 quoties
920 858 1098 896 custodes
1126 857 1278 910 posuit,
1310 871 1359 895 ne
1386 857 1510 894 limen
1532 857 1694 894 intrares
1715 858 1727 893 ?

331 942 427 967 cum
455 939 585 966 tamen
614 937 679 972 tu,
711 928 824 964 noCte
851 926 973 970 socia,
1006 924 1188 963 hortante
1215 922 1404 968 libidine,
1436 931 1603 975 cogente
1623 935 1727 960 mer-

331 995 446 1039 cede,
478 1007 547 1047 per
572 993 723 1045 tegulas
745 993 994 1030 demitterere
1013 1006 1022 1029 :
1055 1004 1141 1043 quae
1161 990 1308 1043 flagitia
1327 990 1469 1027 domus
1491 989 1560 1026 illa
1579 989 1728 1026 diutius

330 1059 432 1098 ferre
454 1073 533 1097 non
554 1059 702 1112 potuit.
750 1057 882 1095 Scisne
908 1070 972 1094 me
1002 1056 1049 1094 de
1077 1055 1192 1094 rebus
1214 1054 1317 1093 mihi
1337 1054 1545 1093 notiflimis
1567 1054 1695 1092 dicere
1715 1055 1727 1091 ?

331 1126 553 1165 Recordare
575 1134 732 1178 tempus
754 1123 856 1162 illud
871 1153 882 1168 ,
914 1136 1008 1161 cum
1038 1131 1146 1176 pater
1167 1122 1292 1160 Curio
1316 1134 1486 1160 moerens
1502 1120 1659 1173 jacebat
1690 1120 1730 1157 In

331 1193 433 1231 lecto
451 1208 460 1231 ε
494 1192 616 1237 filius,
649 1192 685 1229 se
705 1191 752 1229 ad
772 1189 888 1243 pedes
910 1203 1018 1228 meos
1039 1188 1300 1243 prosternenS‚
1327 1188 1546 1239 lacrymans
1569 1195 1607 1224 te
1627 1185 1730 1224 mihi

331 1258 664 1303 commendabat;
697 1257 856 1301 orabat,
888 1265 933 1294 ut
962 1265 1000 1293 te
1030 1264 1167 1293 contra
1195 1255 1310 1292 suum
1336 1263 1515 1307 patrem,
1548 1253 1729 1292 fi-sester-

332 1326 436 1363 tium
458 1325 628 1378 sexagies
650 1332 813 1376 peteret,
846 1321 1098 1359 defenderem
1116 1336 1125 1359 z
1150 1330 1306 1358 tantum
1327 1321 1435 1358 enim
1458 1319 1493 1358 se
1513 1333 1586 1372 pro
1607 1329 1644 1358 te
1665 1321 1729 1357 in-

332 1390 547 1430 tercefliffe.
580 1389 667 1443 Ipse
687 1398 818 1427 autem
840 1401 970 1426 amore
991 1386 1126 1425 ardens
1149 1385 1424 1431 confirmabat,
1453 1386 1561 1439 quod
1581 1385 1730 1424 defide-

331 1459 437 1497 rium
459 1458 519 1495 tui
540 1456 695 1494 discidii
715 1455 815 1494 ferre
837 1468 915 1493 non
937 1453 1074 1507 poffet,
1106 1453 1142 1492 se
1163 1454 1204 1491 in
1226 1453 1391 1491 exilium
1413 1452 1486 1491 effe
1505 1454 1672 1491 iturum.

387 1525 482 1575 Qo
511 1536 585 1575 ego
615 1531 792 1574 tempore
823 1529 930 1558 tanta
958 1519 1060 1557 mala
1089 1518 1366 1558 florentissimae
1394 1517 1555 1556 familiae
1576 1517 1728 1562 sedavi,

331 1589 393 1629 vel
415 1589 547 1642 potius
569 1587 720 1626 sustuli.
745 1588 851 1624 Patri
868 1585 1045 1639 persuasi,
1065 1594 1109 1622 ut
1126 1598 1174 1623 aes
1196 1584 1368 1622 alienum
1392 1583 1465 1621 filii
1486 1583 1726 1628 diffolveret5

333 1655 542 1694 redimeret
563 1653 846 1691 adolescentem
863 1681 873 1697 ‚
906 1651 1058 1689 summa
1087 1651 1151 1704 spe
1180 1659 1219 1688 et
1248 1650 1371 1687 animi
1392 1658 1430 1687 et
1458 1650 1606 1701 ingenii
1629 1663 1729 1702 pra:-

333 1721 463 1760 ditum
477 1751 487 1766 ‚
521 1721 576 1758 rei
603 1719 808 1758 familiaris
830 1717 1116 1762 facultatibu33
1149 1729 1319 1767 eumque
1340 1724 1407 1753 tua
1427 1729 1506 1753 non
1528 1715 1648 1753 modo
1668 1714 1729 1752 fa-

334 1788 586 1832 miliaritate,
619 1785 682 1824 sed
716 1786 835 1823 etiam
867 1783 1160 1836 congreffione,
1192 1782 1319 1834 patrio
1349 1783 1437 1834 jure
1470 1790 1508 1819 et
1542 1781 1730 1834 potestate

309 1853 575 1907 ‘prohiberet.
620 1853 719 1890 Haec
750 1860 792 1889 tu
823 1864 916 1888 cum
944 1864 1012 1902 per
1033 1863 1096 1887 me
1118 1850 1198 1886 acta
1219 1847 1486 1892 mexniniffes;
1520 1847 1590 1884 nifi
1621 1847 1700 1885 illis
1717 1875 1728 1892 ,

333 1934 432 1973 quos
467 1919 646 1957 videmus
662 1948 673 1964 ,
709 1917 851 1970 gladiis
887 1915 1102 1954 confideres
1119 1945 1129 1960 ‚
1167 1914 1386 1953 maledictis
1423 1927 1485 1951 me
1520 1927 1729 1966 provocare

332 1986 444 2024 ausus
464 1985 555 2024 effes
575 1987 588 2023 ?

389 2054 505 2092 XIX.
530 2052 603 2090 Sed
617 2054 702 2105 jam
724 2051 853 2103 stupra
873 2060 911 2088 et
932 2050 1080 2102 flagitia
1095 2051 1300 2088 omittam:
1326 2049 1415 2086 sunt
1431 2048 1625 2100 quaedam,
1643 2061 1729 2101 quae

335 2119 492 2157 honeste
515 2132 592 2156 non
614 2117 768 2170 possum
789 2116 917 2154 dicere
936 2132 944 2154 :
978 2125 1021 2154 tu
1042 2125 1173 2154 autem
1195 2130 1240 2153 eo
1261 2115 1423 2153 liberior
1438 2144 1448 2159 ,
1481 2114 1588 2167 quod
1617 2127 1660 2152 ca
1687 2115 1727 2151 in

335 2196 373 2223 te
392 2184 575 2222 admisisti
592 2213 601 2228 ‚
634 2198 720 2238 quae
741 2196 761 2220 a
781 2182 1002 2220 verecundo
1023 2183 1189 2220 inimico
1209 2181 1342 2220 audire
1365 2195 1442 2218 non
1471 2180 1608 2234 poffes.
1656 2180 1729 2217 Sed

336 2251 534 2303 reliquum
555 2251 643 2287 vitae
665 2249 823 2287 cursum
842 2249 992 2288 videte:
1017 2263 1137 2302 quem
1157 2248 1320 2301 quidem
1342 2247 1520 2285 celeriter
1540 2246 1726 2300 perstrin-

335 2331 425 2370 gam
444 2333 453 2355 :
486 2316 532 2354 ad
554 2315 636 2354 haec
658 2317 764 2353 enim
780 2345 791 2361 ,
823 2330 909 2369 quae
931 2317 971 2353 in
993 2316 1102 2354 civili
1130 2315 1236 2353 bello
1251 2345 1262 2360 ,
1295 2316 1335 2352 in
1358 2315 1542 2352 maximis
1565 2313 1727 2365 reipub-

336 2385 420 2421 licae
448 2382 612 2420 miseriis
644 2380 754 2426 fecit,
790 2390 828 2419 et
848 2395 904 2427 ea,
934 2395 1020 2434 quae
1041 2380 1219 2433 quotidie
1240 2380 1350 2424 facit,
1382 2378 1537 2417 festinat
1557 2379 1726 2416 animus.

337 2452 437 2502 Qae
459 2458 550 2501 peto
572 2458 629 2492 ut,
652 2461 879 2501 quanquam
900 2448 1029 2487 multo
1051 2447 1204 2486 notiora
1224 2447 1336 2485 vobis
1359 2459 1477 2497 quam
1501 2444 1601 2483 mihi
1622 2443 1725 2487 sunt,

418 2517 485 2555 To
500 2528 551 2554 M.
585 2515 658 2554 VI.
1332 2513 1424 2563 Qq
