2076 2860
470 176 546 214 Η-(ᾰ
826 173 903 212 ΙΝ
962 171 1027 210 Μ.
1089 168 1519 209 ANTONIUM

470 206 531 229 -f

470 292 540 316 nos
565 278 669 315 Serv.
695 274 892 328 Sulpicio,
925 271 1135 310 clariffimo
1155 271 1260 316 viro,
1291 270 1440 316 voluit,
1473 283 1522 307 ne
1542 282 1619 322 qua
1640 269 1773 307 tabula
1792 268 1878 322 post

470 345 558 382 idus
593 344 757 381 Blartias
791 340 912 378 ullius
946 339 1094 377 decreti
1127 336 1303 382 Caesaris‚
1336 346 1402 375 aut
1435 336 1641 381 beneficii,
1674 336 1875 390 figeretur.

470 410 606 448 Multa
627 418 828 461 praetereo,
850 420 972 458 eaque
994 405 1197 458 praeclara:
1222 404 1269 442 ad
1290 403 1483 456 fingulare
1499 403 1607 441 enim
1625 403 1688 441 M.
1706 402 1879 441 Antonii

469 475 617 514 fafitum
639 474 794 512 festinat
816 474 955 510 oratio.
998 472 1262 516 Distaturam,
1296 485 1382 522 quae
1403 471 1486 507 vim
1501 471 1586 522 jam
1608 470 1722 522 regiae
1743 469 1877 522 potes-

469 542 558 579 tatis
581 540 804 584 obsederat,
836 538 1019 576 funditus
1040 551 1087 575 ex
1110 536 1312 590 republica
1334 535 1502 574 sustulit.
1536 536 1599 573 De
1620 549 1697 587 qua
1718 549 1766 573 ne
1787 535 1876 574 sen-

469 608 610 645 tentias
644 606 809 660 quidem
841 605 1033 643 diximus.
1077 604 1280 655 Scriptum
1313 602 1737 647 senatus-consultum,
1770 601 1878 655 quod

468 674 552 712 fieri
588 674 733 718 vellet,
765 672 928 710 attulit:
963 685 1043 725 quo
1077 671 1267 714 recitato,
1299 669 1571 707 auctoritatem
1605 670 1687 721 ejus
1722 669 1878 708 summo

467 741 596 779 studio
618 741 740 778 secuti
762 740 917 785 sumus,
950 740 1065 791 eique
1086 737 1334 790 amplifiimis
1357 736 1484 775 verbis
1507 750 1576 789 per
1597 736 1876 775 senatus-con-

469 808 617 846 sultum
639 807 781 859 gratias
803 807 973 858 egimus.

525 875 581 912 ΙΙ.
616 874 707 911 Lux
728 872 908 926 quaedam
929 871 1137 909 videbatur
1157 869 1289 908 oblata
1303 898 1314 914 ,
1348 882 1426 907 non
1449 868 1570 907 modo
1591 881 1736 921 regno,
1769 868 1878 922 quod

470 941 783 994 pertuleramus‚
816 940 880 978 sed
900 939 1020 977 etiam
1048 938 1160 990 regni
1191 938 1360 982 timore,
1393 937 1571 975 sublato:
1605 950 1878 990 magnumque

470 1008 614 1061 pignus
636 1008 683 1045 ab
704 1021 750 1045 eo
772 1005 1000 1059 reipublicae
1022 1004 1174 1049 datum,
1197 1004 1234 1042 se
1256 1003 1421 1041 liberam
1443 1004 1645 1041 civitatem
1667 1003 1739 1041 effe
1760 1003 1878 1048 velle,

468 1088 564 1112 cum
586 1073 787 1111 difiatoris
810 1086 971 1117 nomen,
1003 1070 1111 1124 quod
1133 1070 1229 1123 saepe
1244 1069 1397 1122 justum
1418 1068 1571 1114 fuisset,
1604 1078 1765 1121 propter
1784 1082 1876 1122 per-

469 1150 597 1194 petuae
613 1141 814 1178 dietaturae
834 1147 1034 1177 recentem
1050 1137 1285 1175 memoriam
1306 1135 1489 1174 funditus
1506 1149 1553 1174 ex
1571 1134 1776 1188 republica
1795 1135 1878 1174 sus-

470 1207 632 1246 tuliffet.
680 1207 890 1246 Liberatus
920 1205 1036 1243 caedis
1067 1203 1246 1258 periculo
1267 1203 1402 1256 paucis
1424 1202 1510 1256 post
1530 1202 1670 1240 diebus
1692 1202 1846 1240 senatus
1865 1217 1876 1242 :

471 1288 597 1312 uncus
619 1275 812 1326 impaetus
834 1273 887 1311 est
908 1271 1081 1325 fugitivo
1102 1271 1190 1316 illi,
1223 1270 1293 1323 qui
1315 1270 1354 1307 in
1379 1271 1428 1308 C.
1453 1270 1576 1307 Marii
1597 1282 1744 1307 nomen
1764 1269 1878 1307 inva-

470 1340 580 1379 serat.
623 1342 758 1392 Atque
779 1339 862 1378 haec
883 1339 1019 1377 onmia
1037 1337 1308 1376 communiter
1328 1350 1422 1374 cum
1444 1335 1610 1388 collega.
1648 1335 1741 1374 Alia
1759 1349 1879 1388 porro

470 1407 628 1461 propria
650 1407 869 1445 Dolabellae
889 1421 897 1445 :
931 1420 1033 1459 quae,
1066 1405 1137 1443 nifi
1158 1403 1312 1456 collega
1331 1402 1528 1447 abfuisset,
1551 1402 1669 1440 credo
1689 1402 1744 1440 eis
1765 1401 1880 1441 fuisse

470 1473 604 1513 futura
624 1474 868 1512 communia.
911 1474 1019 1512 Nam
1036 1502 1046 1518 ‚
1079 1486 1174 1510 cum
1194 1471 1361 1523 serperet
1381 1471 1422 1508 in
1444 1469 1542 1507 urbe
1562 1468 1770 1507 infinitum
1790 1482 1878 1507 ma-

470 1541 557 1580 lum
572 1572 582 1587 ,
616 1541 736 1594 idque
766 1549 941 1579 manaret
971 1540 1013 1577 in
1041 1539 1123 1577 dies
1145 1539 1291 1583 latius;
1325 1537 1525 1589 iidemque
1547 1536 1707 1574 bustum
1727 1536 1769 1574 in
1790 1535 1879 1574 foro

470 1608 659 1654 facerent,
682 1609 751 1661 qui
773 1607 885 1645 illam
906 1606 1145 1659 insepultam
1166 1604 1408 1658 sepulturam
1428 1603 1661 1649 effecerant5
1685 1612 1724 1641 et
1739 1603 1877 1656 quoti-

469 1675 532 1713 die
553 1675 679 1726 magis
701 1673 904 1726 magisque
925 1672 1071 1725 perditi
1092 1670 1292 1716 homines,
1324 1684 1418 1708 cum
1435 1669 1497 1707 'sui
1525 1669 1721 1707 fimilibus
1742 1668 1877 1714 servis,

471 1742 582 1779 tectis
604 1755 647 1778 ac
671 1741 831 1793 templis
854 1739 963 1777 urbis
985 1739 1252 1777 minarentur:
1277 1737 1365 1776 talis
1387 1735 1667 1774 animadverfio
1687 1735 1767 1773 fuit
1788 1736 1878 1774 Do-

470 1807 646 1851 labellae,
679 1820 772 1844 cum
795 1807 836 1843 in
857 1805 1019 1842 audaces
1042 1804 1323 1855 sceleratosque
1345 1803 1493 1848 servos,
1526 1812 1612 1840 tum
1635 1802 1676 1840 in
1698 1802 1878 1854 impuros

471 1883 510 1911 et
531 1858 699 1911 nefarios
722 1872 897 1915 liberos3
931 1870 1097 1922 talisque
1126 1869 1270 1907 everfio
1301 1868 1409 1906 illius
1440 1877 1626 1906 execratae
1653 1867 1876 1914 columnae,

472 1949 517 1979 ut
536 1940 686 1978 mirum
707 1937 809 1976 mihi
830 1936 1007 1976 videatur
1022 1966 1033 1982 ,
1066 1923 1148 1974 tam
1178 1934 1290 1974 valde
1320 1935 1521 1988 reliquum
1551 1944 1709 1987 tempus
1737 1934 1785 1972 ab
1807 1933 1879 1972 illo

471 2020 553 2045 uno
574 2005 637 2044 die
658 2003 875 2043 diffenfiffe.

529 2075 635 2112 Ecce
655 2073 762 2111 enim
784 2070 973 2110 Kalendis
994 2070 1148 2122 Juniis,
1181 2068 1327 2122 quibus
1350 2077 1394 2106 ut
1415 2067 1649 2113 adessemus,
1681 2067 1876 2112 edixerat,

473 2148 624 2178 mutata
644 2138 779 2177 omnia
797 2153 805 2176 :
840 2136 942 2175 nihil
964 2150 1033 2189 per
1054 2136 1230 2174 senatum
1247 2165 1257 2181 ,
1290 2134 1417 2173 multa
1437 2144 1475 2172 et
1495 2148 1638 2187 magna
1657 2148 1726 2187 per
1745 2147 1877 2187 popu-

474 2207 574 2252 lum,
597 2215 635 2244 et
656 2205 813 2243 absente
835 2203 1001 2257 populo,
1023 2212 1062 2241 et
1082 2204 1224 2241 invito.
1259 2202 1450 2240 Consules
1473 2201 1661 2254 designati
1683 2201 1719 2239 se
1738 2200 1891 2238 audere:

474 2273 669 2326 negabant
691 2272 731 2310 in
754 2271 931 2309 senatum
952 2270 1111 2308 venire:
1147 2269 1279 2322 patriae
1310 2269 1538 2306 liberatores
1568 2268 1666 2308 urbe
1695 2267 1889 2306 carebant

473 2354 540 2385 ea,
573 2339 686 2391 cujus
716 2351 737 2375 a
765 2336 987 2376 cervicibus
1012 2337 1160 2388 jugum
1188 2334 1322 2373 servile
1344 2335 1592 2387 dejecerant:
1625 2347 1724 2387 quos
1746 2342 1878 2371 tamen

473 2406 544 2459 ipfi
566 2405 744 2444 consules
765 2413 804 2442 et
825 2404 866 2441 in
884 2402 1162 2447 concionibus,
1180 2410 1219 2439 et
1239 2402 1280 2439 in
1301 2401 1413 2439 omni
1435 2401 1625 2447 sermone,
1649 2399 1874 2439 laudabant.

475 2473 687 2518 Veterani,
719 2470 789 2525 qui
820 2470 1144 2525 appellabantur,
1175 2468 1322 2522 quibus
1355 2466 1422 2507 hic
1455 2468 1551 2508 ordo
1582 2465 1878 2521 diligentiffime
