<?xml version="1.0" encoding="UTF-8"?>
<!DOCTYPE html PUBLIC "-//W3C//DTD XHTML 1.0 Transitional//EN"
    "http://www.w3.org/TR/xhtml1/DTD/xhtml1-transitional.dtd">
<html xmlns="http://www.w3.org/1999/xhtml" xml:lang="en" lang="en">
 <head>
  <title>
</title>
<meta http-equiv="Content-Type" content="text/html;charset=utf-8" />
  <meta name='ocr-system' content='tesseract 3.04.00' />
  <meta name='ocr-capabilities' content='ocr_page ocr_carea ocr_par ocr_line ocrx_word'/>
</head>
<body>
  <div class='ocr_page' id='page_1' title='image "./operacumindicibu06ciceuoft_0346.png"; bbox 0 0 2076 2860; ppageno 0'>
   <div class='ocr_carea' id='block_1_1' title="bbox 520 194 1560 237">
    <p class='ocr_par' dir='ltr' id='par_1_1' title="bbox 520 194 1560 237">
     <span class='ocr_line' id='line_1_1' title="bbox 520 194 1560 237; baseline 0.011 -11"><span class='ocrx_word' id='word_1_1' title='bbox 520 199 594 237; x_wconf 49' lang='lat'>„5</span> <span class='ocrx_word' id='word_1_2' title='bbox 871 197 946 235; x_wconf 80' lang='lat' dir='ltr'>IN</span> <span class='ocrx_word' id='word_1_3' title='bbox 1006 194 1070 234; x_wconf 84' lang='lat' dir='ltr'>M.</span> <span class='ocrx_word' id='word_1_4' title='bbox 1132 196 1560 236; x_wconf 84' lang='lat' dir='ltr'>ANTONIUM</span> 
     </span>
    </p>
   </div>
   <div class='ocr_carea' id='block_1_2' title="bbox 517 229 565 253">
    <p class='ocr_par' dir='ltr' id='par_1_2' title="bbox 517 229 565 253">
     <span class='ocr_line' id='line_1_2' title="bbox 517 229 565 253; baseline -0.021 0"><span class='ocrx_word' id='word_1_5' title='bbox 517 229 565 253; x_wconf 61' lang='grc'>0,)</span> 
     </span>
    </p>
   </div>
   <div class='ocr_carea' id='block_1_3' title="bbox 479 299 1916 2547">
    <p class='ocr_par' dir='ltr' id='par_1_3' title="bbox 512 299 1916 685">
     <span class='ocr_line' id='line_1_3' title="bbox 517 299 1912 355; baseline 0 -15"><span class='ocrx_word' id='word_1_6' title='bbox 517 315 633 355; x_wconf 87' lang='lat' dir='ltr'>porro</span> <span class='ocrx_word' id='word_1_7' title='bbox 654 300 825 339; x_wconf 81' lang='lat' dir='ltr'>amentia</span> <span class='ocrx_word' id='word_1_8' title='bbox 846 300 913 345; x_wconf 86' lang='lat' dir='ltr'>est,</span> <span class='ocrx_word' id='word_1_9' title='bbox 945 313 1037 337; x_wconf 88' lang='lat' dir='ltr'>eum</span> <span class='ocrx_word' id='word_1_10' title='bbox 1059 299 1188 337; x_wconf 78' lang='lat' dir='ltr'>dicere</span> <span class='ocrx_word' id='word_1_11' title='bbox 1209 299 1361 352; x_wconf 89' lang='lat' dir='ltr'>aliquid</span> <span class='ocrx_word' id='word_1_12' title='bbox 1386 299 1433 338; x_wconf 93' lang='lat' dir='ltr'>de</span> <span class='ocrx_word' id='word_1_13' title='bbox 1454 313 1626 338; x_wconf 76' lang='lat' dir='ltr'>uxorum</span> <span class='ocrx_word' id='word_1_14' title='bbox 1646 300 1912 353; x_wconf 80' lang='lat' dir='ltr'>ignobilitate,</span> 
     </span>
     <span class='ocr_line' id='line_1_4' title="bbox 515 365 1912 420; baseline -0.001 -14"><span class='ocrx_word' id='word_1_15' title='bbox 515 370 629 420; x_wconf 82' lang='lat' dir='ltr'>cujus</span> <span class='ocrx_word' id='word_1_16' title='bbox 660 376 766 419; x_wconf 78' lang='lat' dir='ltr'>pater</span> <span class='ocrx_word' id='word_1_17' title='bbox 796 367 1071 405; x_wconf 83' lang='lat' dir='ltr'>Numitoriam</span> <span class='ocrx_word' id='word_1_18' title='bbox 1102 365 1391 417; x_wconf 79' lang='lat' dir='ltr'>Fregellanam,</span> <span class='ocrx_word' id='word_1_19' title='bbox 1423 365 1636 418; x_wconf 82' lang='lat' dir='ltr'>proditoris</span> <span class='ocrx_word' id='word_1_20' title='bbox 1667 366 1808 412; x_wconf 88' lang='lat' dir='ltr'>filiam,</span> <span class='ocrx_word' id='word_1_21' title='bbox 1839 367 1912 406; x_wconf 90' lang='lat' dir='ltr'>ha·-</span> 
     </span>
     <span class='ocr_line' id='line_1_5' title="bbox 515 431 1916 485; baseline 0 -13"><span class='ocrx_word' id='word_1_22' title='bbox 515 435 644 472; x_wconf 87' lang='lat' dir='ltr'>buerit</span> <span class='ocrx_word' id='word_1_23' title='bbox 667 447 858 478; x_wconf 77' lang='lat' dir='ltr'>uxorem3</span> <span class='ocrx_word' id='word_1_24' title='bbox 893 432 973 485; x_wconf 83' lang='lat' dir='ltr'>ipse</span> <span class='ocrx_word' id='word_1_25' title='bbox 1002 446 1049 470; x_wconf 83' lang='lat' dir='ltr'>ex</span> <span class='ocrx_word' id='word_1_26' title='bbox 1080 432 1258 469; x_wconf 89' lang='lat' dir='ltr'>libertini</span> <span class='ocrx_word' id='word_1_27' title='bbox 1288 431 1370 469; x_wconf 86' lang='lat' dir='ltr'>filia</span> <span class='ocrx_word' id='word_1_28' title='bbox 1399 432 1609 485; x_wconf 81' lang='lat' dir='ltr'>susceperit</span> <span class='ocrx_word' id='word_1_29' title='bbox 1629 433 1806 471; x_wconf 86' lang='lat' dir='ltr'>liberos?</span> <span class='ocrx_word' id='word_1_30' title='bbox 1840 434 1916 472; x_wconf 81' lang='lat' dir='ltr'>Sed</span> 
     </span>
     <span class='ocr_line' id='line_1_6' title="bbox 513 496 1912 550; baseline 0 -13"><span class='ocrx_word' id='word_1_31' title='bbox 513 499 590 537; x_wconf 87' lang='lat' dir='ltr'>hoc</span> <span class='ocrx_word' id='word_1_32' title='bbox 624 499 822 537; x_wconf 77' lang='lat' dir='ltr'>clariffimi</span> <span class='ocrx_word' id='word_1_33' title='bbox 856 499 930 536; x_wconf 82' lang='lat' dir='ltr'>viri</span> <span class='ocrx_word' id='word_1_34' title='bbox 962 498 1153 543; x_wconf 81' lang='lat' dir='ltr'>viderint,</span> <span class='ocrx_word' id='word_1_35' title='bbox 1187 499 1236 536; x_wconf 87' lang='lat' dir='ltr'>L.</span> <span class='ocrx_word' id='word_1_36' title='bbox 1261 496 1489 550; x_wconf 85' lang='lat' dir='ltr'>Philippus,</span> <span class='ocrx_word' id='word_1_37' title='bbox 1522 499 1593 550; x_wconf 89' lang='lat' dir='ltr'>qui</span> <span class='ocrx_word' id='word_1_38' title='bbox 1625 497 1744 537; x_wconf 91' lang='lat' dir='ltr'>habet</span> <span class='ocrx_word' id='word_1_39' title='bbox 1776 499 1912 537; x_wconf 88' lang='lat' dir='ltr'>Arici-</span> 
     </span>
     <span class='ocr_line' id='line_1_7' title="bbox 512 564 1913 618; baseline 0 -14"><span class='ocrx_word' id='word_1_40' title='bbox 512 579 603 604; x_wconf 82' lang='lat' dir='ltr'>nam</span> <span class='ocrx_word' id='word_1_41' title='bbox 635 580 815 610; x_wconf 79' lang='lat' dir='ltr'>uxorem,</span> <span class='ocrx_word' id='word_1_42' title='bbox 847 566 896 603; x_wconf 91' lang='lat' dir='ltr'>C.</span> <span class='ocrx_word' id='word_1_43' title='bbox 922 564 1154 608; x_wconf 77' lang='lat' dir='ltr'>Marcellus,</span> <span class='ocrx_word' id='word_1_44' title='bbox 1188 564 1258 616; x_wconf 85' lang='lat' dir='ltr'>qui</span> <span class='ocrx_word' id='word_1_45' title='bbox 1288 565 1461 602; x_wconf 81' lang='lat' dir='ltr'>Aricinae</span> <span class='ocrx_word' id='word_1_46' title='bbox 1491 564 1643 603; x_wconf 76' lang='lat' dir='ltr'>filiam:</span> <span class='ocrx_word' id='word_1_47' title='bbox 1676 579 1775 618; x_wconf 88' lang='lat' dir='ltr'>quos</span> <span class='ocrx_word' id='word_1_48' title='bbox 1806 575 1913 604; x_wconf 89' lang='lat' dir='ltr'>certe</span> 
     </span>
     <span class='ocr_line' id='line_1_8' title="bbox 514 630 1689 685; baseline -0.001 -14"><span class='ocrx_word' id='word_1_49' title='bbox 514 632 592 671; x_wconf 86' lang='lat' dir='ltr'>scio</span> <span class='ocrx_word' id='word_1_50' title='bbox 614 633 818 685; x_wconf 81' lang='lat' dir='ltr'>dignitatiS</span> <span class='ocrx_word' id='word_1_51' title='bbox 840 633 1082 685; x_wconf 86' lang='lat' dir='ltr'>optimarum</span> <span class='ocrx_word' id='word_1_52' title='bbox 1104 630 1361 668; x_wconf 75' lang='lat' dir='ltr'>foeminarum</span> <span class='ocrx_word' id='word_1_53' title='bbox 1382 645 1461 668; x_wconf 91' lang='lat' dir='ltr'>non</span> <span class='ocrx_word' id='word_1_54' title='bbox 1483 632 1689 684; x_wconf 82' lang='lat' dir='ltr'>poenitere.</span> 
     </span>
    </p>

    <p class='ocr_par' dir='ltr' id='par_1_4' title="bbox 479 696 1911 1747">
     <span class='ocr_line' id='line_1_9' title="bbox 568 696 1909 752; baseline 0 -15"><span class='ocrx_word' id='word_1_55' title='bbox 568 699 664 737; x_wconf 89' lang='lat' dir='ltr'>VII.</span> <span class='ocrx_word' id='word_1_56' title='bbox 690 699 800 737; x_wconf 88' lang='lat' dir='ltr'>Idem</span> <span class='ocrx_word' id='word_1_57' title='bbox 821 699 940 736; x_wconf 84' lang='lat' dir='ltr'>etiam</span> <span class='ocrx_word' id='word_1_58' title='bbox 962 698 1286 749; x_wconf 72' lang='lat' dir='ltr'>QCiceronem,</span> <span class='ocrx_word' id='word_1_59' title='bbox 1309 696 1439 735; x_wconf 86' lang='lat' dir='ltr'>fratris</span> <span class='ocrx_word' id='word_1_60' title='bbox 1461 698 1540 734; x_wconf 90' lang='lat' dir='ltr'>mei</span> <span class='ocrx_word' id='word_1_61' title='bbox 1561 697 1708 743; x_wconf 89' lang='lat' dir='ltr'>filium,</span> <span class='ocrx_word' id='word_1_62' title='bbox 1730 698 1909 752; x_wconf 85' lang='lat' dir='ltr'>compel-</span> 
     </span>
     <span class='ocr_line' id='line_1_10' title="bbox 512 763 1910 817; baseline -0.001 -13"><span class='ocrx_word' id='word_1_63' title='bbox 512 766 566 804; x_wconf 85' lang='lat' dir='ltr'>lat</span> <span class='ocrx_word' id='word_1_64' title='bbox 586 766 714 804; x_wconf 63' lang='lat' dir='ltr'>edicto</span> <span class='ocrx_word' id='word_1_65' title='bbox 732 785 742 811; x_wconf 84' lang='lat'>;</span> <span class='ocrx_word' id='word_1_66' title='bbox 777 780 848 803; x_wconf 90' lang='lat' dir='ltr'>nec</span> <span class='ocrx_word' id='word_1_67' title='bbox 870 765 986 802; x_wconf 84' lang='lat' dir='ltr'>sentit</span> <span class='ocrx_word' id='word_1_68' title='bbox 1007 777 1156 808; x_wconf 84' lang='lat' dir='ltr'>amens,</span> <span class='ocrx_word' id='word_1_69' title='bbox 1189 763 1578 802; x_wconf 81' lang='lat' dir='ltr'>commendationem</span> <span class='ocrx_word' id='word_1_70' title='bbox 1599 764 1670 802; x_wconf 83' lang='lat' dir='ltr'>effe</span> <span class='ocrx_word' id='word_1_71' title='bbox 1691 765 1910 817; x_wconf 78' lang='lat' dir='ltr'>compella-</span> 
     </span>
     <span class='ocr_line' id='line_1_11' title="bbox 513 829 1909 885; baseline -0.001 -14"><span class='ocrx_word' id='word_1_72' title='bbox 513 834 663 871; x_wconf 86' lang='lat' dir='ltr'>tionem</span> <span class='ocrx_word' id='word_1_73' title='bbox 694 833 817 872; x_wconf 86' lang='lat' dir='ltr'>suam.</span> <span class='ocrx_word' id='word_1_74' title='bbox 855 832 966 884; x_wconf 87' lang='lat' dir='ltr'>Qid</span> <span class='ocrx_word' id='word_1_75' title='bbox 987 831 1094 869; x_wconf 89' lang='lat' dir='ltr'>enim</span> <span class='ocrx_word' id='word_1_76' title='bbox 1115 830 1290 868; x_wconf 88' lang='lat' dir='ltr'>accidere</span> <span class='ocrx_word' id='word_1_77' title='bbox 1310 829 1406 868; x_wconf 90' lang='lat' dir='ltr'>huic</span> <span class='ocrx_word' id='word_1_78' title='bbox 1426 830 1662 868; x_wconf 87' lang='lat' dir='ltr'>adolescenti</span> <span class='ocrx_word' id='word_1_79' title='bbox 1683 832 1816 884; x_wconf 89' lang='lat' dir='ltr'>potuit</span> <span class='ocrx_word' id='word_1_80' title='bbox 1835 845 1909 885; x_wconf 91' lang='lat' dir='ltr'>op—</span> 
     </span>
     <span class='ocr_line' id='line_1_12' title="bbox 512 896 1911 951; baseline -0.001 -14"><span class='ocrx_word' id='word_1_81' title='bbox 512 900 646 944; x_wconf 80' lang='lat' dir='ltr'>tatius,</span> <span class='ocrx_word' id='word_1_82' title='bbox 679 913 799 951; x_wconf 87' lang='lat' dir='ltr'>quam</span> <span class='ocrx_word' id='word_1_83' title='bbox 821 898 1006 951; x_wconf 83' lang='lat' dir='ltr'>cognosci</span> <span class='ocrx_word' id='word_1_84' title='bbox 1027 897 1074 935; x_wconf 82' lang='lat' dir='ltr'>ab</span> <span class='ocrx_word' id='word_1_85' title='bbox 1095 896 1346 942; x_wconf 85' lang='lat' dir='ltr'>hominibus,</span> <span class='ocrx_word' id='word_1_86' title='bbox 1380 897 1540 935; x_wconf 79' lang='lat' dir='ltr'>Caesaris</span> <span class='ocrx_word' id='word_1_87' title='bbox 1563 897 1818 936; x_wconf 76' lang='lat' dir='ltr'>consiliorum</span> <span class='ocrx_word' id='word_1_88' title='bbox 1838 898 1911 936; x_wconf 84' lang='lat' dir='ltr'>effe</span> 
     </span>
     <span class='ocr_line' id='line_1_13' title="bbox 513 963 1908 1016; baseline -0.001 -13"><span class='ocrx_word' id='word_1_89' title='bbox 513 965 678 1010; x_wconf 89' lang='lat' dir='ltr'>socium,</span> <span class='ocrx_word' id='word_1_90' title='bbox 711 965 881 1003; x_wconf 86' lang='lat' dir='ltr'>Antonii</span> <span class='ocrx_word' id='word_1_91' title='bbox 901 963 1046 1002; x_wconf 85' lang='lat' dir='ltr'>furoris</span> <span class='ocrx_word' id='word_1_92' title='bbox 1068 963 1279 1001; x_wconf 88' lang='lat' dir='ltr'>inimicum</span> <span class='ocrx_word' id='word_1_93' title='bbox 1300 964 1313 1000; x_wconf 88' lang='lat'>?</span> <span class='ocrx_word' id='word_1_94' title='bbox 1346 964 1402 1001; x_wconf 90' lang='lat' dir='ltr'>At</span> <span class='ocrx_word' id='word_1_95' title='bbox 1431 964 1553 1001; x_wconf 87' lang='lat' dir='ltr'>etiam</span> <span class='ocrx_word' id='word_1_96' title='bbox 1580 963 1773 1016; x_wconf 81' lang='lat' dir='ltr'>gladiator</span> <span class='ocrx_word' id='word_1_97' title='bbox 1796 963 1908 1002; x_wconf 83' lang='lat' dir='ltr'>ausus</span> 
     </span>
     <span class='ocr_line' id='line_1_14' title="bbox 511 1030 1906 1083; baseline -0.001 -14"><span class='ocrx_word' id='word_1_98' title='bbox 511 1031 564 1069; x_wconf 91' lang='lat' dir='ltr'>est</span> <span class='ocrx_word' id='word_1_99' title='bbox 584 1031 765 1077; x_wconf 86' lang='lat' dir='ltr'>scribere,</span> <span class='ocrx_word' id='word_1_100' title='bbox 783 1031 892 1069; x_wconf 87' lang='lat' dir='ltr'>hunc</span> <span class='ocrx_word' id='word_1_101' title='bbox 909 1031 957 1068; x_wconf 92' lang='lat' dir='ltr'>de</span> <span class='ocrx_word' id='word_1_102' title='bbox 978 1030 1097 1083; x_wconf 84' lang='lat' dir='ltr'>patris</span> <span class='ocrx_word' id='word_1_103' title='bbox 1119 1039 1158 1068; x_wconf 93' lang='lat' dir='ltr'>et</span> <span class='ocrx_word' id='word_1_104' title='bbox 1178 1030 1308 1082; x_wconf 90' lang='lat' dir='ltr'>patrui</span> <span class='ocrx_word' id='word_1_105' title='bbox 1327 1030 1540 1082; x_wconf 86' lang='lat' dir='ltr'>parricidio</span> <span class='ocrx_word' id='word_1_106' title='bbox 1560 1030 1758 1082; x_wconf 75' lang='lat' dir='ltr'>cogitasse.</span> <span class='ocrx_word' id='word_1_107' title='bbox 1783 1032 1819 1068; x_wconf 95' lang='lat' dir='ltr'>O</span> <span class='ocrx_word' id='word_1_108' title='bbox 1837 1030 1906 1068; x_wconf 87' lang='lat' dir='ltr'>ad-</span> 
     </span>
     <span class='ocr_line' id='line_1_15' title="bbox 511 1096 1906 1150; baseline -0.001 -14"><span class='ocrx_word' id='word_1_109' title='bbox 511 1098 735 1136; x_wconf 86' lang='lat' dir='ltr'>mirabilem</span> <span class='ocrx_word' id='word_1_110' title='bbox 756 1097 1063 1150; x_wconf 89' lang='lat' dir='ltr'>impudentiam‚</span> <span class='ocrx_word' id='word_1_111' title='bbox 1086 1096 1303 1140; x_wconf 85' lang='lat' dir='ltr'>audaciam,</span> <span class='ocrx_word' id='word_1_112' title='bbox 1327 1096 1611 1134; x_wconf 86' lang='lat' dir='ltr'>temeritatem!</span> <span class='ocrx_word' id='word_1_113' title='bbox 1637 1097 1678 1134; x_wconf 85' lang='lat' dir='ltr'>in</span> <span class='ocrx_word' id='word_1_114' title='bbox 1698 1110 1790 1134; x_wconf 90' lang='lat' dir='ltr'>eum</span> <span class='ocrx_word' id='word_1_115' title='bbox 1811 1096 1906 1135; x_wconf 89' lang='lat' dir='ltr'>ado-</span> 
     </span>
     <span class='ocr_line' id='line_1_16' title="bbox 510 1162 1906 1217; baseline -0.001 -15"><span class='ocrx_word' id='word_1_116' title='bbox 510 1165 721 1203; x_wconf 91' lang='lat' dir='ltr'>lescentem</span> <span class='ocrx_word' id='word_1_117' title='bbox 737 1164 821 1202; x_wconf 87' lang='lat' dir='ltr'>haec</span> <span class='ocrx_word' id='word_1_118' title='bbox 843 1164 1009 1201; x_wconf 89' lang='lat' dir='ltr'>scribere</span> <span class='ocrx_word' id='word_1_119' title='bbox 1030 1163 1184 1207; x_wconf 82' lang='lat' dir='ltr'>audere,</span> <span class='ocrx_word' id='word_1_120' title='bbox 1203 1176 1324 1214; x_wconf 90' lang='lat' dir='ltr'>quem</span> <span class='ocrx_word' id='word_1_121' title='bbox 1344 1176 1418 1215; x_wconf 85' lang='lat' dir='ltr'>ego</span> <span class='ocrx_word' id='word_1_122' title='bbox 1438 1172 1476 1200; x_wconf 89' lang='lat' dir='ltr'>et</span> <span class='ocrx_word' id='word_1_123' title='bbox 1496 1162 1615 1200; x_wconf 84' lang='lat' dir='ltr'>frater</span> <span class='ocrx_word' id='word_1_124' title='bbox 1634 1177 1761 1209; x_wconf 85' lang='lat' dir='ltr'>meus,</span> <span class='ocrx_word' id='word_1_125' title='bbox 1784 1177 1906 1217; x_wconf 89' lang='lat' dir='ltr'>prop-</span> 
     </span>
     <span class='ocr_line' id='line_1_17' title="bbox 479 1228 1909 1283; baseline 0 -15"><span class='ocrx_word' id='word_1_126' title='bbox 479 1241 482 1243; x_wconf 73' lang='grc'><strong>’</strong></span> <span class='ocrx_word' id='word_1_127' title='bbox 511 1240 569 1268; x_wconf 92' lang='lat' dir='ltr'>ter</span> <span class='ocrx_word' id='word_1_128' title='bbox 589 1232 672 1283; x_wconf 83' lang='lat' dir='ltr'>ejus</span> <span class='ocrx_word' id='word_1_129' title='bbox 695 1230 931 1269; x_wconf 84' lang='lat' dir='ltr'>suaviffimos</span> <span class='ocrx_word' id='word_1_130' title='bbox 959 1238 1076 1282; x_wconf 84' lang='lat' dir='ltr'>atque</span> <span class='ocrx_word' id='word_1_131' title='bbox 1097 1230 1270 1281; x_wconf 87' lang='lat' dir='ltr'>optimos</span> <span class='ocrx_word' id='word_1_132' title='bbox 1298 1242 1441 1274; x_wconf 88' lang='lat' dir='ltr'>mores,</span> <span class='ocrx_word' id='word_1_133' title='bbox 1473 1228 1909 1283; x_wconf 83' lang='lat' dir='ltr'>praestantiffimumque</span> 
     </span>
     <span class='ocr_line' id='line_1_18' title="bbox 511 1294 1906 1349; baseline 0 -14"><span class='ocrx_word' id='word_1_134' title='bbox 511 1298 733 1349; x_wconf 84' lang='lat' dir='ltr'>ingenium,</span> <span class='ocrx_word' id='word_1_135' title='bbox 765 1296 945 1334; x_wconf 86' lang='lat' dir='ltr'>certatim</span> <span class='ocrx_word' id='word_1_136' title='bbox 966 1309 1159 1340; x_wconf 82' lang='lat' dir='ltr'>amamus,</span> <span class='ocrx_word' id='word_1_137' title='bbox 1190 1295 1455 1347; x_wconf 89' lang='lat' dir='ltr'>omnibusque</span> <span class='ocrx_word' id='word_1_138' title='bbox 1475 1294 1599 1339; x_wconf 86' lang='lat' dir='ltr'>horis,</span> <span class='ocrx_word' id='word_1_139' title='bbox 1625 1296 1768 1341; x_wconf 87' lang='lat' dir='ltr'>oculis,</span> <span class='ocrx_word' id='word_1_140' title='bbox 1799 1297 1906 1335; x_wconf 86' lang='lat' dir='ltr'>auri-</span> 
     </span>
     <span class='ocr_line' id='line_1_19' title="bbox 511 1361 1906 1416; baseline 0 -14"><span class='ocrx_word' id='word_1_141' title='bbox 511 1364 599 1409; x_wconf 82' lang='lat' dir='ltr'>bus,</span> <span class='ocrx_word' id='word_1_142' title='bbox 618 1363 832 1416; x_wconf 79' lang='lat' dir='ltr'>complexu</span> <span class='ocrx_word' id='word_1_143' title='bbox 855 1363 1058 1400; x_wconf 89' lang='lat' dir='ltr'>tenemus?</span> <span class='ocrx_word' id='word_1_144' title='bbox 1083 1362 1190 1400; x_wconf 92' lang='lat' dir='ltr'>Nam</span> <span class='ocrx_word' id='word_1_145' title='bbox 1211 1375 1276 1399; x_wconf 91' lang='lat' dir='ltr'>me</span> <span class='ocrx_word' id='word_1_146' title='bbox 1296 1361 1435 1399; x_wconf 87' lang='lat' dir='ltr'>iisdem</span> <span class='ocrx_word' id='word_1_147' title='bbox 1451 1361 1602 1406; x_wconf 57' lang='lat' dir='ltr'>edidis,</span> <span class='ocrx_word' id='word_1_148' title='bbox 1621 1361 1759 1407; x_wconf 91' lang='lat' dir='ltr'>nescit,</span> <span class='ocrx_word' id='word_1_149' title='bbox 1777 1362 1906 1409; x_wconf 86' lang='lat' dir='ltr'>laedat,</span> 
     </span>
     <span class='ocr_line' id='line_1_20' title="bbox 509 1428 1906 1481; baseline 0 -13"><span class='ocrx_word' id='word_1_150' title='bbox 509 1444 557 1468; x_wconf 85' lang='lat' dir='ltr'>an</span> <span class='ocrx_word' id='word_1_151' title='bbox 591 1430 736 1468; x_wconf 84' lang='lat' dir='ltr'>laudet.</span> <span class='ocrx_word' id='word_1_152' title='bbox 785 1430 892 1467; x_wconf 87' lang='lat' dir='ltr'>Cum</span> <span class='ocrx_word' id='word_1_153' title='bbox 919 1428 1028 1467; x_wconf 90' lang='lat' dir='ltr'>idem</span> <span class='ocrx_word' id='word_1_154' title='bbox 1056 1428 1299 1481; x_wconf 87' lang='lat' dir='ltr'>supplicium</span> <span class='ocrx_word' id='word_1_155' title='bbox 1330 1428 1505 1465; x_wconf 89' lang='lat' dir='ltr'>minatur</span> <span class='ocrx_word' id='word_1_156' title='bbox 1536 1428 1701 1480; x_wconf 88' lang='lat' dir='ltr'>optimis</span> <span class='ocrx_word' id='word_1_157' title='bbox 1733 1428 1906 1475; x_wconf 87' lang='lat' dir='ltr'>civibus,</span> 
     </span>
     <span class='ocr_line' id='line_1_21' title="bbox 509 1493 1908 1550; baseline 0.001 -16"><span class='ocrx_word' id='word_1_158' title='bbox 509 1496 617 1550; x_wconf 84' lang='lat' dir='ltr'>quod</span> <span class='ocrx_word' id='word_1_159' title='bbox 651 1510 724 1549; x_wconf 86' lang='lat' dir='ltr'>ego</span> <span class='ocrx_word' id='word_1_160' title='bbox 759 1495 806 1533; x_wconf 90' lang='lat' dir='ltr'>de</span> <span class='ocrx_word' id='word_1_161' title='bbox 841 1494 1136 1534; x_wconf 86' lang='lat' dir='ltr'>sceleratiffimis</span> <span class='ocrx_word' id='word_1_162' title='bbox 1171 1503 1210 1532; x_wconf 91' lang='lat' dir='ltr'>et</span> <span class='ocrx_word' id='word_1_163' title='bbox 1241 1494 1412 1547; x_wconf 83' lang='lat' dir='ltr'>peffimis</span> <span class='ocrx_word' id='word_1_164' title='bbox 1448 1493 1681 1547; x_wconf 88' lang='lat' dir='ltr'>sumpserim</span> <span class='ocrx_word' id='word_1_165' title='bbox 1695 1523 1707 1540; x_wconf 93' lang='lat'>,</span> <span class='ocrx_word' id='word_1_166' title='bbox 1750 1494 1908 1535; x_wconf 90' lang='lat' dir='ltr'>laudare</span> 
     </span>
     <span class='ocr_line' id='line_1_22' title="bbox 509 1559 1906 1614; baseline -0.001 -13"><span class='ocrx_word' id='word_1_167' title='bbox 509 1563 689 1608; x_wconf 89' lang='lat' dir='ltr'>videtur,</span> <span class='ocrx_word' id='word_1_168' title='bbox 722 1562 827 1614; x_wconf 87' lang='lat' dir='ltr'>quafi</span> <span class='ocrx_word' id='word_1_169' title='bbox 862 1562 1011 1600; x_wconf 88' lang='lat' dir='ltr'>imitari</span> <span class='ocrx_word' id='word_1_170' title='bbox 1045 1561 1169 1600; x_wconf 89' lang='lat' dir='ltr'>velit:</span> <span class='ocrx_word' id='word_1_171' title='bbox 1202 1575 1296 1598; x_wconf 91' lang='lat' dir='ltr'>cum</span> <span class='ocrx_word' id='word_1_172' title='bbox 1331 1570 1463 1598; x_wconf 89' lang='lat' dir='ltr'>autem</span> <span class='ocrx_word' id='word_1_173' title='bbox 1498 1560 1609 1598; x_wconf 88' lang='lat' dir='ltr'>illam</span> <span class='ocrx_word' id='word_1_174' title='bbox 1644 1559 1906 1613; x_wconf 85' lang='lat' dir='ltr'>pulcherrimi</span> 
     </span>
     <span class='ocr_line' id='line_1_23' title="bbox 508 1625 1906 1680; baseline 0 -14"><span class='ocrx_word' id='word_1_175' title='bbox 508 1627 601 1667; x_wconf 62' lang='lat' dir='ltr'>faeci</span> <span class='ocrx_word' id='word_1_176' title='bbox 621 1628 855 1667; x_wconf 86' lang='lat' dir='ltr'>memoriam</span> <span class='ocrx_word' id='word_1_177' title='bbox 876 1626 1033 1666; x_wconf 86' lang='lat' dir='ltr'>refricat</span> <span class='ocrx_word' id='word_1_178' title='bbox 1044 1646 1056 1674; x_wconf 81' lang='lat'>3</span> <span class='ocrx_word' id='word_1_179' title='bbox 1080 1635 1168 1665; x_wconf 89' lang='lat' dir='ltr'>tum</span> <span class='ocrx_word' id='word_1_180' title='bbox 1183 1639 1204 1664; x_wconf 88' lang='lat' dir='ltr'>a</span> <span class='ocrx_word' id='word_1_181' title='bbox 1223 1625 1282 1664; x_wconf 89' lang='lat' dir='ltr'>sui</span> <span class='ocrx_word' id='word_1_182' title='bbox 1302 1626 1498 1665; x_wconf 71' lang='lat' dir='ltr'>similibus</span> <span class='ocrx_word' id='word_1_183' title='bbox 1519 1625 1708 1665; x_wconf 88' lang='lat' dir='ltr'>invidiam</span> <span class='ocrx_word' id='word_1_184' title='bbox 1730 1626 1906 1680; x_wconf 87' lang='lat' dir='ltr'>aliquam</span> 
     </span>
     <span class='ocr_line' id='line_1_24' title="bbox 508 1694 1045 1747; baseline -0.002 -14"><span class='ocrx_word' id='word_1_185' title='bbox 508 1696 549 1733; x_wconf 83' lang='lat' dir='ltr'>in</span> <span class='ocrx_word' id='word_1_186' title='bbox 571 1710 633 1734; x_wconf 87' lang='lat' dir='ltr'>me</span> <span class='ocrx_word' id='word_1_187' title='bbox 654 1694 898 1734; x_wconf 88' lang='lat' dir='ltr'>commoveri</span> <span class='ocrx_word' id='word_1_188' title='bbox 919 1703 1045 1747; x_wconf 89' lang='lat' dir='ltr'>putat.</span> 
     </span>
    </p>

    <p class='ocr_par' dir='ltr' id='par_1_5' title="bbox 501 1759 1905 2547">
     <span class='ocr_line' id='line_1_25' title="bbox 565 1759 1905 1814; baseline -0.001 -15"><span class='ocrx_word' id='word_1_189' title='bbox 565 1762 637 1799; x_wconf 87' lang='lat' dir='ltr'>Sed</span> <span class='ocrx_word' id='word_1_190' title='bbox 659 1761 739 1814; x_wconf 90' lang='lat' dir='ltr'>ipse</span> <span class='ocrx_word' id='word_1_191' title='bbox 760 1760 856 1814; x_wconf 90' lang='lat' dir='ltr'>quid</span> <span class='ocrx_word' id='word_1_192' title='bbox 877 1760 974 1799; x_wconf 90' lang='lat' dir='ltr'>fecit</span> <span class='ocrx_word' id='word_1_193' title='bbox 993 1763 1006 1798; x_wconf 91' lang='lat'>?</span> <span class='ocrx_word' id='word_1_194' title='bbox 1040 1762 1147 1799; x_wconf 89' lang='lat' dir='ltr'>Cum</span> <span class='ocrx_word' id='word_1_195' title='bbox 1168 1762 1227 1798; x_wconf 90' lang='lat' dir='ltr'>tot</span> <span class='ocrx_word' id='word_1_196' title='bbox 1248 1759 1374 1798; x_wconf 58' lang='lat' dir='ltr'>edicta</span> <span class='ocrx_word' id='word_1_197' title='bbox 1392 1759 1664 1813; x_wconf 83' lang='lat' dir='ltr'>proposuiffet,</span> <span class='ocrx_word' id='word_1_198' title='bbox 1696 1759 1836 1805; x_wconf 84' lang='lat' dir='ltr'>edixit,</span> <span class='ocrx_word' id='word_1_199' title='bbox 1859 1767 1905 1798; x_wconf 89' lang='lat' dir='ltr'>ut</span> 
     </span>
     <span class='ocr_line' id='line_1_26' title="bbox 501 1825 1901 1879; baseline 0 -14"><span class='ocrx_word' id='word_1_200' title='bbox 501 1828 647 1865; x_wconf 30' lang='lat' dir='ltr'>*adefi‘et</span> <span class='ocrx_word' id='word_1_201' title='bbox 691 1827 842 1865; x_wconf 85' lang='lat' dir='ltr'>senatus</span> <span class='ocrx_word' id='word_1_202' title='bbox 876 1825 1061 1879; x_wconf 88' lang='lat' dir='ltr'>frequens</span> <span class='ocrx_word' id='word_1_203' title='bbox 1096 1840 1131 1865; x_wconf 88' lang='lat' dir='ltr'>a.</span> <span class='ocrx_word' id='word_1_204' title='bbox 1168 1827 1207 1864; x_wconf 92' lang='lat' dir='ltr'>d.</span> <span class='ocrx_word' id='word_1_205' title='bbox 1244 1840 1349 1864; x_wconf 84' lang='lat' dir='ltr'>V111.</span> <span class='ocrx_word' id='word_1_206' title='bbox 1393 1826 1588 1864; x_wconf 87' lang='lat' dir='ltr'>Kalendas</span> <span class='ocrx_word' id='word_1_207' title='bbox 1629 1826 1871 1865; x_wconf 87' lang='lat' dir='ltr'>Decembres</span> <span class='ocrx_word' id='word_1_208' title='bbox 1887 1846 1901 1872; x_wconf 83' lang='lat'>;</span> 
     </span>
     <span class='ocr_line' id='line_1_27' title="bbox 508 1891 1902 1946; baseline -0.001 -15"><span class='ocrx_word' id='word_1_209' title='bbox 508 1907 554 1932; x_wconf 90' lang='lat' dir='ltr'>eo</span> <span class='ocrx_word' id='word_1_210' title='bbox 575 1893 637 1931; x_wconf 88' lang='lat' dir='ltr'>die</span> <span class='ocrx_word' id='word_1_211' title='bbox 667 1892 747 1946; x_wconf 90' lang='lat' dir='ltr'>ipse</span> <span class='ocrx_word' id='word_1_212' title='bbox 774 1906 854 1931; x_wconf 88' lang='lat' dir='ltr'>non</span> <span class='ocrx_word' id='word_1_213' title='bbox 883 1892 1012 1930; x_wconf 86' lang='lat' dir='ltr'>affuit.</span> <span class='ocrx_word' id='word_1_214' title='bbox 1056 1893 1112 1930; x_wconf 92' lang='lat' dir='ltr'>At</span> <span class='ocrx_word' id='word_1_215' title='bbox 1142 1891 1344 1944; x_wconf 91' lang='lat' dir='ltr'>quomodo</span> <span class='ocrx_word' id='word_1_216' title='bbox 1373 1891 1531 1930; x_wconf 82' lang='lat' dir='ltr'>edixit?</span> <span class='ocrx_word' id='word_1_217' title='bbox 1562 1891 1645 1930; x_wconf 87' lang='lat' dir='ltr'>haec</span> <span class='ocrx_word' id='word_1_218' title='bbox 1674 1892 1780 1937; x_wconf 91' lang='lat' dir='ltr'>sunt,</span> <span class='ocrx_word' id='word_1_219' title='bbox 1811 1893 1902 1945; x_wconf 92' lang='lat' dir='ltr'>opi—</span> 
     </span>
     <span class='ocr_line' id='line_1_28' title="bbox 508 1949 1902 2012; baseline -0.001 -14"><span class='ocrx_word' id='word_1_220' title='bbox 508 1974 594 2005; x_wconf 88' lang='lat' dir='ltr'>nor,</span> <span class='ocrx_word' id='word_1_221' title='bbox 626 1959 743 1998; x_wconf 89' lang='lat' dir='ltr'>verba</span> <span class='ocrx_word' id='word_1_222' title='bbox 771 1959 813 1997; x_wconf 89' lang='lat' dir='ltr'>in</span> <span class='ocrx_word' id='word_1_223' title='bbox 843 1949 1035 1998; x_wconf 86' lang='lat' dir='ltr'>extremo.</span> <span class='ocrx_word' id='word_1_224' title='bbox 1083 1958 1126 1997; x_wconf 81' lang='lat' dir='ltr'>Si</span> <span class='ocrx_word' id='word_1_225' title='bbox 1151 1958 1228 2011; x_wconf 83' lang='lat' dir='ltr'>quis</span> <span class='ocrx_word' id='word_1_226' title='bbox 1256 1972 1323 1996; x_wconf 80' lang='lat' dir='ltr'>non</span> <span class='ocrx_word' id='word_1_227' title='bbox 1352 1958 1517 2011; x_wconf 70' lang='lat' dir='ltr'>afficeris,</span> <span class='ocrx_word' id='word_1_228' title='bbox 1547 1957 1643 1996; x_wconf 85' lang='lat' dir='ltr'>hunc</span> <span class='ocrx_word' id='word_1_229' title='bbox 1669 1972 1784 1996; x_wconf 84' lang='lat' dir='ltr'>omnes</span> <span class='ocrx_word' id='word_1_230' title='bbox 1811 1959 1902 2012; x_wconf 62' lang='lat' dir='ltr'>exyL</span> 
     </span>
     <span class='ocr_line' id='line_1_29' title="bbox 507 2023 1903 2078; baseline -0.001 -13"><span class='ocrx_word' id='word_1_231' title='bbox 507 2027 637 2065; x_wconf 80' lang='lat' dir='ltr'>timare</span> <span class='ocrx_word' id='word_1_232' title='bbox 649 2034 825 2078; x_wconf 82' lang='lat' dir='ltr'>poterunt</span> <span class='ocrx_word' id='word_1_233' title='bbox 845 2034 879 2063; x_wconf 80' lang='lat' dir='ltr'>et</span> <span class='ocrx_word' id='word_1_234' title='bbox 898 2025 1069 2064; x_wconf 80' lang='lat' dir='ltr'>interitus</span> <span class='ocrx_word' id='word_1_235' title='bbox 1086 2025 1165 2070; x_wconf 77' lang='lat' dir='ltr'>mei,</span> <span class='ocrx_word' id='word_1_236' title='bbox 1186 2033 1221 2063; x_wconf 85' lang='lat' dir='ltr'>et</span> <span class='ocrx_word' id='word_1_237' title='bbox 1234 2023 1544 2077; x_wconf 72' lang='lat' dir='ltr'>perditffmorum</span> <span class='ocrx_word' id='word_1_238' title='bbox 1563 2024 1791 2076; x_wconf 54' lang='lat' dir='ltr'>coqstfforum,</span> <span class='ocrx_word' id='word_1_239' title='bbox 1812 2039 1903 2064; x_wconf 83' lang='lat' dir='ltr'>auc-</span> 
     </span>
     <span class='ocr_line' id='line_1_30' title="bbox 507 2090 1904 2145; baseline -0.001 -14"><span class='ocrx_word' id='word_1_240' title='bbox 507 2092 696 2145; x_wconf 73' lang='lat' dir='ltr'>toremfici</span> <span class='ocrx_word' id='word_1_241' title='bbox 718 2106 747 2130; x_wconf 83' lang='lat' dir='ltr'>e.</span> <span class='ocrx_word' id='word_1_242' title='bbox 781 2093 880 2143; x_wconf 85' lang='lat' dir='ltr'>Qae</span> <span class='ocrx_word' id='word_1_243' title='bbox 910 2091 1000 2129; x_wconf 86' lang='lat' dir='ltr'>sunt</span> <span class='ocrx_word' id='word_1_244' title='bbox 1030 2090 1180 2143; x_wconf 91' lang='lat' dir='ltr'>perdita</span> <span class='ocrx_word' id='word_1_245' title='bbox 1209 2090 1399 2128; x_wconf 82' lang='lat' dir='ltr'>consilia?</span> <span class='ocrx_word' id='word_1_246' title='bbox 1431 2103 1478 2127; x_wconf 89' lang='lat' dir='ltr'>an</span> <span class='ocrx_word' id='word_1_247' title='bbox 1506 2102 1562 2134; x_wconf 90' lang='lat' dir='ltr'>ea,</span> <span class='ocrx_word' id='word_1_248' title='bbox 1595 2103 1681 2142; x_wconf 68' lang='lat' dir='ltr'>quae</span> <span class='ocrx_word' id='word_1_249' title='bbox 1702 2090 1904 2143; x_wconf 89' lang='lat' dir='ltr'>pertinent</span> 
     </span>
     <span class='ocr_line' id='line_1_31' title="bbox 507 2155 1901 2210; baseline 0 -14"><span class='ocrx_word' id='word_1_250' title='bbox 507 2158 554 2196; x_wconf 89' lang='lat' dir='ltr'>ad</span> <span class='ocrx_word' id='word_1_251' title='bbox 574 2158 798 2197; x_wconf 89' lang='lat' dir='ltr'>libertatem</span> <span class='ocrx_word' id='word_1_252' title='bbox 819 2157 959 2210; x_wconf 91' lang='lat' dir='ltr'>populi</span> <span class='ocrx_word' id='word_1_253' title='bbox 981 2158 1152 2195; x_wconf 88' lang='lat' dir='ltr'>Romani</span> <span class='ocrx_word' id='word_1_254' title='bbox 1173 2155 1503 2209; x_wconf 86' lang='lat' dir='ltr'>recuperandam?</span> <span class='ocrx_word' id='word_1_255' title='bbox 1526 2169 1698 2209; x_wconf 88' lang='lat' dir='ltr'>quorum</span> <span class='ocrx_word' id='word_1_256' title='bbox 1714 2156 1901 2196; x_wconf 89' lang='lat' dir='ltr'>confilio-</span> 
     </span>
     <span class='ocr_line' id='line_1_32' title="bbox 507 2221 1898 2269; baseline -0.001 -5"><span class='ocrx_word' id='word_1_257' title='bbox 507 2239 597 2264; x_wconf 89' lang='lat' dir='ltr'>rum</span> <span class='ocrx_word' id='word_1_258' title='bbox 619 2224 759 2263; x_wconf 78' lang='lat' dir='ltr'>Caesari</span> <span class='ocrx_word' id='word_1_259' title='bbox 779 2238 842 2262; x_wconf 90' lang='lat' dir='ltr'>me</span> <span class='ocrx_word' id='word_1_260' title='bbox 862 2225 1075 2269; x_wconf 58' lang='lat' dir='ltr'>auetorem,</span> <span class='ocrx_word' id='word_1_261' title='bbox 1093 2233 1132 2261; x_wconf 92' lang='lat' dir='ltr'>et</span> <span class='ocrx_word' id='word_1_262' title='bbox 1151 2222 1408 2268; x_wconf 89' lang='lat' dir='ltr'>hortatorem,</span> <span class='ocrx_word' id='word_1_263' title='bbox 1425 2231 1465 2261; x_wconf 89' lang='lat' dir='ltr'>et</span> <span class='ocrx_word' id='word_1_264' title='bbox 1481 2222 1553 2260; x_wconf 84' lang='lat' dir='ltr'>effe</span> <span class='ocrx_word' id='word_1_265' title='bbox 1569 2231 1608 2260; x_wconf 90' lang='lat' dir='ltr'>et</span> <span class='ocrx_word' id='word_1_266' title='bbox 1628 2221 1740 2261; x_wconf 85' lang='lat' dir='ltr'>fuiffe</span> <span class='ocrx_word' id='word_1_267' title='bbox 1759 2221 1898 2263; x_wconf 87' lang='lat' dir='ltr'>fateor.</span> 
     </span>
     <span class='ocr_line' id='line_1_33' title="bbox 508 2288 1899 2345; baseline -0.001 -15"><span class='ocrx_word' id='word_1_268' title='bbox 508 2294 750 2345; x_wconf 86' lang='lat' dir='ltr'>Qanquam</span> <span class='ocrx_word' id='word_1_269' title='bbox 770 2290 839 2328; x_wconf 85' lang='lat' dir='ltr'>ille</span> <span class='ocrx_word' id='word_1_270' title='bbox 860 2304 939 2328; x_wconf 88' lang='lat' dir='ltr'>non</span> <span class='ocrx_word' id='word_1_271' title='bbox 961 2290 1071 2344; x_wconf 88' lang='lat' dir='ltr'>eguit</span> <span class='ocrx_word' id='word_1_272' title='bbox 1092 2290 1255 2328; x_wconf 77' lang='lat' dir='ltr'>consilio</span> <span class='ocrx_word' id='word_1_273' title='bbox 1275 2289 1508 2343; x_wconf 88' lang='lat' dir='ltr'>cujusquam</span> <span class='ocrx_word' id='word_1_274' title='bbox 1527 2304 1535 2327; x_wconf 91' lang='lat'><strong>:</strong></span> <span class='ocrx_word' id='word_1_275' title='bbox 1569 2288 1633 2327; x_wconf 89' lang='lat' dir='ltr'>sed</span> <span class='ocrx_word' id='word_1_276' title='bbox 1655 2298 1785 2327; x_wconf 84' lang='lat' dir='ltr'>tamen</span> <span class='ocrx_word' id='word_1_277' title='bbox 1806 2303 1899 2328; x_wconf 88' lang='lat' dir='ltr'>cur-</span> 
     </span>
     <span class='ocr_line' id='line_1_34' title="bbox 509 2354 1899 2409; baseline -0.002 -12"><span class='ocrx_word' id='word_1_278' title='bbox 509 2368 676 2404; x_wconf 88' lang='lat' dir='ltr'>rentem,</span> <span class='ocrx_word' id='word_1_279' title='bbox 707 2366 752 2396; x_wconf 87' lang='lat' dir='ltr'>ut</span> <span class='ocrx_word' id='word_1_280' title='bbox 772 2357 934 2401; x_wconf 89' lang='lat' dir='ltr'>dicitur,</span> <span class='ocrx_word' id='word_1_281' title='bbox 966 2356 1142 2395; x_wconf 87' lang='lat' dir='ltr'>incitavi.</span> <span class='ocrx_word' id='word_1_282' title='bbox 1181 2357 1287 2395; x_wconf 91' lang='lat' dir='ltr'>Nam</span> <span class='ocrx_word' id='word_1_283' title='bbox 1321 2356 1504 2394; x_wconf 88' lang='lat' dir='ltr'>interitus</span> <span class='ocrx_word' id='word_1_284' title='bbox 1532 2354 1694 2409; x_wconf 90' lang='lat' dir='ltr'>quidem</span> <span class='ocrx_word' id='word_1_285' title='bbox 1723 2355 1781 2392; x_wconf 90' lang='lat' dir='ltr'>tui</span> <span class='ocrx_word' id='word_1_286' title='bbox 1809 2354 1899 2408; x_wconf 85' lang='lat' dir='ltr'>quis</span> 
     </span>
     <span class='ocr_line' id='line_1_35' title="bbox 508 2420 1897 2474; baseline -0.005 -9"><span class='ocrx_word' id='word_1_287' title='bbox 508 2426 635 2465; x_wconf 88' lang='lat' dir='ltr'>bonus</span> <span class='ocrx_word' id='word_1_288' title='bbox 664 2438 743 2464; x_wconf 87' lang='lat' dir='ltr'>non</span> <span class='ocrx_word' id='word_1_289' title='bbox 764 2423 854 2462; x_wconf 78' lang='lat' dir='ltr'>esset</span> <span class='ocrx_word' id='word_1_290' title='bbox 874 2424 1022 2469; x_wconf 57' lang='lat' dir='ltr'>auctor,</span> <span class='ocrx_word' id='word_1_291' title='bbox 1053 2436 1147 2461; x_wconf 90' lang='lat' dir='ltr'>cum</span> <span class='ocrx_word' id='word_1_292' title='bbox 1176 2423 1218 2461; x_wconf 85' lang='lat' dir='ltr'>in</span> <span class='ocrx_word' id='word_1_293' title='bbox 1248 2436 1293 2461; x_wconf 91' lang='lat' dir='ltr'>eo</span> <span class='ocrx_word' id='word_1_294' title='bbox 1323 2422 1421 2461; x_wconf 86' lang='lat' dir='ltr'>salus</span> <span class='ocrx_word' id='word_1_295' title='bbox 1443 2431 1481 2460; x_wconf 92' lang='lat' dir='ltr'>et</span> <span class='ocrx_word' id='word_1_296' title='bbox 1501 2422 1581 2460; x_wconf 90' lang='lat' dir='ltr'>vita</span> <span class='ocrx_word' id='word_1_297' title='bbox 1600 2421 1744 2474; x_wconf 89' lang='lat' dir='ltr'>optimi</span> <span class='ocrx_word' id='word_1_298' title='bbox 1763 2420 1897 2473; x_wconf 87' lang='lat' dir='ltr'>cujus-</span> 
     </span>
     <span class='ocr_line' id='line_1_36' title="bbox 505 2486 1795 2547; baseline -0.006 -15"><span class='ocrx_word' id='word_1_299' title='bbox 505 2506 599 2547; x_wconf 88' lang='lat' dir='ltr'>que,</span> <span class='ocrx_word' id='word_1_300' title='bbox 629 2500 670 2532; x_wconf 86' lang='lat' dir='ltr'>et</span> <span class='ocrx_word' id='word_1_301' title='bbox 688 2490 848 2534; x_wconf 76' lang='lat' dir='ltr'>libertas</span> <span class='ocrx_word' id='word_1_302' title='bbox 868 2489 1010 2545; x_wconf 86' lang='lat' dir='ltr'>populi</span> <span class='ocrx_word' id='word_1_303' title='bbox 1031 2489 1218 2536; x_wconf 89' lang='lat' dir='ltr'>Romani,</span> <span class='ocrx_word' id='word_1_304' title='bbox 1251 2488 1514 2543; x_wconf 81' lang='lat' dir='ltr'>dignitasque,</span> <span class='ocrx_word' id='word_1_305' title='bbox 1544 2486 1763 2527; x_wconf 79' lang='lat' dir='ltr'>consisteret</span> <span class='ocrx_word' id='word_1_306' title='bbox 1782 2486 1795 2524; x_wconf 91' lang='lat'>?</span> 
     </span>
    </p>
   </div>
  </div>
 </body>
</html>
