2076 2860
598 158 1362 201 CONSULARIBUS.
1615 172 1685 196 Μ’

1669 191 1687 211 a]

332 264 405 302 Sed
436 262 589 301 fruatur
619 261 705 299 sane
731 260 808 298 hoc
832 259 969 297 solatio
989 274 997 296 :
1031 266 1149 310 atque
1171 256 1273 294 hanc
1296 256 1488 308 infignem
1512 256 1687 308 ignomi-

276 330 383 368 niam
398 360 409 374 ,
441 329 633 382 quoniam
654 328 724 365 uni
745 334 885 380 praeter
906 323 942 362 se
964 324 1091 362 inusta
1111 323 1164 362 est
1181 354 1190 369 ‚
1224 333 1338 376 putet
1369 322 1441 361 effe
1472 322 1660 360 leviorem
1677 351 1687 366 ,

274 396 508 441 dummodo,
542 395 603 447 cuj
613 408 655 433 us
677 393 863 447 exemplo
886 392 921 430 se
942 391 1181 436 consolatur,
1205 392 1288 443 ejus
1310 392 1463 429 exitum
1484 391 1686 442 expectet:

272 463 508 517 praesertirn,
541 476 636 501 cum
657 462 698 500 in
722 460 900 499 Albucio
922 474 993 498 nec
1018 459 1169 496 Pisonis
1193 458 1403 503 libidines,
1438 471 1509 496 nec
1531 456 1691 494 audacia

274 531 442 569 Gabinii
478 529 627 575 fuerit,
670 528 743 567 hac
786 537 918 566 tamen
959 540 1035 565 una
1071 526 1186 579 plaga
1226 524 1472 570 conciderit,
1511 523 1687 577 ignomi-

273 597 338 636 nia
359 597 527 636 senatus.

331 666 459 719 Atqui
482 665 575 703 duas
600 664 751 703 Gallias
775 661 844 716 qui
866 661 1041 700 decernit
1063 660 1293 699 consulibus
1316 659 1471 698 duobus
1489 689 1499 704 ,
1531 658 1603 697 hos
1627 671 1688 696 re-

274 734 377 772 tinet
397 733 515 771 ambo
535 748 543 771 z
578 732 647 785 qui
669 740 802 769 autem
823 731 985 768 alteram
1009 728 1185 766 Galliam
1203 758 1213 773 ‚
1245 737 1285 765 et
1314 736 1381 765 aut
1413 727 1563 778 Syriam
1580 756 1589 770 ,
1622 735 1689 763 aut

275 799 573 844 Macedoniam,
607 808 739 836 tamen
760 797 929 834 alterum
951 795 1108 839 retinet,
1141 803 1180 832 et
1202 795 1241 832 in
1266 793 1471 847 utriusque
1492 794 1575 846 pari
1606 791 1688 830 sce-

275 867 355 905 lere
375 867 569 920 disparem
590 864 865 903 conditionem
886 861 998 900 facit.
1043 862 1218 905 Faciam,
1252 861 1401 914 inquit,
1434 860 1521 898 illas
1544 870 1687 913 praeto-

275 936 365 980 rias,
390 943 433 972 ut
455 932 588 971 Pisoni
610 941 648 970 et
671 931 849 970 Gabinio
871 928 1101 968 succedatur
1123 928 1267 967 statim.
1303 929 1343 966 Si
1363 927 1431 966 hic
1454 928 1549 966 sinat
1569 943 1577 966 z
1603 936 1690 965 tum

274 1002 383 1040 enim
404 1001 590 1039 tribunus
613 997 853 1037 intercedere
874 997 1035 1050 poterit,
1060 1010 1168 1034 nunc
1190 1009 1270 1034 non
1293 994 1432 1049 potest.
1458 996 1596 1048 Itaque
1617 1008 1691 1046 ego

275 1068 408 1114 idem,
441 1069 511 1122 qui
545 1081 652 1106 nunc
685 1065 916 1104 consulibus
950 1065 1025 1109 iis,
1058 1065 1129 1117 qui
1151 1063 1341 1116 designati
1362 1072 1504 1108 erunt,
1539 1062 1689 1114 Syriam

275 1135 638 1188 Macedoniamque
670 1133 863 1178 decerno,
896 1132 1104 1170 decernam
1137 1130 1289 1169 easdem
1322 1130 1543 1184 praetorias,
1576 1138 1621 1167 ut
1653 1138 1691 1166 et

275 1212 459 1257 praetores
482 1215 628 1240 annuas
650 1200 873 1255 provincias
896 1198 1067 1238 habeant
1085 1229 1095 1244 ‚
1129 1208 1167 1237 et
1196 1212 1262 1237 eos
1288 1211 1408 1251 quam
1430 1197 1607 1250 primum
1629 1196 1690 1233 vi-

277 1270 454 1315 deamus,
487 1282 586 1324 quos
607 1269 742 1307 animo
764 1281 876 1321 aequo
898 1266 1029 1304 videre
1051 1280 1131 1304 non
1153 1265 1371 1319 possumus.

333 1338 451 1376 VIII.
487 1336 574 1382 Sed,
599 1335 701 1374 mihi
722 1334 885 1380 credite,
908 1347 1117 1387 nunquam
1138 1332 1368 1371 succedetur
1389 1331 1485 1377 illis,
1505 1331 1575 1370 nis1
1598 1345 1691 1369 cum

277 1418 321 1443 ea
336 1404 423 1457 lege
440 1403 644 1449 referetur,
664 1416 742 1456 qua
757 1401 949 1441 intercedi
967 1400 1014 1439 de
1031 1400 1247 1454 provinciis
1266 1414 1344 1438 non
1363 1398 1516 1437 licebit.
1537 1399 1690 1451 Itaque,

276 1470 355 1510 hoc
378 1480 554 1525 tempore
575 1469 725 1515 amiffo,
757 1482 883 1507 annus
905 1468 959 1506 est
980 1469 1133 1520 integer
1154 1467 1266 1505 vobis
1289 1465 1552 1519 expectandus
1570 1480 1577 1502 :
1612 1477 1693 1517 quo

276 1540 499 1592 interjectQ
526 1538 678 1577 civium
698 1537 915 1580 calamitas,
939 1534 1137 1573 sociorum
1158 1547 1345 1577 aerumna,
1378 1531 1691 1570 sceleratiffimo-

279 1617 369 1642 rum
385 1603 602 1642 hominum
618 1602 852 1655 impunitas,
870 1609 1123 1655 propagatur.
1142 1599 1264 1651 Qod
1285 1599 1311 1637 fi
1329 1597 1448 1636 effent
1470 1597 1530 1636 illi
1548 1596 1693 1650 optimi

279 1671 369 1717 viri,
402 1680 533 1709 tamen
567 1683 640 1723 ego
672 1683 759 1708 mea
791 1668 983 1707 sententia
1016 1667 1065 1706 C.
1096 1665 1236 1705 Caesari
1270 1663 1562 1705 succedendum
1588 1677 1691 1702 non-

280 1738 378 1777 dum
399 1747 593 1791 putarem.
638 1737 729 1788 Qa
748 1735 797 1773 de
818 1749 857 1773 re
878 1734 1023 1779 dicam,
1058 1733 1190 1771 Patres
1212 1732 1443 1785 conscripti,
1467 1730 1584 1784 xquod
1605 1730 1692 1769 sen-

280 1805 352 1850 tio,
385 1813 503 1857 atque
524 1803 636 1841 illam
656 1801 1019 1855 interpellationem
1042 1800 1121 1838 mei
1143 1798 1449 1843 familiariffimi,
1477 1811 1555 1851 qua
1574 1797 1693 1851 paulo

279 1880 369 1910 ante
401 1871 624 1923 interrupta
654 1868 708 1907 est
740 1867 865 1906 oratio
895 1880 996 1913 mea,
1030 1880 1110 1905 non
1141 1865 1432 1920 pertimescam.
1466 1865 1600 1917 Negat
1630 1878 1694 1902 me

229 1939 238 1944 ’
278 1938 338 1979 vir
369 1939 547 1992 optimus
577 1936 848 1976 inimiciorem
871 1934 1048 1974 Gabinio
1078 1934 1219 1973 debere
1249 1932 1336 1978 effe,
1369 1946 1489 1986 quam
1520 1931 1689 1970 Caesari:

279 2018 444 2044 omnem
477 2004 588 2043 enim
619 2002 732 2042 illam
766 2001 1064 2055 tempestatem,
1097 2000 1163 2038 cui
1196 1999 1398 2044 cesserim,
1433 1998 1580 2037 Caesare
1612 1998 1691 2036 im-

279 2071 436 2126 pulsore
463 2081 582 2125 atque
611 2070 790 2123 adjutore
818 2068 892 2107 effe
921 2068 1149 2107 excitatam.
1193 2068 1271 2106 Cui
1303 2067 1328 2104 fi
1357 2066 1534 2119 primum
1558 2065 1607 2103 fic
1631 2079 1690 2102 re-

282 2139 495 2193 spondeam
509 2169 520 2185 ,
552 2152 617 2177 me
638 2137 866 2176 communis
889 2136 1075 2175 utilitatis
1097 2134 1241 2174 habere
1262 2135 1456 2173 rationem
1472 2163 1482 2179 ,
1517 2146 1596 2171 non
1618 2132 1690 2170 do-

279 2206 376 2244 loris
398 2206 504 2251 mei5
539 2204 731 2258 poffimne
752 2203 916 2257 probare
932 2233 942 2249 ‚
975 2216 1068 2241 cum
1100 2202 1139 2240 id
1161 2216 1225 2240 me
1247 2200 1372 2240 facere
1394 2200 1524 2238 dicam
1541 2229 1550 2244 ,
1583 2198 1693 2252 quod

282 2274 467 2327 exemplo
488 2271 790 2311 fortiffimorum
811 2281 850 2310 et
870 2271 1174 2310 clariffimorum
1194 2270 1345 2308 civium
1367 2268 1492 2307 facere
1517 2267 1657 2321 poffim
1677 2267 1690 2304 ?

282 2341 349 2377 An
383 2352 463 2377 non
495 2338 595 2377 Tib.
619 2338 827 2387 Gracchus
852 2340 1032 2391 (patrem
1066 2337 1171 2382 dico,
1204 2337 1317 2389 cujus
1351 2336 1504 2373 utinam
1537 2333 1609 2372 filii
1645 2346 1692 2371 ne

282 2404 572 2459 degenerassent
591 2418 613 2443 a
632 2407 820 2459 gravitate
842 2405 1027 2458 paterna)
1060 2414 1210 2443 tantam
1239 2402 1397 2442 laudem
1425 2402 1478 2440 est
1500 2401 1662 2453 adeptus
1679 2429 1689 2445 ‚

284 2472 393 2527 quod
424 2472 608 2511 tribunus
638 2472 767 2526 plebis
796 2471 899 2510 solus
932 2486 979 2510 ex
1012 2481 1098 2510 toto
1130 2470 1202 2510 illo
1235 2469 1406 2521 collegio
1440 2469 1489 2508 L.
1515 2466 1691 2519 Scipioni

367 2541 513 2580 ΤοΜ.
546 2540 620 2579 VI.
1358 2536 1387 2574 P
