2076 2860
458 232 526 250 Μ)
926 213 1372 253 ORATIO

454 249 529 272 Ὃ,

452 321 506 358 ita
526 320 639 363 dicis,
664 315 838 356 Postumi
860 314 1034 368 impulsu
1056 314 1278 353 Gabinium
1299 311 1522 366 profectum
1543 311 1845 359 Alexandriam3

452 386 477 423 fi
512 384 725 423 defenfioni
761 381 927 420 Gabinii
961 380 1080 419 fidem
1115 394 1194 419 non
1229 379 1348 418 habes
1362 409 1373 424 ,
1405 378 1694 418 obliviscerisne
1728 379 1850 418 etiam

450 451 704 489 accusationis
741 458 815 486 tuae
835 449 848 486 ?
887 447 1084 486 Gabinius
1121 448 1156 485 se
1190 447 1231 485 id
1265 446 1395 485 feciffe
1430 446 1585 485 dicebat
1620 446 1849 499 reipubHcae

450 517 573 561 causa,
593 515 699 568 quod
721 514 875 553 classem
898 513 1083 552 Archelai
1105 514 1276 559 timeret,
1300 512 1408 566 quod
1429 526 1533 550 mare
1553 511 1745 553 refertum
1764 511 1850 550 fore

449 583 679 636 praedonum
700 590 879 635 putaret:
914 581 999 633 lege
1020 581 1139 618 etiam
1162 581 1200 618 id
1223 580 1294 618 fibi
1315 579 1465 617 licuiffe
1486 579 1655 618 dicebat.
1679 581 1748 617 Tu
1768 579 1848 616 ini-

449 651 576 688 micus
600 662 730 701 negas.
766 647 931 701 Ignosco
951 662 959 685 :
992 656 1031 685 et
1052 661 1098 685 eo
1119 647 1244 699 magis
1261 676 1271 691 ‚
1304 645 1412 699 quod
1432 646 1486 683 est
1506 654 1642 684 contra
1661 645 1764 683 illud
1779 645 1849 698 ju-

447 717 639 754 dicatum.
674 715 808 753 Redeo
831 715 953 768 igitur
973 714 1020 752 ad
1041 713 1207 758 crimen,
1240 722 1278 751 et
1299 712 1587 750 accusationem
1610 721 1732 750 tuam.

505 782 615 834 Qid
655 780 917 831 vocifera-bare
935 810 946 825 ‚
983 780 1121 818 decem
1160 779 1288 817 millia
1328 779 1523 816 talentum
1563 778 1740 816 Gabinio
1778 777 1851 816 effe

447 848 630 901 promissa
649 849 660 886 ?
694 848 805 886 Huic
828 846 1011 886 videlicet
1032 845 1270 899 perblandus
1292 844 1542 898 reperiendus
1565 843 1658 889 fuit,
1682 844 1752 896 qui
1773 842 1849 882 ho-

448 916 614 960 minem,
647 924 691 953 ut
712 924 755 952 tu
777 915 849 959 vis,
881 912 1144 951 avariffimum
1165 920 1355 956 exoraret,
1382 910 1600 949 sestertium
1622 910 1681 948 bis
1702 909 1850 949 millies

447 991 486 1019 et
508 981 827 1034 quadringenties
850 994 897 1018 ne
919 993 1155 1032 magnopere
1176 986 1462 1017 contemneret.
1501 977 1699 1015 Gabinius
1720 975 1822 1014 illud
1836 1006 1849 1022 ,

446 1062 611 1100 quoquo
642 1047 804 1085 confilio
834 1045 945 1091 fecit,
976 1045 1074 1083 fecit
1102 1053 1206 1083 certe
1236 1045 1331 1082 suo:
1364 1057 1613 1097 quaecunque
1642 1056 1753 1081 mens
1782 1042 1851 1080 illa

449 1113 540 1159 fuit,
566 1114 731 1152 Gabinii
751 1112 844 1151 fuit.
878 1113 965 1150 Sive
985 1112 1067 1157 ille,
1100 1121 1143 1149 ut
1164 1110 1244 1163 ipse
1265 1110 1435 1155 dicebat,
1467 1110 1651 1162 gloriam,
1683 1108 1772 1154 five,
1805 1117 1851 1147 ut

449 1189 490 1217 tu
513 1181 585 1225 vis,
609 1180 833 1232 pecuniam,
857 1178 1054 1230 quaefivit3
1073 1177 1249 1230 quaesivit
1269 1176 1354 1214 fibi.
1375 1177 1490 1214 Num
1512 1175 1677 1213 Gabinii
1698 1188 1847 1220 comes,

447 1246 507 1283 vel
531 1247 717 1284 sectator?
751 1253 880 1297 negat.
915 1244 1011 1283 Non
1031 1243 1140 1281 enim
1161 1242 1207 1280 ad
1230 1242 1411 1287 Gabinii,
1444 1243 1556 1293 cujus
1578 1241 1619 1278 id
1640 1241 1849 1293 negotium

447 1327 527 1350 non
558 1322 652 1357 erat,
686 1311 747 1349 sed
777 1311 823 1348 ad
856 1312 900 1349 P.
932 1309 1119 1355 Lentuli,
1152 1308 1352 1347 clariffimi
1382 1309 1477 1352 viri,
1510 1307 1798 1352 auctoritatem,
1829 1321 1852 1346 a

447 1378 580 1416 senatu
601 1377 832 1431 profectam,
864 1385 903 1414 et
923 1375 1086 1414 consilio
1107 1383 1229 1419 certo,
1261 1383 1299 1412 et
1321 1373 1385 1427 spe
1407 1387 1485 1412 non
1508 1372 1642 1417 dubia,
1676 1373 1850 1412 Romam

446 1444 715 1482 contenderat.

502 1512 558 1548 At
575 1511 759 1549 dioecetes
781 1508 859 1547 fuit
876 1508 1020 1561 regius.
1045 1509 1098 1546 Et
1115 1507 1277 1561 quidem
1298 1507 1340 1544 in
1355 1506 1531 1545 custodia
1551 1506 1669 1544 etiam
1685 1505 1765 1544 fuit
1785 1520 1846 1544 re-

445 1578 535 1630 gia:
569 1586 607 1615 et
628 1578 707 1616 vita
726 1578 809 1628 ejus
831 1575 963 1613 oblata
982 1589 1108 1628 poenae
1127 1574 1197 1613 est.
1230 1574 1366 1612 Multa
1385 1582 1581 1626 praeterea,
1614 1587 1700 1626 quae
1716 1573 1849 1612 ,libido

446 1645 563 1697 regis,
594 1657 681 1697 quae
714 1642 911 1681 neceffitas
942 1642 1073 1694 coegit
1100 1640 1216 1686 ferre,
1248 1640 1428 1693 pertulit.
1462 1641 1644 1692 Qarum
1665 1640 1850 1678 omnium

446 1725 576 1749 rerum
598 1724 674 1749 una
694 1708 940 1763 reprehensio
960 1708 1027 1753 est,
1060 1707 1167 1761 quod
1189 1721 1356 1760 regnum
1378 1707 1548 1751 intrarit,
1581 1707 1689 1760 quod
1715 1706 1848 1760 potes-

446 1778 516 1815 tati
538 1777 573 1814 se
596 1778 696 1829 regis
718 1775 974 1814 commiserit.
989 1775 1141 1812 Verum
1159 1774 1183 1811 fi
1200 1774 1435 1825 quaerimus,
1458 1773 1588 1811 stulte.
1609 1773 1720 1824 Qid
1740 1773 1849 1812 enim

447 1843 617 1887 stultius,
650 1855 770 1894 quam
800 1841 977 1893 equitem
1010 1841 1254 1883 Romanum,
1286 1852 1333 1876 ex
1363 1838 1436 1876 hac
1470 1840 1581 1884 urbe,
1613 1838 1750 1891 hujus,
1781 1840 1846 1877 in-

445 1923 579 1961 quam,
613 1907 839 1960 reipublicae
860 1906 1003 1950 civem,
1031 1918 1117 1957 quae
1138 1904 1190 1942 est
1212 1918 1289 1941 una
1310 1905 1496 1949 maxime,
1519 1913 1557 1941 et
1579 1904 1657 1942 fuit
1679 1905 1844 1957 semper,

446 1975 567 2013 libera
586 1993 595 2019 ;
628 1974 760 2011 venire
781 1973 820 2010 in
842 1985 934 2009 eum
956 1971 1106 2016 locum,
1139 1970 1208 2008 ubi
1230 1969 1447 2022 parendum
1468 1970 1594 2015 alteri,
1617 1979 1654 2008 et
1676 1969 1846 2009 servien-

444 2042 542 2079 dum
563 2041 607 2078 sit
627 2042 640 2077 ?

502 2109 577 2146 IX.
611 2106 684 2144 Sed
704 2119 777 2157 ego
799 2106 838 2143 in
860 2104 936 2143 hoc
959 2104 1117 2142 tandem
1141 2103 1328 2142 Postumo
1350 2117 1429 2142 non
1449 2103 1665 2155 ignoscam,
1690 2102 1847 2142 homini

445 2173 697 2212 mediocriter
717 2172 846 2216 docto,
869 2184 949 2224 quo
970 2171 1123 2209 videam
1144 2170 1441 2223 sapientiffimos
1463 2170 1645 2208 homines
1667 2170 1739 2209 effe
1760 2170 1845 2222 lap-

446 2242 528 2279 sos?
553 2241 696 2278 Virum
715 2252 840 2276 unum
859 2238 981 2276 totius
999 2238 1162 2276 Graeciae
1178 2236 1294 2275 facile
1315 2237 1596 2282 doffiffimum,
1621 2237 1844 2282 Platonem,

444 2308 655 2360 iniquitate
686 2305 892 2357 Dionyfii,
926 2304 1067 2343 Siciliae
1098 2304 1280 2355 tyranni,
1313 2304 1377 2342 cui
1409 2303 1445 2342 se
1473 2304 1541 2342 ille
1569 2304 1845 2348 commiserat,

445 2375 485 2412 in
507 2373 691 2412 maximis
714 2372 899 2425 periculis
921 2370 1146 2424 infidiisque
1166 2369 1238 2408 effe
1259 2371 1453 2412 versatum
1474 2372 1698 2424 accepimus
1716 2386 1724 2409 ε
1750 2370 1844 2409 Cal-

445 2439 669 2484 listhenem,
701 2439 862 2477 doCtum
892 2437 1115 2483 hominem,
1148 2437 1337 2475 comitem
1366 2437 1508 2490 Magni
1536 2437 1767 2482 Alexandri,
1786 2435 1847 2474 ,ab

446 2506 671 2545 Alexandro
689 2515 894 2545 necatum:
913 2504 1182 2551 Demetrium,
1197 2512 1236 2542 et
1249 2516 1296 2542 ex
1311 2504 1514 2557 republica
1529 2503 1714 2548 Athenis,
1727 2515 1848 2556 quam
