2076 2860
380 184 431 237 76
767 178 1228 223 ORATIO,
1311 178 1389 217 &c.

381 296 475 321 cum
491 282 532 320 in
549 280 751 334 republica
766 278 1069 317 administranda
1085 279 1137 317 T.
1157 278 1293 316 Annio
1314 291 1407 316 cum
1429 277 1474 316 P.
1494 275 1628 316 Sextio
1648 276 1776 315 confi-

381 349 529 387 liorum
550 347 731 385 omnium
753 345 912 382 societas
934 344 1068 389 fuerit,
1104 344 1163 396 (id
1184 343 1291 398 quod
1313 358 1392 382 non
1413 343 1541 382 solum
1563 343 1776 388 bonorum,

381 427 519 452 verum
535 413 653 451 etiam
670 410 959 463 improborum,
972 410 1127 463 judicio
1144 410 1385 448 declaratum
1401 409 1474 449 est:
1497 409 1551 448 est
1566 410 1674 448 enim
1691 422 1778 447 reus

382 489 547 532 uterque
568 479 619 516 ob
640 477 804 515 eandem
825 476 993 521 causam,
1027 486 1066 515 et
1087 476 1226 515 eodem
1246 477 1413 515 crimine
1429 496 1441 522 5
1474 477 1571 515 alter
1595 476 1658 514 die
1679 476 1782 513 dieta

381 546 429 583 ab
450 559 495 582 eo
510 573 521 589 ,
555 557 675 596 quem
697 551 740 580 tu
762 556 888 580 unum
908 542 1194 594 improbiorem
1214 542 1301 588 effe,
1335 556 1455 595 quarn
1477 551 1514 580 te
1529 571 1540 587 ,
1575 554 1781 594 nunquam

382 611 478 649 soles
499 608 701 654 confiteri;
720 608 817 646 alter
833 607 910 645 tuis
932 607 1119 653 confinis,
1142 607 1214 646 illo
1234 617 1365 647 tamen
1386 606 1613 660 adjuvante)
1632 619 1779 660 quaero,

381 675 452 729 qui
472 674 587 728 poffis
609 686 688 718 eos,
711 686 809 726 quos
831 672 998 711 crimine
1019 672 1245 725 conjungis,
1277 673 1502 712 testimonio
1522 673 1748 725 disjungere
1766 672 1779 709 ἒ

438 742 679 780 Extremum
696 739 798 778 illud
813 738 880 784 est,
899 738 1005 791 quod
1022 737 1124 776 mihi
1139 736 1206 777 abs
1225 748 1262 778 te
1278 738 1501 792 responderi
1520 738 1642 777 velim
1658 753 1667 776 :
1687 751 1781 776 cum

383 808 511 846 multa
544 807 587 845 in
618 805 918 844 Albinovanum
949 804 996 842 de
1027 805 1343 857 praevaricatione
1374 804 1538 850 diceres,
1570 803 1779 849 dixerisne,

383 887 456 912 nec
472 872 548 912 tibi
564 871 762 925 placuiffe,
782 885 853 910 nec
869 870 1094 923 oportuisse,
1112 871 1290 909 Sextium
1307 870 1354 908 de
1370 871 1408 909 vi
1425 884 1536 910 reum
1552 869 1662 908 fieri?
1679 883 1779 923 qua-

383 939 442 977 vis
464 938 564 991 lege,
586 937 725 991 quovis
747 937 928 981 crimine,
951 935 1212 974 accusandum
1234 936 1366 988 potius
1382 935 1520 974 fuiffe?
1538 935 1659 974 etiam
1679 933 1781 972 illud

384 1004 544 1049 dixeris,
577 1003 731 1041 causam
759 1002 943 1046 Milonis,
975 1000 1174 1040 fortiffimi
1196 1002 1283 1046 viri,
1315 1002 1568 1053 conjundmm
1589 1014 1682 1038 cum
1703 999 1780 1038 hoc

383 1069 597 1108 existimari
616 1070 629 1107 ?
662 1083 747 1122 quae
778 1082 849 1122 pro
879 1082 942 1106 me
966 1080 987 1105 a
1008 1068 1140 1105 Sextio
1161 1067 1261 1105 faeta
1281 1067 1354 1105 sint
1369 1096 1379 1112 ,
1412 1067 1526 1105 bonis
1548 1065 1620 1104 effe
1640 1075 1748 1119 grata
1766 1066 1779 1103 ?

384 1137 482 1175 Non
512 1149 682 1188 coarguo
711 1135 1013 1173 inconstantiam
1034 1135 1237 1179 orationis,
1269 1147 1311 1172 ac
1333 1133 1548 1172 testimonii
1569 1133 1653 1171 tui:
1686 1145 1781 1185 quas

386 1203 493 1240 enirn
514 1201 633 1254 hujus
655 1201 824 1239 aditiones
846 1200 1025 1254 probatas
1047 1200 1161 1238 bonis
1182 1199 1254 1238 effe
1279 1200 1376 1237 dicis
1393 1229 1403 1244 ,
1435 1199 1477 1237 in
1507 1213 1566 1237 eas
1598 1199 1780 1251 pluribus

385 1268 513 1307 verbis
535 1267 805 1306 testimonium
826 1266 957 1305 dixisti
968 1285 981 1312 5
1003 1266 1170 1319 quicum
1190 1275 1321 1304 autem
1342 1267 1425 1318 ejus
1447 1265 1599 1303 causam
1621 1264 1780 1317 pericu-

385 1334 551 1387 lumque
580 1333 816 1385 conjungiS,
850 1346 942 1371 eum
972 1332 1135 1371 summis
1165 1331 1346 1370 laudibus
1377 1331 1565 1369 extulisti.
1609 1330 1681 1369 Sed
1702 1329 1780 1368 hoc

385 1412 517 1451 quaero
531 1428 542 1444 ,
574 1412 673 1436 num
695 1398 740 1437 P.
765 1398 967 1443 Sextium,
999 1411 1076 1450 qua
1095 1397 1182 1449 lege
1200 1396 1462 1435 accusandum
1482 1396 1648 1434 omnino
1668 1395 1781 1434 fuifl‘e

386 1478 518 1517 negas,
541 1478 584 1502 ea
603 1464 689 1516 lege
708 1463 962 1502 condemnari
982 1473 1096 1516 putes
1113 1472 1291 1516 oportere
1307 1464 1319 1501 ?
1342 1471 1423 1508 aut,
1446 1462 1472 1500 fi
1490 1471 1526 1500 te
1543 1462 1583 1500 in
1601 1461 1779 1500 testimo-

386 1532 455 1570 nio
475 1530 627 1569 consuli
648 1530 750 1568 nolis
765 1559 776 1575 ,
809 1543 857 1568 ne
876 1529 974 1583 quid
1002 1530 1077 1568 tibi
1103 1529 1343 1567 audioritatis
1364 1542 1385 1566 a
1404 1542 1468 1566 me
1489 1528 1687 1567 tributum
1707 1527 1781 1566 effe

386 1596 588 1641 videatur,
619 1595 812 1634 dixerisne
838 1595 879 1633 in
907 1608 1000 1633 eum
1026 1595 1298 1634 testimonium
1323 1595 1371 1634 de
1391 1594 1454 1639 vi,
1486 1607 1608 1646 quem
1628 1594 1779 1646 negaris

388 1676 499 1702 reum
519 1661 685 1702 omnino
705 1661 753 1701 de
773 1661 812 1701 vi
832 1660 917 1701 fieri
937 1660 1108 1700 debuiffe
1128 1661 1141 1699 ?
