2076 2860
315 189 366 239 84
786 182 1231 221 oRATlo

368 289 457 328 Nec
477 296 608 326 tamen
627 284 728 324 illud
748 297 871 336 genus
891 283 1060 321 alterum
1085 284 1370 320 nocturnorum
1395 280 1552 320 testium
1584 282 1710 334 perti-

309 355 456 395 mesco.
479 353 548 393 Est
567 354 673 391 enim
695 351 845 389 dietum
865 350 914 388 ab
934 351 1030 396 illis,
1048 349 1131 388 fore
1148 350 1217 401 qui
1238 349 1428 394 dicerent,
1451 361 1591 387 uxores
1608 348 1707 394 suaS,

312 435 333 460 a
352 435 464 460 coena
483 420 702 462 redeuntes,
725 418 941 454 attrectatas
963 416 1035 454 effe
1055 431 1076 454 a
1097 415 1235 454 Caelio.
1268 416 1418 454 Graves
1438 424 1554 453 erunt
1573 413 1709 452 homi—

313 501 396 532 nes,
419 487 488 539 qui
508 485 584 523 hoc
600 483 721 537 jurati
742 482 870 520 dicere
890 481 1119 527 audebunt3
1156 495 1250 519 cum
1271 481 1316 519 fit
1335 480 1398 519 his
1419 480 1709 525 confitendum,

313 566 517 605 nunquam
538 551 588 595 se,
605 564 652 587 ne
672 543 876 602 congreffu
895 548 1058 601 quidem
1074 556 1113 587 et
1128 547 1358 594 constituto,
1380 546 1536 601 coepisse
1556 546 1604 584 de
1620 555 1709 584 tan-

313 621 362 659 tis
383 619 539 671 injuriis
560 616 743 669 experiri.

369 686 443 723 IX.
478 683 550 722 Sed
582 691 712 720 totum
733 693 855 733 genus
876 679 1184 733 oppugnationis
1206 678 1341 732 hujus,
1364 678 1540 730 Judices,
1562 688 1602 716 et
1627 679 1711 730 jam

313 751 536 805 prospicitis
568 749 725 793 animis,
766 755 820 792 et,
865 760 959 783 cum
990 744 1196 790 inferetur,
1239 744 1463 798 propulsare
1497 743 1708 782 debebitis.

315 818 411 855 Non
432 817 539 854 enim
560 815 607 852 ab
630 813 767 851 iisdem
787 811 988 849 accusatur
1009 811 1072 848 M.
1091 810 1252 855 Caelius‚
1283 824 1304 848 a
1324 809 1470 862 quibus
1502 822 1710 863 oppugna-

315 893 379 921 tur
395 898 403 921 :
427 883 555 935 palam
576 882 615 918 in
633 893 724 917 eum
741 879 817 917 tela
831 878 1049 930 jaciuntur,
1067 877 1170 914 clam
1187 875 1544 914 subministrantur.
1568 875 1713 928 Neque

315 949 355 988 id
375 963 448 1001 ego
468 948 573 993 dico,
606 956 649 984 ut
669 944 908 984 invidiosum
940 944 986 981 fit
1021 944 1061 980 in
1091 956 1172 988 eos,
1209 942 1353 994 quibus
1387 941 1603 994 gloriosum
1635 941 1712 979 hoc

315 1015 435 1053 etiam
454 1013 527 1052 effe
547 1013 677 1050 debet.
722 1012 964 1062 Fungun-tur
983 1009 1140 1047 officio:
1174 1008 1393 1046 defendunt
1414 1008 1500 1046 suos
1518 1023 1526 1046 :
1559 1007 1713 1045 faciunt

316 1081 424 1134 quod
439 1081 513 1118 viri
533 1078 731 1117 fortissimi
746 1076 893 1115 solent:
918 1075 992 1114 laefi
1015 1075 1165 1120 dolent,
1183 1074 1271 1112 irati
1287 1074 1520 1119 efferuntur,
1535 1082 1714 1126 pugnant

315 1147 490 1185 laceffiti.
524 1145 596 1184 Sed
616 1144 745 1183 vestrae
767 1143 962 1196 sapientiae
983 1151 1114 1179 tamen
1135 1141 1202 1186 est,
1225 1140 1400 1192 Judices,
1434 1154 1529 1185 non,
1557 1141 1583 1178 fi
1604 1139 1715 1178 causa

311 1214 414 1266 justa
433 1213 487 1251 est
506 1212 599 1250 viris
620 1211 790 1250 fortibus
812 1208 1067 1263 oppugnandi
1085 1209 1149 1246 M.
1164 1208 1351 1252 -Caelium,
1372 1207 1457 1245 ideo
1478 1207 1589 1244 vobis
1611 1219 1713 1259 quo-

316 1293 394 1332 que
414 1292 481 1317 vos
502 1277 655 1316 causam
687 1285 823 1330 putare
843 1274 915 1313 effe
940 1274 1086 1327 justam
1107 1273 1234 1311 alieno
1264 1272 1391 1310 dolori
1411 1273 1558 1325 potius,
1593 1285 1714 1323 quam

316 1345 446 1384 vestrae
467 1344 573 1390 fidei,
588 1341 833 1382 consulendi.
858 1343 957 1392 Qae
974 1341 1020 1378 fit
1041 1339 1259 1378 multitudo
1279 1340 1320 1376 in
1337 1338 1438 1384 foro,
1457 1353 1542 1391 quae
1558 1350 1714 1390 genera,

316 1425 404 1464 quae
425 1410 563 1455 studia,
581 1424 667 1462 quae
687 1409 847 1447 varIetas
869 1407 1096 1450 hominum,
1118 1405 1259 1443 videtis
1279 1421 1286 1443 :
1311 1419 1357 1443 ex
1375 1404 1447 1442 hac
1467 1404 1581 1456 copia
1594 1417 1715 1456 quam

316 1478 465 1516 multos
497 1476 569 1514 effe
600 1475 861 1519 arbitramini,
895 1474 964 1526 qui
989 1471 1221 1510 hominibus
1242 1471 1488 1525 potentibus,
1521 1470 1713 1522 gratiosis,

317 1543 484 1587 disertis,
518 1556 612 1580 cum
632 1541 784 1593 aliquid
804 1554 869 1578 eos
890 1539 990 1578 velle
1021 1539 1289 1582 arbitrentur,‘
1310 1537 1415 1575 ultro
1435 1536 1472 1575 se
1492 1535 1631 1590 offegre
1652 1535 1715 1574 so·-

318 1610 438 1654 leant,
459 1621 618 1661 operam
639 1619 790 1651 navare,
814 1605 1086 1643 testimonium
1106 1603 1316 1656 polliceri?

374 1675 467 1712 Hoc
488 1687 535 1712 ex
556 1686 696 1726 genere
717 1671 742 1710 fi
765 1671 834 1724 qui
862 1669 898 1708 se
925 1670 966 1708 in
996 1668 1074 1707 hoc
1101 1668 1308 1721 judicium.
1328 1667 1430 1706 forte
1461 1666 1715 1721 projecerint,

319 1740 562 1779 excluditote
590 1752 728 1776 eorum
759 1736 1035 1789 cupiditatem,
1067 1735 1243 1786 Judices,
1276 1734 1462 1787 sapientia
1492 1733 1613 1772 vestra
1630 1749 1639 1772 :
1673 1742 1717 1771 ut

319 1806 457 1845 eodem
475 1814 651 1856 tempore
671 1811 709 1840 et
729 1801 848 1853 hujus
863 1800 991 1845 saluti,
1009 1809 1048 1837 et
1067 1800 1251 1851 religioni
1271 1799 1415 1843 vestrae,
1431 1808 1469 1836 et
1489 1808 1625 1836 contra
1644 1813 1715 1850 pe-

320 1870 605 1910 riculofiffimas
637 1867 850 1906 homiuum
871 1866 1064 1919 potentias
1094 1865 1316 1902 conditioni
1347 1864 1530 1902 omnium
1550 1865 1715 1908 civium,

322 1936 526 1991 providisse
546 1934 773 1973 videamini.
808 1931 1016 1984 Equidem*
1029 1944 1097 1969 vos
1117 1930 1310 1968 abducam
1339 1943 1361 1967 a
1380 1929 1557 1974 testibus,
1591 1943 1719 1982 neque

320 2004 439 2056 hujus
456 2001 601 2055 judicii
621 2000 841 2044 veritatem,
871 2011 956 2050 quae
978 1997 1122 2035 mutari
1143 1997 1256 2035 nullo
1276 1995 1396 2034 modo
1416 1995 1555 2048 potest,
1583 1996 1624 2033 in
1646 2009 1717 2034 vo-

322 2070 473 2108 luntate
495 2067 652 2105 testium
672 2065 858 2104 collocari
879 2064 1023 2102 sinam:
1057 2078 1143 2116 quae
1164 2062 1356 2101 facillime
1377 2062 1490 2114 fingi,
1513 2061 1625 2099 nullo
1646 2075 1717 2099 nc-

321 2137 432 2189 goti0
456 2134 558 2173 flecti
579 2147 621 2171 ac
643 2132 882 2184 detorqueri,
910 2129 1049 2183 potest.
1092 2130 1351 2182 Argumentis
1379 2141 1566 2181 agemus:
1599 2128 1718 2180 signis

321 2202 433 2240 omni
454 2201 542 2239 luce
562 2198 792 2238 clarioribus
828 2197 996 2235 crimina
1029 2195 1283 2234 refellemus:
1317 2208 1374 2234 res
1395 2208 1490 2233 cum
1521 2208 1575 2239 re,
1607 2194 1719 2232 causa

322 2283 415 2307 cum
437 2267 560 2312 causa,
584 2266 682 2304 ratio
702 2279 795 2303 cum
816 2264 979 2308 ratione,
995 2263 1209 2316 pugnabit.

379 2335 431 2372 X.
457 2334 592 2385 Itaque
614 2332 723 2370 illam
744 2339 896 2384 partem
916 2328 1036 2367 causae
1056 2328 1172 2366 facile
1192 2329 1319 2381 patior
1338 2327 1506 2379 graviter
1525 2335 1564 2364 et
1585 2335 1719 2364 ornate

323 2416 342 2437 a
363 2401 426 2438 M.
452 2398 582 2437 Craffo
614 2398 686 2436 effe
717 2405 949 2451 peroratam,
981 2394 1028 2432 de
1062 2394 1319 2432 seditionibus
1351 2392 1640 2446 Neapolitanis,
1672 2392 1719 2429 de

324 2464 684 2505 Alexandrinorum
705 2463 924 2518 pulsatione
945 2461 1174 2508 Puteolana,
1192 2461 1239 2499 de
1260 2460 1374 2498 bonis
1397 2459 1528 2498 Pallae.
1562 2458 1720 2497 Vellem
