2076 2860
496 199 573 239 274
973 182 1422 220 ORATIO

494 301 626 332 nemo,
646 286 716 324 nifi
737 293 922 323 annatus.
948 285 1000 321 Et
1022 297 1143 335 quem
1166 297 1235 321 nos
1258 283 1387 329 liberi,
1410 283 1452 321 in
1473 283 1627 322 summa
1646 285 1787 337 populi
1807 286 1894 324 Ro-

495 354 602 391 mani
624 353 803 390 libertate
825 350 905 388 nati
921 379 932 394 ,
964 363 1044 387 non
1072 349 1192 387 modo
1214 364 1293 388 non
1316 359 1527 401 tyrannum
1544 380 1554 395 ,
1587 350 1651 388 sed
1672 351 1790 390 etiam
1812 352 1892 390 cle-

495 419 782 457 mentiffimum
803 418 844 454 in
865 416 1026 453 vietoria
1040 445 1050 461 ,
1084 417 1266 454 ducimus
1285 436 1296 462 ;
1330 418 1361 454 is
1384 416 1576 456 Blesamio
1593 447 1603 462 ,
1635 418 1704 469 qui
1724 418 1822 456 vivit
1853 419 1897 457 in

496 499 616 538 regno
631 514 641 530 ,
675 494 861 536 tyrannus
893 482 1016 521 videri
1046 483 1172 535 potest
1190 485 1202 521 Ρ
1236 484 1344 523 Nam
1369 483 1416 521 de
1437 483 1558 521 statua
1578 485 1666 536 quis
1687 485 1893 537 queritur,

495 566 572 590 una
591 551 820 603 praesertim,
852 563 946 587 cum
968 560 1048 587 tam
1069 550 1215 588 multas
1236 550 1365 588 videat
1384 552 1396 587 ?
1429 550 1554 588 Valde
1574 551 1683 589 enim
1710 551 1895 589 inviden-

496 619 591 656 dum
609 618 661 656 est
677 620 760 670 ejus
778 617 926 662 statuis,
945 618 1006 669 cuj
1015 631 1057 654 us
1076 617 1230 669 tropaeis
1249 630 1328 655 non
1345 616 1576 656 invidimus.
1601 619 1724 664 Nam,
1742 618 1768 656 fi
1785 618 1895 656 locus

495 685 607 723 affert
628 685 818 723 invidiam
835 704 846 729 ;
881 684 1013 722 nullus
1036 684 1146 722 locus
1168 684 1242 729 est,
1274 684 1322 721 ad
1342 684 1506 722 statuam
1527 685 1710 737 quidem,
1743 685 1895 723 Rostris

495 752 650 790 clarior.
689 753 751 790 De
772 751 909 804 plausu
930 761 1063 789 autem
1083 751 1180 804 quid
1201 751 1454 804 respondeam
1474 753 1487 790 ?
1520 753 1590 805 qui
1611 766 1682 790 nec
1704 752 1894 790 defidera-

495 828 558 858 tus
581 833 757 872 unquam
778 832 798 856 a
820 828 856 856 te
877 818 947 863 est,
962 828 1001 856 et
1022 833 1324 872 nonnunquam,
1343 818 1622 872 obstupefactis
1643 818 1893 864 hominibus,

495 885 577 939 ipsa
604 885 862 924 admiratione
892 886 1129 938 compreffus
1159 885 1214 923 est
1229 904 1241 931 ;
1273 895 1312 923 et
1341 884 1497 924 fortasse
1525 900 1572 924 eo
1591 886 1893 940 praetermiffuS,

495 953 589 1005 quia
608 951 711 989 nihil
732 951 891 1003 vulgare
912 960 950 989 te
970 951 1139 1004 dignum
1159 951 1280 990 videri
1303 952 1443 1004 potest.

551 1019 670 1057 XIII.
704 1017 824 1056 Nihil
845 1031 866 1055 a
886 1031 950 1055 me
969 1018 1137 1056 arbitror
1156 1017 1470 1071 praetermissum,
1500 1018 1563 1056 sed
1584 1018 1736 1071 aliquid
1756 1018 1803 1056 ad
1823 1031 1894 1056 ex-

495 1093 662 1123 tremam
683 1083 803 1122 causae
824 1094 976 1136 partem
1004 1084 1254 1122 reservatum.
1289 1084 1336 1122 Id
1356 1094 1490 1122 autem
1509 1084 1662 1137 aliquid
1681 1084 1735 1122 est
1748 1113 1758 1129 ,
1791 1093 1830 1122 te
1850 1092 1895 1122 ut

495 1151 610 1204 plane
631 1151 819 1203 Dejotaro
841 1151 1070 1188 reconciliet
1091 1151 1215 1188 oratio
1236 1164 1336 1189 mea.
1384 1152 1480 1189 Non
1501 1151 1609 1189 enim
1624 1152 1867 1203 jam-metuo
1881 1179 1893 1196 ,

495 1230 544 1255 ne
564 1226 608 1255 tu
629 1216 690 1255 illi
711 1215 955 1261 succenl'eas3
978 1216 1080 1254 illud
1101 1230 1248 1261 vereor,
1272 1229 1320 1254 ne
1341 1216 1415 1254 tibi
1437 1216 1555 1254 illum
1575 1216 1800 1254 succensere
1819 1216 1894 1253 ali-

496 1284 594 1337 quid
614 1283 827 1336 suspicere:
852 1283 959 1336 quod
975 1283 1078 1321 abest
1099 1283 1335 1335 longiflime,
1353 1282 1456 1320 mihi
1477 1282 1604 1328 crede,
1624 1283 1764 1321 Caesar.
1783 1282 1898 1334 Qid

495 1352 605 1390 enim
626 1351 789 1390 retineat
810 1364 877 1403 per
898 1360 935 1388 te
950 1380 960 1395 ,
994 1350 1179 1388 meminit
1194 1379 1204 1395 ,
1238 1363 1317 1387 non
1345 1349 1442 1402 quid
1469 1349 1668 1388 amiserit:
1702 1363 1830 1402 neque
1859 1349 1896 1387 se

496 1431 517 1455 a
548 1426 585 1456 te
617 1417 832 1455 multatum
865 1416 1102 1461 arbitratur3
1136 1415 1224 1460 sed,
1256 1429 1350 1454 cum
1382 1416 1619 1454 existimaret
1646 1415 1785 1453 multis
1818 1412 1895 1453 tibi

495 1483 622 1522 multa
642 1483 713 1521 effe
735 1482 955 1527 tribuenda,
979 1495 1059 1534 quo
1080 1482 1212 1519 minus
1230 1495 1250 1519 a
1266 1481 1316 1527 se,
1335 1482 1404 1535 qui
1426 1482 1465 1520 in
1484 1481 1603 1519 altera
1617 1491 1725 1535 parte
1746 1480 1892 1527 fuisset,

495 1563 537 1587 ea
558 1549 741 1594 sumeres,
775 1562 853 1586 non
876 1548 1079 1587 recusavit.

549 1617 728 1661 Etenim,
760 1616 786 1653 fi
809 1614 1035 1653 Antiochus
1058 1615 1233 1668 Magnus
1255 1615 1338 1660 ille,
1371 1628 1436 1653 rex
1458 1615 1571 1660 Afiae,
1603 1628 1712 1659 cum,
1743 1613 1896 1667 postea—

493 1697 611 1736 quam
632 1697 653 1721 a
681 1683 864 1735 Scipione
892 1682 1066 1720 devictus
1082 1712 1093 1727 ,
1126 1684 1261 1720 Tauro
1290 1691 1403 1720 tenus
1434 1695 1594 1734 regnare
1618 1680 1744 1734 juffus
1768 1677 1894 1726 veffe‘t,i

492 1763 734 1802 omnemque
755 1748 856 1787 hanc
879 1749 1025 1794 Asiam,
1049 1763 1136 1801 quae
1157 1749 1210 1786 est
1231 1763 1336 1787 nunc
1359 1749 1485 1786 nostra
1505 1748 1722 1801 provincia,
1744 1747 1894 1786 amisis-

494 1815 568 1859 set,
601 1815 729 1852 dicere
750 1814 802 1852 est
823 1814 976 1858 solitus,
1009 1814 1185 1865 Benigne
1206 1814 1277 1850 fibi
1298 1827 1318 1851 a
1338 1814 1488 1865 populo
1510 1815 1693 1853 Romano
1715 1813 1787 1851 effe
1808 1812 1896 1850 fac-

496 1873 608 1927 tum,
640 1882 748 1934 quod
777 1881 895 1918 nimis
924 1893 1066 1932 magna
1086 1880 1361 1932 procuratione
1382 1880 1569 1917 liberatus
1593 1880 1761 1918 modicis
1783 1880 1893 1931 regni

495 1948 675 1987 terminis
698 1955 896 1991 uteretur;
920 1945 1045 1999 potest
1067 1946 1195 1984 m'ulto
1216 1945 1372 1983 facilius
1395 1946 1430 1983 se
1452 1946 1662 1998 Dejotarus
1684 1944 1890 1983 consolari.

496 2014 570 2054 Ille
591 2014 698 2052 enim
730 2013 874 2051 furoris
902 2013 1072 2051 multam
1100 2011 1356 2057 sustinuerat,
1388 2010 1454 2050 hic
1476 2013 1630 2050 erroris.
1679 2012 1829 2049 Omnia
1849 2020 1892 2049 tu

496 2082 700 2134 Dejotaro,
724 2080 863 2125 Caesar‚
892 2079 1077 2124 tribuisti,
1100 2093 1192 2118 cum
1214 2088 1252 2118 et
1273 2079 1358 2132 ipfi,
1381 2087 1419 2117 et
1441 2078 1539 2124 filio,
1573 2091 1718 2116 nomen
1739 2077 1894 2130 regium

497 2147 725 2187 conceffisti.
754 2148 846 2186 Hoc
870 2148 1030 2184 nomine
1052 2155 1218 2191 retento,
1242 2156 1358 2199 atque
1379 2146 1617 2191 conservato,
1642 2145 1800 2183 nullum
1823 2145 1893 2183 be-

497 2214 685 2253 neficium
706 2213 845 2267 populi
871 2213 1059 2257 Romani,
1091 2213 1249 2251 nullum
1265 2212 1466 2265 judicium
1488 2211 1535 2250 de
1557 2211 1592 2249 se
1613 2211 1780 2257 senatus,
1812 2211 1892 2249 im—

497 2282 700 2320 minutum
721 2289 857 2334 putat:
890 2293 1035 2332 magno
1055 2280 1188 2317 anirno
1208 2288 1246 2317 et
1267 2280 1394 2317 erecto
1414 2279 1482 2325 est,
1514 2293 1586 2318 nec
1606 2292 1783 2332 unquam
1804 2277 1894 2316 suc-

496 2347 658 2385 cumbet
679 2347 871 2391 inimicis,
904 2359 952 2383 ne
972 2344 1140 2383 fortunae
1161 2345 1338 2397 quidem.

553 2413 687 2451 Multa
707 2413 743 2450 se
764 2413 973 2451 arbitratur
993 2421 1031 2450 ct
1052 2411 1237 2464 peperiffe
1257 2420 1344 2450 ante
1365 2410 1491 2456 factis,
1520 2420 1558 2449 et
1579 2410 1721 2449 habere
1742 2410 1782 2448 in
1803 2409 1889 2447 ani-

497 2493 578 2526 mo,
601 2489 718 2533 atque
738 2479 898 2525 virtute,
921 2492 1007 2532 quae
1029 2478 1141 2517 nullo
1162 2477 1281 2517 modo
1301 2477 1415 2531 poflit
1435 2478 1629 2516 amittere.
1664 2478 1764 2528 Qae
1783 2474 1891 2514 enim
