2076 2860
704 188 847 228 PRO
908 187 955 228 P.
1016 186 1313 228 SEXTIO.
1662 206 1708 245 31

305 283 491 330 dixisset,
528 282 717 335 fieretque
752 283 831 321 fine
865 282 948 321 ulla
981 283 1166 322 varietate
1201 284 1403 331 discefli03
1442 286 1638 334 surrexit,
1672 298 1715 327 ut

307 351 430 397 scitis,
462 349 612 388 Atilius
634 349 702 388 hic
725 350 928 388 Gavianus
948 365 957 389 ε
991 364 1063 388 nec
1085 350 1197 390 ausus
1219 351 1286 398 est,
1311 366 1404 392 cum
1425 353 1517 392 effet
1538 365 1714 408 emptus,

304 416 575 462 intercedere3
609 418 768 455 noctem
797 416 869 455 fibi
896 416 943 455 ad
969 417 1269 456 deliberandum
1290 418 1518 472 postulavit.
1553 422 1718 461 Clamor

306 483 476 530 senatus,
508 483 691 537 querelae,
723 498 873 537 preces,
907 484 1013 523 socer
1043 484 1091 522 ad
1120 485 1237 538 pedes
1266 486 1456 539 abjectus.
1502 488 1576 526 Ille
1598 489 1634 528 se
1655 489 1716 528 af-

306 551 476 598 firmare,
494 550 647 605 postero
664 551 727 589 die
744 565 896 590 moram
914 552 1067 590 nullam
1085 552 1157 590 effe
1174 552 1385 593 facturum.
1406 555 1618 594 Creditum
1638 558 1691 595 est
1706 572 1715 595 :

306 618 513 657 discessum
534 617 602 656 est.
649 617 715 656 Illi
745 618 892 656 interea
913 618 1166 656 deliberatori
1188 633 1336 658 merces
1353 650 1364 665 ‚
1398 621 1517 673 longa
1538 623 1717 676 interpo-

307 685 377 724 fita
397 686 535 731 noc‘te,
568 684 770 737 duplicata
789 685 857 724 est.
901 685 1116 723 Consecuti
1138 685 1220 724 dies
1243 688 1359 739 pauci
1381 689 1548 727 omnino
1569 691 1716 740 Janua—

307 752 367 790 rio
388 752 535 798 mense,
567 765 636 804 per
657 765 756 804 quos
779 751 956 790 senatum
977 750 1116 790 haberi
1137 752 1274 791 liceret
1292 773 1303 799 5
1337 753 1402 792 sed
1429 764 1559 793 tamen
1581 767 1718 795 actum

306 818 425 864 nihil,
458 819 528 857 nisi
551 819 598 856 de
619 833 697 857 me.

364 886 541 925 XXXV.
575 886 683 924 Cum
704 885 816 923 omni
837 899 962 931 mora,
994 886 1282 934 ludificatione,
1317 889 1532 936 calumnia,
1566 891 1718 930 senatus

307 953 515 991 auctoritas
548 952 838 1005 impediretur;
871 953 980 991 venit
1013 954 1173 993 tandem
1206 956 1371 994 concilii
1401 957 1448 995 de
1480 972 1543 996 me
1576 959 1719 1012 agendi

306 1018 405 1066 dies,
441 1032 545 1058 vnl.
579 1018 765 1058 kalendas
799 1019 988 1059 Februar.
1035 1021 1225 1075 Princeps
1259 1023 1490 1076 rogationis,
1523 1025 1582 1063 vir
1614 1024 1720 1063 mihi

307 1085 578 1131 amiciffimus,
609 1086 911 1138 QFabricius‚
936 1088 1135 1141 templum
1156 1089 1361 1142 aliquanto
1382 1100 1470 1129 ante
1492 1092 1625 1131 lucem
1647 1107 1717 1131 oc-

307 1153 484 1206 cupavit.
505 1154 677 1206 Qietus
700 1167 745 1193 eo
766 1153 830 1192 die
852 1155 1023 1200 Sextius,
1042 1155 1074 1194 is
1098 1156 1169 1209 qui
1184 1156 1238 1194 est
1259 1157 1307 1195 de
1328 1158 1367 1196 vi
1388 1172 1499 1198 reus:
1523 1161 1629 1199 ador
1650 1159 1718 1198 hic

309 1219 568 1273 defensorque
589 1220 710 1259 causae
730 1235 826 1260 meae
848 1220 950 1260 nihil
972 1222 1239 1276 progreditur,
1258 1224 1420 1263 consilia
1435 1228 1614 1279 expectat
1636 1227 1717 1265 ini-

308 1287 509 1325 micorum
536 1301 733 1327 meorum.
812 1288 879 1326 uid
910 1288 986 1335 illi,
1018 1302 1190 1341 quorum
1220 1291 1385 1331 confilio
1417 1293 1462 1331 P.
1489 1293 1644 1332 Sextius
1676 1294 1718 1332 in

304 1353 506 1406 judicium
527 1356 716 1393 vocatur?
736 1369 816 1408 quo
834 1355 869 1393 se
886 1357 999 1408 pacto
1015 1366 1159 1409 gerunt
1175 1358 1187 1395 ?
1207 1371 1300 1396 cum
1317 1358 1467 1405 forum,
1486 1361 1717 1406 comitium,

309 1420 487 1466 curiam,
520 1421 647 1459 multa
674 1421 721 1460 de
743 1424 856 1461 nocte
877 1423 1036 1461 armatis
1058 1422 1294 1463 hominibus
1317 1439 1359 1463 ac
1382 1425 1498 1464 servis
1521 1427 1719 1480 plerisque

307 1488 614 1541 occupavissent,
637 1490 836 1542 impetum
858 1489 1011 1528 faciunt
1033 1492 1074 1528 in
1097 1492 1344 1539 Fabricium,
1368 1507 1508 1532 manus
1530 1495 1715 1539 afferunt,

309 1554 500 1592 occidunt
522 1556 753 1601 nonnullos,
787 1557 995 1595 vulnerant
1021 1558 1186 1596 multos.

367 1620 607 1658 Venientem
630 1622 671 1658 in
693 1622 826 1660 forum
844 1651 854 1667 ,
887 1623 1017 1659 virum
1040 1624 1243 1675 optimum
1265 1634 1303 1662 et
1334 1625 1689 1665 constantiffimum
1704 1657 1715 1673 ,

311 1685 376 1723 M.
402 1686 584 1739 Cispium
601 1716 611 1732 ,
645 1688 854 1726 tribunum
877 1688 1004 1740 plebis
1020 1718 1031 1734 ,
1064 1690 1102 1727 vi
1129 1690 1335 1743 depellunt
1356 1707 1364 1730 :
1399 1692 1544 1731 caedem
1567 1694 1607 1731 in
1629 1692 1718 1732 foro

311 1753 529 1791 maximam
550 1753 705 1792 faciunt
724 1769 732 1792 :
758 1755 1019 1807 univerfique,
1043 1755 1233 1795 destrictis
1255 1757 1398 1810 gladiis
1420 1768 1458 1796 et
1479 1760 1654 1799 cruentis
1677 1761 1718 1799 in

309 1819 498 1858 omnibus
519 1818 597 1858 fori
618 1821 812 1873 partibus,
831 1820 994 1860 fratrem
1015 1836 1167 1869 meum,
1187 1824 1317 1863 virum
1340 1827 1557 1878 optimum,
1582 1826 1716 1866 fortis-

310 1886 470 1933 fimum,
506 1888 667 1941 meique
698 1889 1024 1936 amantiffimum‚
1061 1891 1189 1929 oculis
1223 1893 1464 1945 quaerebant,
1496 1909 1591 1933 voce
1626 1897 1716 1948 pos-

309 1953 466 1993 cebant.
500 1955 686 2007 Qorum
707 1956 776 1994 ille
799 1956 886 1994 telis
910 1957 1103 2003 libenter,
1136 1959 1177 1996 in
1210 1968 1320 1997 tanto
1351 1959 1460 1998 luctu
1493 1976 1536 1999 ac
1567 1961 1716 2001 defide-

310 2020 368 2058 rio
390 2021 484 2067 mei,
516 2035 596 2060 non
628 2023 890 2076 repugnandi,
924 2024 986 2062 sed
1018 2026 1230 2072 moriendi,
1262 2027 1387 2072 causa,
1420 2042 1563 2081 corpus
1594 2029 1718 2067 obtu-

310 2087 412 2126 liffet
434 2088 575 2135 suum,
609 2090 681 2128 nifi
714 2090 823 2129 suam
853 2092 976 2130 vitam
998 2091 1044 2130 ad
1075 2092 1184 2146 spem
1212 2094 1290 2132 mei
1313 2094 1461 2133 reditus
1484 2095 1716 2135 reservasset.

312 2156 443 2194 Subiit
466 2165 598 2195 tamen
620 2158 703 2195 vim
733 2158 846 2196 illam
875 2159 1066 2197 nefariam
1097 2161 1453 2200 consceleratorum
1483 2163 1714 2210 latronum,-

309 2231 364 2268 et‚
396 2235 490 2261 cum
512 2223 559 2261 ad
580 2222 711 2262 fratris
734 2224 898 2263 salutem
920 2239 941 2263 a
961 2227 1112 2279 populo
1135 2228 1319 2267 Romano
1341 2228 1627 2282 deprecandam
1648 2244 1716 2268 ve-

311 2288 424 2326 niffet
439 2318 450 2335 ,
481 2290 616 2342 pulsus
637 2305 658 2329 e
679 2292 857 2338 Rostris,
889 2293 929 2331 in
952 2294 1119 2332 comitio
1134 2296 1286 2347 jacuit,
1319 2295 1435 2349 seque
1458 2297 1657 2335 servorum
1679 2307 1718 2335 et

310 2354 547 2394 libertorum
580 2358 813 2410 corporibus
844 2359 1013 2406 obtexit,
1047 2361 1248 2414 vitamque
1280 2372 1367 2400 tum
1398 2363 1504 2401 suam
1531 2364 1656 2401 noctis
1678 2374 1717 2402 et

312 2420 416 2473 fugae
436 2422 627 2475 praefidi0‚
659 2438 738 2463 non
755 2426 856 2477 juris
873 2426 1214 2480 judiciorumque,
1245 2428 1437 2468 defendit.
1472 2430 1716 2468 Nleministis

314 2495 400 2526 tum
416 2518 427 2534 ‚
459 2489 620 2541 Judices
635 2519 648 2536 ,
679 2492 912 2545 corporibus
935 2494 1086 2533 civium
1107 2496 1292 2534 Tiberim
1315 2496 1532 2548 compleri,
1566 2496 1715 2535 clo-acas
