2076 2860
660 169 1231 210 PHILIPPICA
1308 167 1427 206 XIII.
1660 180 1740 221 457

346 275 486 315 moveri
494 274 592 327 pati,
611 273 838 326 necstngulos
857 271 908 311 ad
921 272 1121 312 cruciatum
1142 270 1256 314 trahi,
1280 284 1341 309 nec
1345 270 1483 322 fallere
1487 268 1612 322 fldem,
1634 282 1744 322 quam

346 341 426 379 dedi
451 340 664 380 Dolabellce.
709 338 869 376 Omitto
901 338 1001 376 alia:
1019 336 1131 390 fidem
1152 335 1364 381 Dolabellae,
1396 334 1618 375 sanetiffimi
1648 334 1738 379 viri,

348 405 518 444 deserere
538 404 660 442 homo
681 404 769 457 pius
791 417 869 441 non
892 403 1031 456 potest.
1069 403 1202 454 Qam
1232 401 1383 439 fidem?
1415 414 1462 438 an
1492 400 1637 453 optimi
1667 387 1751 437 cuss

343 471 485 524 jusque
506 470 621 508 caedis
640 489 651 515 ς
686 469 793 507 urbis
815 478 854 507 et
874 469 996 507 Italiae
1017 468 1239 521 partitionis
1257 486 1269 512 ;
1302 467 1378 504 suis
1406 465 1621 504 dandarum
1642 464 1740 502 diri-

348 537 660 590 piendarumque
680 535 999 588 provinciarum?
1023 535 1131 573 Nam
1151 533 1248 586 quid
1268 541 1348 571 erat
1368 532 1489 578 aliud,
1512 531 1620 585 quod
1638 531 1742 569 inter

349 603 574 641 Antonium
595 611 633 640 et
659 600 925 646 Dolabellam,
957 599 1238 652 impuriffimos
1268 597 1492 652 parricidas,
1523 596 1670 635 foedere
1698 610 1741 634 ac

348 669 424 708 fide
446 669 657 707 sanciretur
675 669 688 705 ?

405 736 485 774 Nec
504 733 638 787 Lepidi
639 733 848 787 societatem
867 733 1016 776 violare,
1040 730 1184 784 pigffi'mi
1205 729 1365 769 hominis.
1407 729 1507 767 Tibi
1539 743 1632 767 cum
1661 729 1741 766 Le-

351 802 445 855 pido
466 802 640 846 societas,
671 810 739 838 aut
767 814 860 838 cum
891 800 988 844 ullo,
1020 812 1100 836 non
1130 797 1260 836 dicam
1290 796 1396 834 bono
1425 796 1525 840 cive,
1557 795 1655 833 ficut
1674 794 1744 833 ille

352 867 419 913 est,
452 867 515 906 sed
535 866 698 905 homine
719 866 840 904 sano?
873 866 919 904 Id
940 866 1036 917 agis,
1068 874 1113 902 ut
1143 863 1342 916 Lepidum
1363 870 1430 900 aut
1459 861 1645 914 impium,
1677 870 1746 900 aut

353 933 548 978 insanum,
579 931 791 970 existimari
813 931 923 969 velis.
957 929 1074 969 Nihil
1095 930 1192 982 agis.
1226 930 1464 980 Qanquam
1485 927 1676 965 affirmare
1697 926 1746 964 de

352 1000 475 1037 altero
502 998 665 1036 difficile
693 997 760 1042 est,
793 996 840 1034 de
870 996 1021 1048 Lepido
1053 995 1281 1048 praesertim,
1313 1007 1433 1046 quem
1465 1006 1539 1045 ego
1570 1001 1748 1030 metuam

354 1077 575 1117 nunquam,
608 1063 706 1100 bene
739 1061 913 1114 sperabo,
946 1062 1041 1098 dum
1074 1061 1227 1098 licebit.
1274 1061 1472 1097 Revocare
1501 1067 1539 1096 te
1565 1071 1586 1096 a
1614 1057 1748 1095 furore

354 1130 530 1184 Lepidus
551 1128 692 1173 voluit,
725 1141 805 1166 non
825 1127 980 1180 adjutor
1000 1126 1072 1164 effe
1093 1125 1314 1164 dementiae.
1346 1126 1415 1163 Tu
1443 1137 1560 1177 porro
1588 1137 1636 1162 ne
1661 1123 1747 1176 pios

355 1196 533 1249 quidem,
565 1194 629 1232 sed
650 1193 854 1246 pssffimos,
877 1193 1016 1245 quaeris
1036 1207 1045 1230 ε
1078 1201 1131 1237 et,
1154 1190 1262 1244 quod
1283 1190 1447 1229 verbum
1467 1189 1632 1227 omnino
1652 1188 1747 1226 nul-

356 1262 442 1299 lum
463 1262 505 1299 in
526 1259 663 1312 lingua
683 1258 825 1297 Latina
851 1257 918 1303 est,
950 1257 1005 1302 id,
1037 1265 1197 1310 propter
1218 1265 1328 1295 tuam
1348 1255 1523 1294 divinam
1543 1255 1747 1308 pietatem,

358 1341 505 1367 novum
528 1325 699 1364 inducis.

414 1395 494 1433 Nec
522 1392 699 1431 Plancum
721 1390 885 1444 prodere,
909 1390 1126 1443 participem
1155 1389 1381 1440 cmfiliorum.
1428 1388 1622 1426 Plancum
1657 1399 1747 1440 par-

360 1459 557 1512 ticipem?
598 1458 710 1510 cujus
750 1456 1019 1495 memorabilis
1054 1468 1097 1493 ac
1137 1454 1269 1492 divina
1306 1455 1428 1492 virtus
1468 1454 1601 1492 lucem
1637 1451 1751 1491 affert

360 1525 602 1578 reipublicae.
654 1524 741 1563 Nis1
780 1522 882 1561 forte
921 1536 1012 1560 eum
1058 1520 1225 1559 subfidio
1270 1520 1346 1559 tibi
1384 1520 1515 1558 venire
1552 1519 1751 1557 arbitraris

361 1605 455 1630 cum
474 1590 691 1629 fortiffimis
713 1588 953 1641 legionibus,
985 1601 1129 1639 magno
1149 1587 1342 1639 equitatu,
1372 1585 1627 1638 peditatuque
1649 1584 1750 1623 Gal-

362 1659 521 1697 lorum:
553 1657 727 1710 quique,
760 1655 830 1694 nisi
865 1664 953 1693 ante
987 1656 1069 1707 ejus
1104 1654 1315 1691 adventum
1350 1651 1576 1704 reipublicae
1616 1664 1751 1703 poenas

363 1724 528 1769 dederis,
560 1724 628 1762 ille
657 1722 776 1775 hujus
807 1721 903 1760 belli
932 1720 1030 1759 feret
1057 1720 1340 1772 principatum.
1383 1720 1623 1770 Qanquam
1643 1717 1753 1756 enim

363 1792 490 1844 prima
516 1789 688 1843 praefidia
714 1788 873 1827 utiliora
905 1787 1130 1840 reipublicae
1162 1786 1267 1831 sunt,
1299 1794 1429 1823 tamen
1460 1793 1634 1823 extrema
1664 1783 1755 1822 sunt

362 1857 543 1910 gratiora.

421 1923 515 1962 XX.
540 1922 707 1974 Sedjam
723 1920 759 1960 se
772 1921 943 1973 colligit,
957 1929 997 1959 et
1012 1920 1058 1958 ad
1073 1928 1294 1958 extremum
1312 1916 1456 1969 incipit
1468 1915 1753 1969 philosopharI.

364 1988 408 2028 Si
429 2002 482 2027 me
501 1987 773 2040 redisstnfibus
792 1995 929 2025 euntem
957 1986 1033 2025 Dii
1057 1984 1284 2028 immortales,
1315 1991 1358 2021 ut
1364 1982 1486 2036 spero,
1516 1981 1725 2033 atffuverint
1740 1999 1754 2026 ς

364 2054 491 2093 vivam
510 2053 673 2092 libenter.
717 2052 781 2090 Sin
800 2060 918 2090 autem
937 2050 1039 2090 aliud
1051 2065 1104 2089 me
1108 2050 1241 2102 fatum
1259 2058 1379 2087 manet
1395 2066 1407 2093 ς
1430 2048 1606 2102 praecipio
1620 2047 1758 2100 gaudia

351 2119 610 2172 steppliciorum
638 2117 847 2170 vestrorum.
879 2118 1060 2170 Namque,
1076 2116 1119 2167 st
1144 2115 1239 2155 vic7c'
1264 2114 1476 2167 Pompeiani
1505 2124 1581 2153 tam
1610 2114 1755 2166 insblen-

366 2194 419 2224 tes
424 2185 546 2237 βατίς
578 2184 732 2223 vielores
750 2183 869 2236 quales
883 2182 1119 2234 ficturistnt,
1149 2196 1212 2220 vos
1231 2181 1355 2234 polius
1384 2179 1618 2233 expertemim‘.
1650 2179 1758 2217 Prae-

368 2250 490 2302 cipias
511 2249 606 2287 licet
625 2248 792 2301 gaudia:
826 2262 905 2286 non
926 2248 1033 2286 enim
1056 2247 1131 2285 tibi
1151 2261 1244 2285 cum
1275 2246 1541 2299 Pompeianis,
1572 2244 1636 2282 sed
1664 2257 1759 2282 cum

372 2314 546 2354 universa
561 2313 776 2366 republica,
795 2314 946 2352 bellum
962 2313 1030 2352 est.
1055 2314 1204 2351 Omnes
1224 2322 1260 2350 te
1282 2312 1367 2357 Dii,
1384 2311 1580 2355 homines,
1599 2310 1759 2354 summi,

370 2380 506 2426 medii,
537 2379 696 2425 infimi;
728 2379 847 2425 cives,
877 2377 1102 2432 peregrini;
1134 2379 1223 2422 viri,
1251 2378 1462 2421 mulierem
1496 2376 1625 2419 liberi,
1647 2374 1758 2418 servi,

371 2448 554 2486 oderunt.
598 2446 792 2485 Senfimus
823 2445 898 2485 hoc
930 2458 1054 2496 nuper
1082 2443 1177 2482 falso
1210 2443 1378 2487 nuntio;
1411 2456 1501 2480 vcro
1532 2439 1761 2494 propediem

459 2513 603 2552 TOM.
636 2511 708 2551 VI.
1274 2509 1318 2545 M
1352 2521 1390 2545 m
1422 2521 1461 2544 m
