<?xml version="1.0" encoding="UTF-8"?>
<!DOCTYPE html PUBLIC "-//W3C//DTD XHTML 1.0 Transitional//EN"
    "http://www.w3.org/TR/xhtml1/DTD/xhtml1-transitional.dtd">
<html xmlns="http://www.w3.org/1999/xhtml" xml:lang="en" lang="en">
 <head>
  <title>
</title>
<meta http-equiv="Content-Type" content="text/html;charset=utf-8" />
  <meta name='ocr-system' content='tesseract 3.04.00' />
  <meta name='ocr-capabilities' content='ocr_page ocr_carea ocr_par ocr_line ocrx_word'/>
</head>
<body>
  <div class='ocr_page' id='page_1' title='image "./operacumindicibu06ciceuoft_0356.png"; bbox 0 0 2076 2860; ppageno 0'>
   <div class='ocr_carea' id='block_1_1' title="bbox 457 182 1498 238">
    <p class='ocr_par' dir='ltr' id='par_1_1' title="bbox 457 182 1498 238">
     <span class='ocr_line' id='line_1_1' title="bbox 457 182 1498 238; baseline -0.004 -14"><span class='ocrx_word' id='word_1_1' title='bbox 457 186 532 238; x_wconf 79' lang='lat'>346</span> <span class='ocrx_word' id='word_1_2' title='bbox 808 184 885 222; x_wconf 85' lang='lat' dir='ltr'>IN</span> <span class='ocrx_word' id='word_1_3' title='bbox 944 183 1010 221; x_wconf 90' lang='grc' dir='ltr'>Μ.</span> <span class='ocrx_word' id='word_1_4' title='bbox 1071 182 1498 227; x_wconf 79' lang='lat' dir='ltr'><strong>ANTONIUM</strong></span> 
     </span>
    </p>
   </div>
   <div class='ocr_carea' id='block_1_2' title="bbox 431 282 1849 2514">
    <p class='ocr_par' dir='ltr' id='par_1_2' title="bbox 446 282 1849 997">
     <span class='ocr_line' id='line_1_2' title="bbox 509 282 1848 337; baseline -0.001 -14"><span class='ocrx_word' id='word_1_5' title='bbox 509 285 662 330; x_wconf 88' lang='lat' dir='ltr'>Laudo,</span> <span class='ocrx_word' id='word_1_6' title='bbox 694 283 810 322; x_wconf 85' lang='lat' dir='ltr'>laudo</span> <span class='ocrx_word' id='word_1_7' title='bbox 832 297 914 328; x_wconf 89' lang='lat' dir='ltr'>vos,</span> <span class='ocrx_word' id='word_1_8' title='bbox 948 282 1143 334; x_wconf 69' lang='lat' dir='ltr'>Qirstes,</span> <span class='ocrx_word' id='word_1_9' title='bbox 1176 297 1269 321; x_wconf 90' lang='lat' dir='ltr'>cum</span> <span class='ocrx_word' id='word_1_10' title='bbox 1298 283 1522 335; x_wconf 80' lang='lat' dir='ltr'>gratissimis</span> <span class='ocrx_word' id='word_1_11' title='bbox 1553 283 1695 321; x_wconf 86' lang='lat' dir='ltr'>animis</span> <span class='ocrx_word' id='word_1_12' title='bbox 1716 284 1848 337; x_wconf 85' lang='lat' dir='ltr'>prose-</span> 
     </span>
     <span class='ocr_line' id='line_1_3' title="bbox 451 348 1849 404; baseline -0.001 -15"><span class='ocrx_word' id='word_1_13' title='bbox 451 351 625 404; x_wconf 88' lang='lat' dir='ltr'>quimini</span> <span class='ocrx_word' id='word_1_14' title='bbox 647 363 791 388; x_wconf 89' lang='lat' dir='ltr'>nomen</span> <span class='ocrx_word' id='word_1_15' title='bbox 813 348 1013 387; x_wconf 80' lang='lat' dir='ltr'>clarissimi</span> <span class='ocrx_word' id='word_1_16' title='bbox 1033 348 1304 394; x_wconf 88' lang='lat' dir='ltr'>adolescentis,</span> <span class='ocrx_word' id='word_1_17' title='bbox 1336 349 1397 387; x_wconf 91' lang='lat' dir='ltr'>vel</span> <span class='ocrx_word' id='word_1_18' title='bbox 1428 349 1540 402; x_wconf 87' lang='lat' dir='ltr'>pueri</span> <span class='ocrx_word' id='word_1_19' title='bbox 1565 350 1697 402; x_wconf 89' lang='lat' dir='ltr'>potius</span> <span class='ocrx_word' id='word_1_20' title='bbox 1717 365 1726 388; x_wconf 78' lang='grc' dir='ltr'><strong><em>ε</em></strong></span> <span class='ocrx_word' id='word_1_21' title='bbox 1759 350 1849 389; x_wconf 90' lang='lat' dir='ltr'>sunt</span> 
     </span>
     <span class='ocr_line' id='line_1_4' title="bbox 450 414 1847 467; baseline -0.001 -13"><span class='ocrx_word' id='word_1_22' title='bbox 450 417 559 454; x_wconf 90' lang='lat' dir='ltr'>enim</span> <span class='ocrx_word' id='word_1_23' title='bbox 579 415 679 453; x_wconf 60' lang='lat' dir='ltr'>faeta</span> <span class='ocrx_word' id='word_1_24' title='bbox 699 416 781 467; x_wconf 85' lang='lat' dir='ltr'>ejus</span> <span class='ocrx_word' id='word_1_25' title='bbox 805 414 1139 459; x_wconf 81' lang='lat' dir='ltr'>i1nmortalitatis;</span> <span class='ocrx_word' id='word_1_26' title='bbox 1165 428 1325 460; x_wconf 87' lang='lat' dir='ltr'>nomen,</span> <span class='ocrx_word' id='word_1_27' title='bbox 1349 416 1485 453; x_wconf 79' lang='lat' dir='ltr'>aetatis.</span> <span class='ocrx_word' id='word_1_28' title='bbox 1510 415 1645 453; x_wconf 86' lang='lat' dir='ltr'>Multa</span> <span class='ocrx_word' id='word_1_29' title='bbox 1665 416 1847 461; x_wconf 88' lang='lat' dir='ltr'>memini,</span> 
     </span>
     <span class='ocr_line' id='line_1_5' title="bbox 451 479 1848 532; baseline -0.001 -12"><span class='ocrx_word' id='word_1_30' title='bbox 451 482 579 520; x_wconf 86' lang='lat' dir='ltr'>multa</span> <span class='ocrx_word' id='word_1_31' title='bbox 599 481 745 526; x_wconf 88' lang='lat' dir='ltr'>audivi,</span> <span class='ocrx_word' id='word_1_32' title='bbox 768 480 895 519; x_wconf 89' lang='lat' dir='ltr'>multa</span> <span class='ocrx_word' id='word_1_33' title='bbox 915 480 1019 532; x_wconf 86' lang='lat' dir='ltr'>legi:</span> <span class='ocrx_word' id='word_1_34' title='bbox 1053 479 1156 518; x_wconf 86' lang='lat' dir='ltr'>nihil</span> <span class='ocrx_word' id='word_1_35' title='bbox 1178 494 1224 518; x_wconf 84' lang='lat' dir='ltr'>ex</span> <span class='ocrx_word' id='word_1_36' title='bbox 1246 481 1430 518; x_wconf 86' lang='lat' dir='ltr'>omnium</span> <span class='ocrx_word' id='word_1_37' title='bbox 1451 481 1672 519; x_wconf 88' lang='lat' dir='ltr'>seculorum</span> <span class='ocrx_word' id='word_1_38' title='bbox 1693 495 1848 519; x_wconf 89' lang='lat' dir='ltr'>memo—</span> 
     </span>
     <span class='ocr_line' id='line_1_6' title="bbox 449 546 1846 599; baseline 0.001 -15"><span class='ocrx_word' id='word_1_39' title='bbox 449 548 505 585; x_wconf 85' lang='lat' dir='ltr'>ria</span> <span class='ocrx_word' id='word_1_40' title='bbox 526 547 601 584; x_wconf 89' lang='lat' dir='ltr'>tale</span> <span class='ocrx_word' id='word_1_41' title='bbox 622 547 807 599; x_wconf 85' lang='lat' dir='ltr'>cognovi.</span> <span class='ocrx_word' id='word_1_42' title='bbox 841 546 939 598; x_wconf 85' lang='lat' dir='ltr'>Qi‚</span> <span class='ocrx_word' id='word_1_43' title='bbox 971 560 1067 584; x_wconf 90' lang='lat' dir='ltr'>cum</span> <span class='ocrx_word' id='word_1_44' title='bbox 1097 546 1281 584; x_wconf 83' lang='lat' dir='ltr'>servitute</span> <span class='ocrx_word' id='word_1_45' title='bbox 1311 560 1592 599; x_wconf 84' lang='lat' dir='ltr'>premeremur,</span> <span class='ocrx_word' id='word_1_46' title='bbox 1624 556 1663 584; x_wconf 91' lang='lat' dir='ltr'>et</span> <span class='ocrx_word' id='word_1_47' title='bbox 1694 547 1735 585; x_wconf 88' lang='lat' dir='ltr'>in</span> <span class='ocrx_word' id='word_1_48' title='bbox 1765 547 1846 586; x_wconf 88' lang='lat' dir='ltr'>dies</span> 
     </span>
     <span class='ocr_line' id='line_1_7' title="bbox 448 610 1846 666; baseline 0.001 -16"><span class='ocrx_word' id='word_1_49' title='bbox 448 613 600 651; x_wconf 85' lang='lat' dir='ltr'>malum</span> <span class='ocrx_word' id='word_1_50' title='bbox 622 612 822 658; x_wconf 86' lang='lat' dir='ltr'>cresceret,</span> <span class='ocrx_word' id='word_1_51' title='bbox 855 611 1020 665; x_wconf 80' lang='lat' dir='ltr'>praefidii</span> <span class='ocrx_word' id='word_1_52' title='bbox 1051 610 1154 650; x_wconf 87' lang='lat' dir='ltr'>nihil</span> <span class='ocrx_word' id='word_1_53' title='bbox 1183 611 1433 657; x_wconf 85' lang='lat' dir='ltr'>haberemus,</span> <span class='ocrx_word' id='word_1_54' title='bbox 1465 612 1675 665; x_wconf 79' lang='lat' dir='ltr'>capitalem</span> <span class='ocrx_word' id='word_1_55' title='bbox 1694 621 1734 650; x_wconf 86' lang='lat' dir='ltr'>et</span> <span class='ocrx_word' id='word_1_56' title='bbox 1759 613 1846 666; x_wconf 85' lang='lat' dir='ltr'>pes-</span> 
     </span>
     <span class='ocr_line' id='line_1_8' title="bbox 448 677 1846 724; baseline 0.001 -8"><span class='ocrx_word' id='word_1_57' title='bbox 448 678 612 717; x_wconf 89' lang='lat' dir='ltr'>tiferum</span> <span class='ocrx_word' id='word_1_58' title='bbox 633 692 654 717; x_wconf 86' lang='lat' dir='ltr'>a</span> <span class='ocrx_word' id='word_1_59' title='bbox 674 679 893 717; x_wconf 71' lang='lat' dir='ltr'>Brundusio</span> <span class='ocrx_word' id='word_1_60' title='bbox 915 679 978 717; x_wconf 89' lang='lat' dir='ltr'>M.</span> <span class='ocrx_word' id='word_1_61' title='bbox 1003 678 1172 716; x_wconf 85' lang='lat' dir='ltr'>Antonii</span> <span class='ocrx_word' id='word_1_62' title='bbox 1194 678 1367 716; x_wconf 89' lang='lat' dir='ltr'>reditum</span> <span class='ocrx_word' id='word_1_63' title='bbox 1388 678 1616 716; x_wconf 85' lang='lat' dir='ltr'>timeremus</span> <span class='ocrx_word' id='word_1_64' title='bbox 1634 697 1645 724; x_wconf 67' lang='grc' dir='ltr'><strong><em>ς</em></strong></span> <span class='ocrx_word' id='word_1_65' title='bbox 1678 677 1755 717; x_wconf 93' lang='lat' dir='ltr'>hoc</span> <span class='ocrx_word' id='word_1_66' title='bbox 1783 679 1846 717; x_wconf 92' lang='lat' dir='ltr'>in-</span> 
     </span>
     <span class='ocr_line' id='line_1_9' title="bbox 448 745 1848 798; baseline 0.001 -15"><span class='ocrx_word' id='word_1_67' title='bbox 448 745 645 798; x_wconf 86' lang='lat' dir='ltr'>speratum</span> <span class='ocrx_word' id='word_1_68' title='bbox 679 745 867 783; x_wconf 86' lang='lat' dir='ltr'>omnibus</span> <span class='ocrx_word' id='word_1_69' title='bbox 903 745 1127 790; x_wconf 86' lang='lat' dir='ltr'>confilium,</span> <span class='ocrx_word' id='word_1_70' title='bbox 1165 746 1418 797; x_wconf 84' lang='lat' dir='ltr'>incognitum</span> <span class='ocrx_word' id='word_1_71' title='bbox 1453 754 1572 790; x_wconf 88' lang='lat' dir='ltr'>certe,</span> <span class='ocrx_word' id='word_1_72' title='bbox 1609 746 1770 798; x_wconf 88' lang='lat' dir='ltr'>ceperit,</span> <span class='ocrx_word' id='word_1_73' title='bbox 1803 754 1848 784; x_wconf 88' lang='lat' dir='ltr'>ut</span> 
     </span>
     <span class='ocr_line' id='line_1_10' title="bbox 446 811 1844 864; baseline 0 -14"><span class='ocrx_word' id='word_1_74' title='bbox 446 812 667 850; x_wconf 83' lang='lat' dir='ltr'>exercitum</span> <span class='ocrx_word' id='word_1_75' title='bbox 695 812 891 849; x_wconf 57' lang='lat' dir='ltr'>invictum</span> <span class='ocrx_word' id='word_1_76' title='bbox 920 825 968 850; x_wconf 85' lang='lat' dir='ltr'>ex</span> <span class='ocrx_word' id='word_1_77' title='bbox 998 811 1169 864; x_wconf 86' lang='lat' dir='ltr'>paternis</span> <span class='ocrx_word' id='word_1_78' title='bbox 1201 812 1400 849; x_wconf 84' lang='lat' dir='ltr'>militibus</span> <span class='ocrx_word' id='word_1_79' title='bbox 1428 811 1680 856; x_wconf 88' lang='lat' dir='ltr'>conduceret,</span> <span class='ocrx_word' id='word_1_80' title='bbox 1713 812 1844 850; x_wconf 90' lang='lat' dir='ltr'>Anto-</span> 
     </span>
     <span class='ocr_line' id='line_1_11' title="bbox 448 877 1845 931; baseline 0 -16"><span class='ocrx_word' id='word_1_81' title='bbox 448 877 584 931; x_wconf 87' lang='lat' dir='ltr'>niique</span> <span class='ocrx_word' id='word_1_82' title='bbox 618 877 809 923; x_wconf 86' lang='lat' dir='ltr'>furorem,</span> <span class='ocrx_word' id='word_1_83' title='bbox 841 877 1115 916; x_wconf 85' lang='lat' dir='ltr'>crudeliffimis</span> <span class='ocrx_word' id='word_1_84' title='bbox 1151 877 1323 916; x_wconf 75' lang='lat' dir='ltr'>consiliis</span> <span class='ocrx_word' id='word_1_85' title='bbox 1358 878 1585 923; x_wconf 85' lang='lat' dir='ltr'>incitatum,</span> <span class='ocrx_word' id='word_1_86' title='bbox 1617 892 1638 916; x_wconf 84' lang='lat' dir='ltr'>a</span> <span class='ocrx_word' id='word_1_87' title='bbox 1671 877 1845 930; x_wconf 88' lang='lat' dir='ltr'>pernicie</span> 
     </span>
     <span class='ocr_line' id='line_1_12' title="bbox 447 944 897 997; baseline -0.002 -15"><span class='ocrx_word' id='word_1_88' title='bbox 447 944 675 997; x_wconf 85' lang='lat' dir='ltr'>reipublicae</span> <span class='ocrx_word' id='word_1_89' title='bbox 695 953 897 982; x_wconf 87' lang='lat' dir='ltr'>averteret.</span> 
     </span>
    </p>

    <p class='ocr_par' dir='ltr' id='par_1_3' title="bbox 438 1008 1845 1908">
     <span class='ocr_line' id='line_1_13' title="bbox 502 1008 1842 1062; baseline -0.001 -14"><span class='ocrx_word' id='word_1_90' title='bbox 502 1011 558 1048; x_wconf 92' lang='grc' dir='ltr'>ΙΙ.</span> <span class='ocrx_word' id='word_1_91' title='bbox 583 1010 685 1062; x_wconf 84' lang='lat' dir='ltr'>Qis</span> <span class='ocrx_word' id='word_1_92' title='bbox 706 1009 760 1047; x_wconf 91' lang='lat' dir='ltr'>est</span> <span class='ocrx_word' id='word_1_93' title='bbox 780 1010 903 1055; x_wconf 85' lang='lat' dir='ltr'>enim,</span> <span class='ocrx_word' id='word_1_94' title='bbox 926 1009 996 1061; x_wconf 90' lang='lat' dir='ltr'>qui</span> <span class='ocrx_word' id='word_1_95' title='bbox 1017 1008 1094 1047; x_wconf 89' lang='lat' dir='ltr'>hoc</span> <span class='ocrx_word' id='word_1_96' title='bbox 1117 1022 1196 1046; x_wconf 87' lang='lat' dir='ltr'>non</span> <span class='ocrx_word' id='word_1_97' title='bbox 1217 1008 1429 1060; x_wconf 87' lang='lat' dir='ltr'>intelligat,</span> <span class='ocrx_word' id='word_1_98' title='bbox 1453 1008 1523 1046; x_wconf 91' lang='lat' dir='ltr'>nis1</span> <span class='ocrx_word' id='word_1_99' title='bbox 1546 1009 1672 1047; x_wconf 82' lang='lat' dir='ltr'>Caesar</span> <span class='ocrx_word' id='word_1_100' title='bbox 1691 1008 1842 1047; x_wconf 85' lang='lat' dir='ltr'>exerci-</span> 
     </span>
     <span class='ocr_line' id='line_1_14' title="bbox 445 1073 1845 1129; baseline -0.001 -15"><span class='ocrx_word' id='word_1_101' title='bbox 445 1085 532 1114; x_wconf 90' lang='lat' dir='ltr'>tum</span> <span class='ocrx_word' id='word_1_102' title='bbox 552 1076 768 1129; x_wconf 81' lang='lat' dir='ltr'>paravisset,</span> <span class='ocrx_word' id='word_1_103' title='bbox 792 1089 871 1113; x_wconf 90' lang='lat' dir='ltr'>non</span> <span class='ocrx_word' id='word_1_104' title='bbox 894 1075 971 1113; x_wconf 90' lang='lat' dir='ltr'>fine</span> <span class='ocrx_word' id='word_1_105' title='bbox 992 1075 1115 1113; x_wconf 86' lang='lat' dir='ltr'>exitio</span> <span class='ocrx_word' id='word_1_106' title='bbox 1136 1074 1265 1112; x_wconf 90' lang='lat' dir='ltr'>nostro</span> <span class='ocrx_word' id='word_1_107' title='bbox 1281 1073 1464 1112; x_wconf 86' lang='lat' dir='ltr'>futurum</span> <span class='ocrx_word' id='word_1_108' title='bbox 1481 1075 1650 1112; x_wconf 89' lang='lat' dir='ltr'>Antonii</span> <span class='ocrx_word' id='word_1_109' title='bbox 1671 1074 1845 1112; x_wconf 86' lang='lat' dir='ltr'>reditum</span> 
     </span>
     <span class='ocr_line' id='line_1_15' title="bbox 444 1140 1844 1194; baseline -0.001 -14"><span class='ocrx_word' id='word_1_110' title='bbox 444 1142 581 1180; x_wconf 85' lang='lat' dir='ltr'>fuiffe?</span> <span class='ocrx_word' id='word_1_111' title='bbox 601 1143 661 1180; x_wconf 86' lang='lat' dir='ltr'>Ita</span> <span class='ocrx_word' id='word_1_112' title='bbox 675 1143 782 1180; x_wconf 89' lang='lat' dir='ltr'>enirn</span> <span class='ocrx_word' id='word_1_113' title='bbox 798 1141 834 1180; x_wconf 93' lang='lat' dir='ltr'>se</span> <span class='ocrx_word' id='word_1_114' title='bbox 848 1141 1062 1194; x_wconf 88' lang='lat' dir='ltr'>recipiebat</span> <span class='ocrx_word' id='word_1_115' title='bbox 1078 1140 1214 1179; x_wconf 87' lang='lat' dir='ltr'>ardens</span> <span class='ocrx_word' id='word_1_116' title='bbox 1231 1140 1322 1179; x_wconf 89' lang='lat' dir='ltr'>odio</span> <span class='ocrx_word' id='word_1_117' title='bbox 1339 1140 1466 1185; x_wconf 91' lang='lat' dir='ltr'>vestri,</span> <span class='ocrx_word' id='word_1_118' title='bbox 1482 1150 1668 1179; x_wconf 89' lang='lat' dir='ltr'>cruentus</span> <span class='ocrx_word' id='word_1_119' title='bbox 1685 1141 1844 1193; x_wconf 85' lang='lat' dir='ltr'>sangui-</span> 
     </span>
     <span class='ocr_line' id='line_1_16' title="bbox 444 1205 1840 1259; baseline -0.001 -13"><span class='ocrx_word' id='word_1_120' title='bbox 444 1222 492 1246; x_wconf 90' lang='lat' dir='ltr'>ne</span> <span class='ocrx_word' id='word_1_121' title='bbox 512 1208 662 1246; x_wconf 89' lang='lat' dir='ltr'>civium</span> <span class='ocrx_word' id='word_1_122' title='bbox 684 1208 974 1252; x_wconf 85' lang='lat' dir='ltr'>Romanorum,</span> <span class='ocrx_word' id='word_1_123' title='bbox 992 1219 1091 1259; x_wconf 85' lang='lat' dir='ltr'>quos</span> <span class='ocrx_word' id='word_1_124' title='bbox 1114 1205 1263 1251; x_wconf 82' lang='lat' dir='ltr'>Sueffae,</span> <span class='ocrx_word' id='word_1_125' title='bbox 1282 1219 1380 1258; x_wconf 90' lang='lat' dir='ltr'>quos</span> <span class='ocrx_word' id='word_1_126' title='bbox 1399 1206 1608 1244; x_wconf 78' lang='lat' dir='ltr'>Brundusii</span> <span class='ocrx_word' id='word_1_127' title='bbox 1629 1206 1840 1251; x_wconf 86' lang='lat' dir='ltr'>occiderat,</span> 
     </span>
     <span class='ocr_line' id='line_1_17' title="bbox 443 1272 1841 1326; baseline -0.001 -14"><span class='ocrx_word' id='word_1_128' title='bbox 443 1283 487 1312; x_wconf 87' lang='lat' dir='ltr'>ut</span> <span class='ocrx_word' id='word_1_129' title='bbox 508 1273 611 1312; x_wconf 87' lang='lat' dir='ltr'>nihil</span> <span class='ocrx_word' id='word_1_130' title='bbox 635 1273 704 1311; x_wconf 78' lang='lat' dir='ltr'>nisi</span> <span class='ocrx_word' id='word_1_131' title='bbox 726 1273 773 1310; x_wconf 92' lang='lat' dir='ltr'>de</span> <span class='ocrx_word' id='word_1_132' title='bbox 795 1273 1023 1326; x_wconf 86' lang='lat' dir='ltr'>reipublicae</span> <span class='ocrx_word' id='word_1_133' title='bbox 1045 1273 1217 1324; x_wconf 87' lang='lat' dir='ltr'>pernicie</span> <span class='ocrx_word' id='word_1_134' title='bbox 1239 1273 1445 1323; x_wconf 86' lang='lat' dir='ltr'>cogitaret.</span> <span class='ocrx_word' id='word_1_135' title='bbox 1470 1272 1591 1323; x_wconf 84' lang='lat' dir='ltr'>Qod</span> <span class='ocrx_word' id='word_1_136' title='bbox 1612 1281 1744 1310; x_wconf 88' lang='lat' dir='ltr'>autem</span> <span class='ocrx_word' id='word_1_137' title='bbox 1760 1281 1841 1310; x_wconf 88' lang='lat' dir='ltr'>erat</span> 
     </span>
     <span class='ocr_line' id='line_1_18' title="bbox 443 1336 1840 1392; baseline -0.002 -15"><span class='ocrx_word' id='word_1_138' title='bbox 443 1339 664 1392; x_wconf 83' lang='lat' dir='ltr'>praefidium</span> <span class='ocrx_word' id='word_1_139' title='bbox 686 1338 818 1376; x_wconf 86' lang='lat' dir='ltr'>salutis</span> <span class='ocrx_word' id='word_1_140' title='bbox 840 1337 1109 1389; x_wconf 78' lang='lat' dir='ltr'>libertatisque</span> <span class='ocrx_word' id='word_1_141' title='bbox 1129 1336 1273 1391; x_wconf 82' lang='lat' dir='ltr'>vestrae,</span> <span class='ocrx_word' id='word_1_142' title='bbox 1292 1337 1318 1375; x_wconf 89' lang='lat' dir='ltr'><strong>fi</strong></span> <span class='ocrx_word' id='word_1_143' title='bbox 1341 1338 1389 1375; x_wconf 92' lang='lat' dir='ltr'>C.</span> <span class='ocrx_word' id='word_1_144' title='bbox 1411 1336 1585 1382; x_wconf 81' lang='lat' dir='ltr'>Caesaris,</span> <span class='ocrx_word' id='word_1_145' title='bbox 1608 1336 1840 1375; x_wconf 84' lang='lat' dir='ltr'>fortiffimo-</span> 
     </span>
     <span class='ocr_line' id='line_1_19' title="bbox 443 1402 1840 1459; baseline -0.001 -15"><span class='ocrx_word' id='word_1_146' title='bbox 443 1419 532 1444; x_wconf 88' lang='lat' dir='ltr'>rum</span> <span class='ocrx_word' id='word_1_147' title='bbox 553 1406 611 1444; x_wconf 88' lang='lat' dir='ltr'>sui</span> <span class='ocrx_word' id='word_1_148' title='bbox 632 1405 751 1459; x_wconf 86' lang='lat' dir='ltr'>patris</span> <span class='ocrx_word' id='word_1_149' title='bbox 773 1404 967 1449; x_wconf 86' lang='lat' dir='ltr'>militum,</span> <span class='ocrx_word' id='word_1_150' title='bbox 999 1403 1194 1441; x_wconf 81' lang='lat' dir='ltr'>exercitus</span> <span class='ocrx_word' id='word_1_151' title='bbox 1217 1416 1296 1441; x_wconf 90' lang='lat' dir='ltr'>non</span> <span class='ocrx_word' id='word_1_152' title='bbox 1324 1402 1455 1441; x_wconf 81' lang='lat' dir='ltr'>fuiffet</span> <span class='ocrx_word' id='word_1_153' title='bbox 1475 1404 1488 1441; x_wconf 89' lang='lat'>?</span> <span class='ocrx_word' id='word_1_154' title='bbox 1522 1404 1647 1456; x_wconf 85' lang='lat' dir='ltr'>Cujus</span> <span class='ocrx_word' id='word_1_155' title='bbox 1679 1403 1726 1440; x_wconf 91' lang='lat' dir='ltr'>de</span> <span class='ocrx_word' id='word_1_156' title='bbox 1753 1404 1840 1442; x_wconf 87' lang='lat' dir='ltr'>lau-</span> 
     </span>
     <span class='ocr_line' id='line_1_20' title="bbox 441 1469 1840 1524; baseline -0.001 -13"><span class='ocrx_word' id='word_1_157' title='bbox 441 1472 558 1511; x_wconf 84' lang='lat' dir='ltr'>dibus</span> <span class='ocrx_word' id='word_1_158' title='bbox 580 1482 618 1511; x_wconf 90' lang='lat' dir='ltr'>et</span> <span class='ocrx_word' id='word_1_159' title='bbox 639 1471 874 1516; x_wconf 85' lang='lat' dir='ltr'>honoribus,</span> <span class='ocrx_word' id='word_1_160' title='bbox 906 1471 977 1524; x_wconf 85' lang='lat' dir='ltr'>qui</span> <span class='ocrx_word' id='word_1_161' title='bbox 997 1470 1032 1507; x_wconf 86' lang='lat' dir='ltr'>ei</span> <span class='ocrx_word' id='word_1_162' title='bbox 1053 1483 1125 1522; x_wconf 90' lang='lat' dir='ltr'>pro</span> <span class='ocrx_word' id='word_1_163' title='bbox 1146 1469 1291 1507; x_wconf 86' lang='lat' dir='ltr'>divinis</span> <span class='ocrx_word' id='word_1_164' title='bbox 1313 1478 1351 1508; x_wconf 92' lang='lat' dir='ltr'>et</span> <span class='ocrx_word' id='word_1_165' title='bbox 1371 1470 1665 1508; x_wconf 88' lang='lat' dir='ltr'>immortalibus</span> <span class='ocrx_word' id='word_1_166' title='bbox 1688 1470 1840 1509; x_wconf 88' lang='lat' dir='ltr'>meritis</span> 
     </span>
     <span class='ocr_line' id='line_1_21' title="bbox 440 1535 1839 1589; baseline -0.002 -13"><span class='ocrx_word' id='word_1_167' title='bbox 440 1537 567 1576; x_wconf 88' lang='lat' dir='ltr'>divini</span> <span class='ocrx_word' id='word_1_168' title='bbox 599 1536 921 1589; x_wconf 86' lang='lat' dir='ltr'>immortalesque</span> <span class='ocrx_word' id='word_1_169' title='bbox 956 1536 1165 1581; x_wconf 86' lang='lat' dir='ltr'>debentur,</span> <span class='ocrx_word' id='word_1_170' title='bbox 1197 1535 1300 1573; x_wconf 88' lang='lat' dir='ltr'>mihi</span> <span class='ocrx_word' id='word_1_171' title='bbox 1335 1535 1486 1574; x_wconf 87' lang='lat' dir='ltr'>senatus</span> <span class='ocrx_word' id='word_1_172' title='bbox 1522 1535 1686 1574; x_wconf 77' lang='lat' dir='ltr'>assensus</span> <span class='ocrx_word' id='word_1_173' title='bbox 1721 1536 1839 1588; x_wconf 86' lang='lat' dir='ltr'>paulo</span> 
     </span>
     <span class='ocr_line' id='line_1_22' title="bbox 439 1601 1838 1656; baseline -0.003 -13"><span class='ocrx_word' id='word_1_174' title='bbox 439 1613 528 1643; x_wconf 85' lang='lat' dir='ltr'>ante</span> <span class='ocrx_word' id='word_1_175' title='bbox 549 1604 736 1649; x_wconf 89' lang='lat' dir='ltr'>decrevit,</span> <span class='ocrx_word' id='word_1_176' title='bbox 769 1613 814 1642; x_wconf 86' lang='lat' dir='ltr'>ut</span> <span class='ocrx_word' id='word_1_177' title='bbox 846 1603 977 1656; x_wconf 87' lang='lat' dir='ltr'>primo</span> <span class='ocrx_word' id='word_1_178' title='bbox 1005 1616 1164 1656; x_wconf 85' lang='lat' dir='ltr'>quoque</span> <span class='ocrx_word' id='word_1_179' title='bbox 1193 1611 1369 1654; x_wconf 87' lang='lat' dir='ltr'>tempore</span> <span class='ocrx_word' id='word_1_180' title='bbox 1397 1601 1620 1640; x_wconf 83' lang='lat' dir='ltr'>referretur.</span> <span class='ocrx_word' id='word_1_181' title='bbox 1654 1603 1748 1654; x_wconf 87' lang='lat' dir='ltr'>Qo</span> <span class='ocrx_word' id='word_1_182' title='bbox 1769 1602 1838 1640; x_wconf 92' lang='lat' dir='ltr'>de-</span> 
     </span>
     <span class='ocr_line' id='line_1_23' title="bbox 439 1667 1837 1724; baseline -0.002 -15"><span class='ocrx_word' id='word_1_183' title='bbox 439 1680 546 1709; x_wconf 87' lang='lat' dir='ltr'>creto</span> <span class='ocrx_word' id='word_1_184' title='bbox 581 1671 670 1723; x_wconf 89' lang='lat' dir='ltr'>quis</span> <span class='ocrx_word' id='word_1_185' title='bbox 704 1684 783 1709; x_wconf 91' lang='lat' dir='ltr'>non</span> <span class='ocrx_word' id='word_1_186' title='bbox 817 1670 1003 1724; x_wconf 87' lang='lat' dir='ltr'>perspicit</span> <span class='ocrx_word' id='word_1_187' title='bbox 1034 1669 1262 1707; x_wconf 87' lang='lat' dir='ltr'>Antonium</span> <span class='ocrx_word' id='word_1_188' title='bbox 1294 1667 1447 1707; x_wconf 90' lang='lat' dir='ltr'>hostem</span> <span class='ocrx_word' id='word_1_189' title='bbox 1479 1668 1551 1706; x_wconf 84' lang='lat' dir='ltr'>effe</span> <span class='ocrx_word' id='word_1_190' title='bbox 1577 1668 1837 1721; x_wconf 85' lang='lat' dir='ltr'>judicatum?</span> 
     </span>
     <span class='ocr_line' id='line_1_24' title="bbox 439 1736 1836 1790; baseline -0.002 -15"><span class='ocrx_word' id='word_1_191' title='bbox 439 1739 574 1789; x_wconf 84' lang='lat' dir='ltr'>Qem</span> <span class='ocrx_word' id='word_1_192' title='bbox 595 1737 703 1775; x_wconf 89' lang='lat' dir='ltr'>enim</span> <span class='ocrx_word' id='word_1_193' title='bbox 725 1737 919 1790; x_wconf 87' lang='lat' dir='ltr'>appellare</span> <span class='ocrx_word' id='word_1_194' title='bbox 947 1736 1149 1789; x_wconf 74' lang='lat' dir='ltr'>possumus</span> <span class='ocrx_word' id='word_1_195' title='bbox 1176 1749 1284 1780; x_wconf 90' lang='lat' dir='ltr'>eum,</span> <span class='ocrx_word' id='word_1_196' title='bbox 1315 1744 1454 1773; x_wconf 88' lang='lat' dir='ltr'>contra</span> <span class='ocrx_word' id='word_1_197' title='bbox 1479 1749 1598 1787; x_wconf 91' lang='lat' dir='ltr'>quem</span> <span class='ocrx_word' id='word_1_198' title='bbox 1626 1736 1697 1788; x_wconf 91' lang='lat' dir='ltr'>qui</span> <span class='ocrx_word' id='word_1_199' title='bbox 1724 1748 1836 1773; x_wconf 84' lang='lat' dir='ltr'>exer-</span> 
     </span>
     <span class='ocr_line' id='line_1_25' title="bbox 438 1789 1835 1854; baseline -0.001 -13"><span class='ocrx_word' id='word_1_200' title='bbox 438 1805 541 1842; x_wconf 86' lang='lat' dir='ltr'>citus</span> <span class='ocrx_word' id='word_1_201' title='bbox 581 1803 735 1841; x_wconf 89' lang='lat' dir='ltr'>ducunt</span> <span class='ocrx_word' id='word_1_202' title='bbox 751 1833 761 1848; x_wconf 91' lang='lat'>,</span> <span class='ocrx_word' id='word_1_203' title='bbox 794 1805 841 1841; x_wconf 85' lang='lat' dir='ltr'>iis</span> <span class='ocrx_word' id='word_1_204' title='bbox 882 1803 1034 1841; x_wconf 89' lang='lat' dir='ltr'>senatus</span> <span class='ocrx_word' id='word_1_205' title='bbox 1074 1802 1286 1840; x_wconf 84' lang='lat' dir='ltr'>arbitratur</span> <span class='ocrx_word' id='word_1_206' title='bbox 1323 1801 1533 1854; x_wconf 75' lang='lat' dir='ltr'>singulares</span> <span class='ocrx_word' id='word_1_207' title='bbox 1573 1789 1835 1854; x_wconf 84' lang='lat' dir='ltr'>exquirendos</span> 
     </span>
     <span class='ocr_line' id='line_1_26' title="bbox 438 1868 641 1908; baseline 0 -2"><span class='ocrx_word' id='word_1_208' title='bbox 438 1868 607 1908; x_wconf 80' lang='lat' dir='ltr'>honores</span> <span class='ocrx_word' id='word_1_209' title='bbox 628 1871 641 1906; x_wconf 90' lang='lat'>?</span> 
     </span>
    </p>

    <p class='ocr_par' dir='ltr' id='par_1_4' title="bbox 431 1931 1836 2514">
     <span class='ocr_line' id='line_1_27' title="bbox 495 1931 1836 1986; baseline -0.001 -14"><span class='ocrx_word' id='word_1_210' title='bbox 495 1934 606 1986; x_wconf 86' lang='lat' dir='ltr'>Qid</span> <span class='ocrx_word' id='word_1_211' title='bbox 634 1934 739 1986; x_wconf 88' lang='lat' dir='ltr'>legio</span> <span class='ocrx_word' id='word_1_212' title='bbox 769 1933 948 1972; x_wconf 85' lang='lat' dir='ltr'>Martia?</span> <span class='ocrx_word' id='word_1_213' title='bbox 971 1931 1066 1984; x_wconf 64' lang='lat' dir='ltr'>”quae</span> <span class='ocrx_word' id='word_1_214' title='bbox 1094 1931 1197 1970; x_wconf 90' lang='lat' dir='ltr'>mihi</span> <span class='ocrx_word' id='word_1_215' title='bbox 1217 1932 1372 1970; x_wconf 87' lang='lat' dir='ltr'>videtur</span> <span class='ocrx_word' id='word_1_216' title='bbox 1399 1932 1590 1970; x_wconf 90' lang='lat' dir='ltr'>divinitus</span> <span class='ocrx_word' id='word_1_217' title='bbox 1612 1933 1659 1970; x_wconf 88' lang='lat' dir='ltr'>ab</span> <span class='ocrx_word' id='word_1_218' title='bbox 1680 1946 1725 1970; x_wconf 92' lang='lat' dir='ltr'>eo</span> <span class='ocrx_word' id='word_1_219' title='bbox 1748 1933 1836 1971; x_wconf 86' lang='lat' dir='ltr'>Deo</span> 
     </span>
     <span class='ocr_line' id='line_1_28' title="bbox 437 1998 1833 2052; baseline -0.001 -13"><span class='ocrx_word' id='word_1_220' title='bbox 437 2000 590 2039; x_wconf 78' lang='lat' dir='ltr'>traxiffe</span> <span class='ocrx_word' id='word_1_221' title='bbox 611 2014 771 2045; x_wconf 90' lang='lat' dir='ltr'>nomen,</span> <span class='ocrx_word' id='word_1_222' title='bbox 804 2014 825 2037; x_wconf 88' lang='lat' dir='ltr'>a</span> <span class='ocrx_word' id='word_1_223' title='bbox 854 2013 934 2052; x_wconf 91' lang='lat' dir='ltr'>quo</span> <span class='ocrx_word' id='word_1_224' title='bbox 958 1998 1155 2051; x_wconf 85' lang='lat' dir='ltr'>populum</span> <span class='ocrx_word' id='word_1_225' title='bbox 1177 1999 1406 2036; x_wconf 87' lang='lat' dir='ltr'>Romanum</span> <span class='ocrx_word' id='word_1_226' title='bbox 1427 2007 1657 2050; x_wconf 87' lang='lat' dir='ltr'>generatum</span> <span class='ocrx_word' id='word_1_227' title='bbox 1677 2000 1833 2052; x_wconf 84' lang='lat' dir='ltr'>accepi-</span> 
     </span>
     <span class='ocr_line' id='line_1_29' title="bbox 436 2063 1834 2118; baseline -0.002 -13"><span class='ocrx_word' id='word_1_228' title='bbox 436 2080 541 2105; x_wconf 80' lang='lat' dir='ltr'>mus.</span> <span class='ocrx_word' id='word_1_229' title='bbox 569 2066 666 2104; x_wconf 90' lang='lat' dir='ltr'>Non</span> <span class='ocrx_word' id='word_1_230' title='bbox 688 2066 768 2118; x_wconf 82' lang='lat' dir='ltr'>ipsa</span> <span class='ocrx_word' id='word_1_231' title='bbox 789 2065 865 2103; x_wconf 88' lang='lat' dir='ltr'>suis</span> <span class='ocrx_word' id='word_1_232' title='bbox 887 2064 1053 2103; x_wconf 89' lang='lat' dir='ltr'>decretis</span> <span class='ocrx_word' id='word_1_233' title='bbox 1075 2065 1198 2116; x_wconf 89' lang='lat' dir='ltr'>prius,</span> <span class='ocrx_word' id='word_1_234' title='bbox 1222 2078 1342 2117; x_wconf 84' lang='lat' dir='ltr'>quam</span> <span class='ocrx_word' id='word_1_235' title='bbox 1363 2063 1530 2109; x_wconf 71' lang='lat' dir='ltr'>senatuS,</span> <span class='ocrx_word' id='word_1_236' title='bbox 1553 2063 1705 2102; x_wconf 89' lang='lat' dir='ltr'>hostem</span> <span class='ocrx_word' id='word_1_237' title='bbox 1721 2065 1834 2116; x_wconf 88' lang='lat' dir='ltr'>judi-</span> 
     </span>
     <span class='ocr_line' id='line_1_30' title="bbox 435 2129 1833 2183; baseline -0.002 -12"><span class='ocrx_word' id='word_1_238' title='bbox 435 2133 537 2171; x_wconf 82' lang='lat' dir='ltr'>cavit</span> <span class='ocrx_word' id='word_1_239' title='bbox 554 2132 804 2170; x_wconf 87' lang='lat' dir='ltr'>Antonium?</span> <span class='ocrx_word' id='word_1_240' title='bbox 828 2132 950 2176; x_wconf 88' lang='lat' dir='ltr'>Nam,</span> <span class='ocrx_word' id='word_1_241' title='bbox 969 2130 1037 2168; x_wconf 88' lang='lat' dir='ltr'>ille</span> <span class='ocrx_word' id='word_1_242' title='bbox 1054 2130 1079 2168; x_wconf 90' lang='lat' dir='ltr'>fi</span> <span class='ocrx_word' id='word_1_243' title='bbox 1098 2144 1175 2168; x_wconf 91' lang='lat' dir='ltr'>non</span> <span class='ocrx_word' id='word_1_244' title='bbox 1193 2129 1335 2174; x_wconf 89' lang='lat' dir='ltr'>hostis;</span> <span class='ocrx_word' id='word_1_245' title='bbox 1355 2130 1422 2182; x_wconf 91' lang='lat' dir='ltr'>qui</span> <span class='ocrx_word' id='word_1_246' title='bbox 1441 2129 1643 2167; x_wconf 82' lang='lat' dir='ltr'>consulem</span> <span class='ocrx_word' id='word_1_247' title='bbox 1661 2130 1833 2183; x_wconf 90' lang='lat' dir='ltr'>relique-</span> 
     </span>
     <span class='ocr_line' id='line_1_31' title="bbox 436 2195 1831 2248; baseline -0.002 -12"><span class='ocrx_word' id='word_1_248' title='bbox 436 2207 543 2243; x_wconf 81' lang='lat' dir='ltr'>runt,</span> <span class='ocrx_word' id='word_1_249' title='bbox 567 2197 695 2235; x_wconf 86' lang='lat' dir='ltr'>hostes</span> <span class='ocrx_word' id='word_1_250' title='bbox 719 2196 864 2235; x_wconf 79' lang='lat' dir='ltr'>necesse</span> <span class='ocrx_word' id='word_1_251' title='bbox 884 2196 937 2235; x_wconf 93' lang='lat' dir='ltr'>est</span> <span class='ocrx_word' id='word_1_252' title='bbox 951 2195 1193 2248; x_wconf 85' lang='lat' dir='ltr'>judicemus.</span> <span class='ocrx_word' id='word_1_253' title='bbox 1219 2196 1406 2234; x_wconf 78' lang='lat' dir='ltr'>Praeclara</span> <span class='ocrx_word' id='word_1_254' title='bbox 1425 2205 1463 2234; x_wconf 90' lang='lat' dir='ltr'>et</span> <span class='ocrx_word' id='word_1_255' title='bbox 1483 2195 1687 2234; x_wconf 88' lang='lat' dir='ltr'>luculenta</span> <span class='ocrx_word' id='word_1_256' title='bbox 1707 2196 1831 2234; x_wconf 86' lang='lat' dir='ltr'>recla-</span> 
     </span>
     <span class='ocr_line' id='line_1_32' title="bbox 432 2260 1830 2314; baseline -0.002 -12"><span class='ocrx_word' id='word_1_257' title='bbox 432 2264 608 2303; x_wconf 82' lang='lat' dir='ltr'>matione</span> <span class='ocrx_word' id='word_1_258' title='bbox 625 2262 744 2301; x_wconf 85' lang='lat' dir='ltr'>vestra</span> <span class='ocrx_word' id='word_1_259' title='bbox 760 2262 908 2300; x_wconf 71' lang='lat' dir='ltr'>factum</span> <span class='ocrx_word' id='word_1_260' title='bbox 925 2260 1243 2314; x_wconf 88' lang='lat' dir='ltr'>pulcherrimum</span> <span class='ocrx_word' id='word_1_261' title='bbox 1265 2261 1515 2300; x_wconf 84' lang='lat' dir='ltr'>Martialium</span> <span class='ocrx_word' id='word_1_262' title='bbox 1532 2260 1830 2314; x_wconf 89' lang='lat' dir='ltr'>comprobastis,</span> 
     </span>
     <span class='ocr_line' id='line_1_33' title="bbox 432 2327 1830 2383; baseline -0.002 -15"><span class='ocrx_word' id='word_1_263' title='bbox 432 2331 503 2383; x_wconf 88' lang='lat' dir='ltr'>qui</span> <span class='ocrx_word' id='word_1_264' title='bbox 525 2330 561 2367; x_wconf 93' lang='lat' dir='ltr'>se</span> <span class='ocrx_word' id='word_1_265' title='bbox 581 2329 627 2367; x_wconf 90' lang='lat' dir='ltr'>ad</span> <span class='ocrx_word' id='word_1_266' title='bbox 649 2329 801 2367; x_wconf 89' lang='lat' dir='ltr'>senatus</span> <span class='ocrx_word' id='word_1_267' title='bbox 823 2329 1110 2373; x_wconf 65' lang='lat' dir='ltr'>auctoritatem,</span> <span class='ocrx_word' id='word_1_268' title='bbox 1142 2328 1189 2365; x_wconf 85' lang='lat' dir='ltr'>ad</span> <span class='ocrx_word' id='word_1_269' title='bbox 1210 2328 1435 2366; x_wconf 78' lang='lat' dir='ltr'>libertatem</span> <span class='ocrx_word' id='word_1_270' title='bbox 1457 2327 1634 2373; x_wconf 82' lang='lat' dir='ltr'>vestram,</span> <span class='ocrx_word' id='word_1_271' title='bbox 1666 2327 1712 2365; x_wconf 92' lang='lat' dir='ltr'>ad</span> <span class='ocrx_word' id='word_1_272' title='bbox 1738 2328 1830 2366; x_wconf 89' lang='lat' dir='ltr'>uni-</span> 
     </span>
     <span class='ocr_line' id='line_1_34' title="bbox 432 2392 1827 2447; baseline -0.003 -13"><span class='ocrx_word' id='word_1_273' title='bbox 432 2395 577 2434; x_wconf 73' lang='lat' dir='ltr'>versam</span> <span class='ocrx_word' id='word_1_274' title='bbox 598 2395 902 2447; x_wconf 85' lang='lat' dir='ltr'>rempublicam,</span> <span class='ocrx_word' id='word_1_275' title='bbox 925 2394 1203 2439; x_wconf 78' lang='lat' dir='ltr'>contulerunt3</span> <span class='ocrx_word' id='word_1_276' title='bbox 1226 2392 1377 2431; x_wconf 90' lang='lat' dir='ltr'>hostem</span> <span class='ocrx_word' id='word_1_277' title='bbox 1399 2394 1531 2439; x_wconf 84' lang='lat' dir='ltr'>illum,</span> <span class='ocrx_word' id='word_1_278' title='bbox 1561 2403 1599 2432; x_wconf 89' lang='lat' dir='ltr'>et</span> <span class='ocrx_word' id='word_1_279' title='bbox 1620 2393 1827 2438; x_wconf 82' lang='lat' dir='ltr'>latronem,</span> 
     </span>
     <span class='ocr_line' id='line_1_35' title="bbox 431 2457 1829 2514; baseline -0.003 -15"><span class='ocrx_word' id='word_1_280' title='bbox 431 2472 468 2499; x_wconf 66' lang='lat' dir='ltr'>et</span> <span class='ocrx_word' id='word_1_281' title='bbox 497 2460 731 2514; x_wconf 82' lang='lat' dir='ltr'>parricidam</span> <span class='ocrx_word' id='word_1_282' title='bbox 763 2461 910 2514; x_wconf 78' lang='lat' dir='ltr'>patriae,</span> <span class='ocrx_word' id='word_1_283' title='bbox 942 2459 1203 2512; x_wconf 77' lang='lat' dir='ltr'>reliquerunt.</span> <span class='ocrx_word' id='word_1_284' title='bbox 1242 2459 1330 2498; x_wconf 88' lang='lat' dir='ltr'>Nec</span> <span class='ocrx_word' id='word_1_285' title='bbox 1358 2459 1486 2498; x_wconf 88' lang='lat' dir='ltr'>solum</span> <span class='ocrx_word' id='word_1_286' title='bbox 1518 2459 1559 2497; x_wconf 88' lang='lat' dir='ltr'>id</span> <span class='ocrx_word' id='word_1_287' title='bbox 1591 2457 1763 2497; x_wconf 86' lang='lat' dir='ltr'>animose</span> <span class='ocrx_word' id='word_1_288' title='bbox 1790 2466 1829 2496; x_wconf 93' lang='lat' dir='ltr'>et</span> 
     </span>
    </p>
   </div>
  </div>
 </body>
</html>
