2076 2860
571 186 711 226 PRO
772 182 971 223 REGE
1032 176 1456 231 DEJOTARO.
1643 152 1713 226 2'71

318 293 483 333 Pereunt
507 289 637 334 amici,
667 287 749 328 dum
769 301 842 326 una
867 283 1003 324 inimici
1024 280 1248 321 intercidant
1263 296 1277 319 .·
1309 278 1417 333 quod
1447 278 1515 316 ille
1529 307 1541 323 ‚
1573 276 1600 314 fi
1633 275 1723 314 effet

320 359 398 399 tibi
418 355 726 399 inimicfflimus,
746 365 951 405 nunquam
968 359 1099 388 tamen
1121 347 1297 386 dixiffet:
1322 345 1401 399 ipse
1417 345 1526 383 enim
1542 342 1721 382 mansue-

320 435 413 470 tus;
440 423 570 463 versus
592 421 794 460 immanis.
871 418 912 456 ui
933 426 1066 456 autem
1086 415 1271 455 Domitio
1292 421 1444 467 poterat
1464 411 1536 450 effe
1557 411 1724 454 amicus,

321 491 392 545 qui
413 490 490 530 tibi
510 489 601 528 effet
621 487 810 527 inimicus
830 487 843 524 ?
876 485 975 524 Tibi
997 497 1114 537 porro
1135 481 1323 520 inimicus
1345 494 1416 518 cur
1436 478 1527 517 effet
1540 508 1550 523 ‚
1582 491 1603 514 a
1623 490 1724 529 que,

323 571 420 597 cum
450 557 512 596 vel
541 555 713 595 interfici
743 553 840 592 belli
868 552 955 605 lege
984 549 1184 604 potuiffet,
1216 562 1350 601 regem
1378 556 1417 585 et
1445 545 1496 591 se,
1529 554 1567 583 et
1596 543 1728 582 filium

324 624 455 670 suum,
487 622 722 662 constitutos
743 620 815 659 effe
836 617 1075 658 meminisset
1094 618 1107 654 ?

381 689 494 743 Qid
514 689 680 728 deinde?
704 685 869 726 furcifer
885 698 965 739 quo
987 682 1263 737 progreditur?
1286 680 1373 725 Ait,
1390 678 1464 717 hac
1484 677 1622 716 laetitia
1643 677 1727 714 De-

321 758 502 811 jotarum
522 756 686 801 elatum,
709 755 803 793 vino
824 753 860 791 se
881 750 1063 796 obruisse,
1093 750 1135 788 in
1156 748 1420 799 convivioque
1442 744 1595 782 nudum
1616 743 1730 781 salta-

328 823 435 863 viffe.
455 824 555 876 Qae
571 835 669 861 crux
685 820 780 859 huic
802 818 974 871 fugitivo
995 815 1122 870 potest
1143 815 1230 852 satis
1255 811 1439 866 supplicii
1461 810 1623 848 afferre?
1648 810 1732 847 De-

325 890 503 944 jotarum
524 888 730 927 saltantem
751 885 975 940 quisquam,
997 892 1064 921 aut
1085 882 1257 926 ebrium,
1279 879 1380 918 vidit
1401 877 1603 930 unquam?
1628 877 1733 914 Om-

331 969 400 995 nes
422 956 513 994 sunt
532 955 575 993 in
595 955 667 992 illo
689 953 803 1006 regiae
823 952 989 990 virtutes
1006 969 1018 995 3
1052 948 1160 1002 quod
1180 957 1218 986 te
1232 977 1242 993 ‚
1276 945 1400 984 Caesar
1413 975 1424 990 ,
1456 945 1635 997 ignorare
1656 955 1735 980 non

333 1022 502 1060 arbitror
520 1037 529 1060 :
562 1020 626 1059 sed
646 1020 843 1073 praecipue
864 1016 1069 1069 fingularis
1090 1024 1129 1053 et
1150 1012 1377 1052 admiranda
1402 1011 1606 1064 frugalitas
1625 1028 1636 1055 3
1670 1008 1736 1046 etfi

333 1086 412 1126 hoc
433 1087 553 1126 verbo
574 1086 653 1124 scio
674 1085 822 1124 laudari
844 1096 952 1136 reges
975 1095 1053 1119 non
1084 1080 1218 1118 solere.
1267 1078 1391 1130 Frugi
1420 1076 1628 1115 hominem
1659 1074 1740 1112 dici

334 1167 416 1193 non
438 1154 616 1192 multum
636 1151 755 1190 habet
776 1149 901 1189 laudis
923 1150 964 1187 in
986 1162 1097 1200 rege:
1131 1146 1276 1185 fortem
1291 1175 1301 1191 ‚
1328 1144 1480 1197 justum
1496 1172 1506 1188 ,
1539 1142 1713 1180 severum
1727 1170 1737 1185 ‚

336 1233 496 1272 gravem
514 1249 524 1265 ,
556 1219 859 1271 magnanimum
877 1246 888 1261 ,
920 1216 1074 1267 largum
1090 1243 1101 1260 ,
1135 1212 1359 1251 beneficum
1375 1240 1385 1256 ,
1418 1209 1621 1247 liberalem
1639 1238 1648 1252 ,
1681 1206 1758 1244 hae‘

338 1285 430 1323 sunt
451 1286 564 1336 regiae
586 1284 718 1322 laudes
739 1299 748 1321 ε
781 1283 850 1320 illa
870 1282 1020 1334 privata
1040 1280 1108 1318 est.
1153 1280 1210 1316 Ut
1231 1278 1337 1316 volet
1357 1276 1523 1329 quisque
1544 1273 1710 1326 accipiat
1730 1287 1738 1309 ε

341 1366 414 1404 ego
447 1360 577 1390 tamen
609 1349 894 1403 frugalitatem,
928 1347 968 1385 id
1000 1346 1067 1391 est,
1100 1344 1331 1383 modestiam
1358 1353 1397 1381 et
1425 1341 1740 1395 temperantiam,

341 1420 531 1457 virtutem
552 1417 624 1456 effe
645 1417 859 1455 maximam
876 1414 1029 1467 judico.
1054 1413 1152 1450 Haec
1174 1412 1214 1449 in
1236 1411 1308 1448 illo
1328 1410 1381 1448 est
1401 1410 1447 1447 ab
1469 1410 1631 1447 ineunte
1652 1416 1738 1445 aeta-

343 1494 382 1525 te
403 1494 492 1523 tum
511 1498 532 1522 a
552 1485 693 1522 cuneta
712 1483 802 1521 Asia
817 1511 827 1527 ‚
860 1491 947 1519 tum
976 1493 997 1517 a
1025 1477 1314 1530 magistratibus
1342 1475 1556 1528 legatisque
1578 1473 1715 1511 nostris
1732 1502 1743 1516 ,

343 1561 434 1590 tum
454 1551 502 1590 ab
523 1550 726 1603 equitibus
749 1548 968 1592 Romanis,
999 1546 1069 1598 qui
1097 1545 1137 1582 in
1169 1544 1258 1582 Asia
1288 1542 1477 1595 negotiati
1509 1542 1622 1585 sunt,
1655 1552 1741 1591 per-

345 1617 486 1671 specta,
517 1626 556 1654 et
576 1616 750 1668 cognita.

405 1683 554 1721 Multis
586 1682 654 1720 ille
684 1680 847 1733 quidem
875 1677 1060 1731 gradibus
1091 1675 1314 1714 officiorum
1343 1686 1433 1725 erga
1460 1669 1748 1724 rempublicam

350 1748 521 1788 nostram
541 1747 588 1786 ad
609 1748 686 1786 hoc
708 1747 862 1799 regium
890 1757 1035 1782 nomen
1063 1741 1263 1779 ascendit:
1298 1739 1360 1777 sed
1390 1749 1519 1775 tamen
1553 1735 1749 1789 quidquid

349 1830 371 1854 a
391 1816 506 1854 bellis
535 1814 674 1868 populi
703 1812 876 1851 Romani
904 1810 1089 1853 vacabat,
1122 1821 1213 1845 cum
1236 1805 1469 1844 hominibus
1494 1803 1630 1841 nostris
1653 1816 1749 1839 con*

351 1880 592 1926 suetudines,
624 1879 832 1923 amicitias,
865 1890 938 1922 res,
972 1873 1216 1926 rationesque
1242 1871 1436 1925 jungebat
1454 1890 1465 1916 5
1499 1878 1541 1907 ut
1575 1882 1654 1906 non
1690 1867 1751 1904 so-

350 1947 439 1986 lum
459 1945 654 1985 tetrarcha
673 1944 820 1983 nobilis
837 1973 847 1989 ,
880 1942 943 1980 sed
964 1942 1140 1994 optimus
1171 1937 1451 1992 paterfamilias
1469 1966 1479 1981 ,
1511 1944 1550 1973 et
1579 1933 1751 1986 diligen-

352 2014 520 2053 tiffimus
548 2012 720 2066 agricola
747 2021 785 2049 et
812 2009 1043 2062 pecuarius,
1075 2006 1299 2044 haberetur.
1333 2004 1417 2054 Qi
1449 2002 1573 2054 igitur
1603 1998 1750 2038 adoles—

353 2094 446 2119 cens
461 2109 472 2126 ,
506 2079 685 2118 nondum
706 2087 812 2116 tanta
832 2076 957 2128 gloria
977 2073 1162 2127 praeditus
1179 2101 1190 2117 ,
1223 2070 1325 2110 nihil
1349 2082 1525 2122 unquam
1548 2067 1617 2105 nisi
1649 2066 1751 2103 seve-

356 2147 500 2186 riffime
520 2156 558 2184 et
579 2145 796 2199 graviffime
818 2141 955 2180 fecerit
971 2171 982 2188 ,
1014 2142 1046 2180 is
1068 2155 1110 2178 ea
1129 2138 1419 2178 existimatione
1434 2166 1444 2182 ‚
1476 2149 1597 2188 eaque
1618 2142 1728 2172 aetate
1743 2162 1754 2177 ‚

358 2213 509 2252 saltavit
528 2214 542 2251 ?

414 2280 470 2318 X.
503 2278 655 2318 Imitari
676 2278 824 2331 potius,
849 2276 998 2321 Castor,
1025 2275 1085 2313 avi
1107 2273 1165 2312 tui
1186 2286 1315 2312 mores
1337 2270 1668 2323 disciplinamque
1689 2267 1756 2304 de-

361 2346 479 2385 bebas
494 2375 505 2392 ,
539 2358 657 2398 quam
678 2345 832 2397 optimo
853 2352 891 2382 et
912 2341 1121 2381 clariffimo
1141 2341 1226 2379 viro
1241 2369 1252 2385 ,
1284 2338 1449 2390 fugitivi
1469 2350 1533 2374 ore
1549 2365 1559 2380 ,
1592 2332 1757 2371 maledi—

361 2426 462 2451 cere.
551 2412 627 2449 uod
655 2411 680 2449 fi
709 2411 930 2448 saltatorem
950 2423 1066 2447 avum
1087 2407 1280 2446 habuiffes
1296 2436 1307 2451 ‚
1340 2417 1468 2456 neque
1489 2415 1580 2440 eum
1601 2401 1731 2437 virum
1747 2427 1758 2442 ‚

363 2479 466 2518 unde
502 2478 662 2532 pudoris
699 2477 978 2530 pudicitiaeque
1012 2473 1194 2527 exempla
1227 2480 1480 2526 peterentur3
1519 2478 1649 2505 tamen
1684 2463 1760 2502 hoc
