<?xml version="1.0" encoding="UTF-8"?>
<!DOCTYPE html PUBLIC "-//W3C//DTD XHTML 1.0 Transitional//EN"
    "http://www.w3.org/TR/xhtml1/DTD/xhtml1-transitional.dtd">
<html xmlns="http://www.w3.org/1999/xhtml" xml:lang="en" lang="en">
 <head>
  <title>
</title>
<meta http-equiv="Content-Type" content="text/html;charset=utf-8" />
  <meta name='ocr-system' content='tesseract 3.04.00' />
  <meta name='ocr-capabilities' content='ocr_page ocr_carea ocr_par ocr_line ocrx_word'/>
</head>
<body>
  <div class='ocr_page' id='page_1' title='image "./operacumindicibu06ciceuoft_0148.png"; bbox 0 0 2076 2860; ppageno 0'>
   <div class='ocr_carea' id='block_1_1' title="bbox 377 187 1297 250">
    <p class='ocr_par' dir='ltr' id='par_1_1' title="bbox 377 187 1297 250">
     <span class='ocr_line' id='line_1_1' title="bbox 377 187 1297 250; baseline -0.014 -14"><span class='ocrx_word' id='word_1_1' title='bbox 377 197 449 250; x_wconf 84' lang='lat'>138</span> <span class='ocrx_word' id='word_1_2' title='bbox 851 187 1297 227; x_wconf 90' lang='lat' dir='ltr'><strong>ORATIO</strong></span> 
     </span>
    </p>
   </div>
   <div class='ocr_carea' id='block_1_2' title="bbox 371 281 1785 2511">
    <p class='ocr_par' dir='ltr' id='par_1_2' title="bbox 371 281 1765 463">
     <span class='ocr_line' id='line_1_2' title="bbox 371 281 1765 346; baseline -0.009 -14"><span class='ocrx_word' id='word_1_3' title='bbox 371 292 473 346; x_wconf 66' lang='lat' dir='ltr'>egffit,</span> <span class='ocrx_word' id='word_1_4' title='bbox 504 292 576 330; x_wconf 82' lang='lat' dir='ltr'>effe</span> <span class='ocrx_word' id='word_1_5' title='bbox 608 297 819 341; x_wconf 81' lang='lat' dir='ltr'>exceptum</span> <span class='ocrx_word' id='word_1_6' title='bbox 850 286 1060 324; x_wconf 88' lang='lat' dir='ltr'>videretur.</span> <span class='ocrx_word' id='word_1_7' title='bbox 1095 285 1157 323; x_wconf 91' lang='lat' dir='ltr'>De</span> <span class='ocrx_word' id='word_1_8' title='bbox 1187 283 1250 322; x_wconf 87' lang='lat' dir='ltr'>his</span> <span class='ocrx_word' id='word_1_9' title='bbox 1283 296 1377 322; x_wconf 90' lang='lat' dir='ltr'>cum</span> <span class='ocrx_word' id='word_1_10' title='bbox 1406 281 1578 336; x_wconf 88' lang='lat' dir='ltr'>populus</span> <span class='ocrx_word' id='word_1_11' title='bbox 1612 282 1765 320; x_wconf 82' lang='lat' dir='ltr'>Roma-</span> 
     </span>
     <span class='ocr_line' id='line_1_3' title="bbox 372 348 1765 408; baseline -0.009 -10"><span class='ocrx_word' id='word_1_12' title='bbox 372 373 445 397; x_wconf 87' lang='lat' dir='ltr'>nus</span> <span class='ocrx_word' id='word_1_13' title='bbox 467 358 569 396; x_wconf 85' lang='lat' dir='ltr'>nihil</span> <span class='ocrx_word' id='word_1_14' title='bbox 591 369 765 408; x_wconf 83' lang='lat' dir='ltr'>unquam</span> <span class='ocrx_word' id='word_1_15' title='bbox 781 353 933 406; x_wconf 84' lang='lat' dir='ltr'>jufferit</span> <span class='ocrx_word' id='word_1_16' title='bbox 948 382 960 398; x_wconf 88' lang='lat'>‚</span> <span class='ocrx_word' id='word_1_17' title='bbox 991 351 1211 404; x_wconf 80' lang='lat' dir='ltr'>quidquam</span> <span class='ocrx_word' id='word_1_18' title='bbox 1237 349 1354 388; x_wconf 85' lang='lat' dir='ltr'>audes</span> <span class='ocrx_word' id='word_1_19' title='bbox 1386 349 1515 388; x_wconf 81' lang='lat' dir='ltr'>dicere</span> <span class='ocrx_word' id='word_1_20' title='bbox 1546 348 1765 387; x_wconf 84' lang='lat' dir='ltr'>sacrosanc-</span> 
     </span>
     <span class='ocr_line' id='line_1_4' title="bbox 373 423 624 463; baseline -0.016 0"><span class='ocrx_word' id='word_1_21' title='bbox 373 434 461 463; x_wconf 87' lang='lat' dir='ltr'>tum</span> <span class='ocrx_word' id='word_1_22' title='bbox 481 423 592 462; x_wconf 83' lang='lat' dir='ltr'>fuiffe</span> <span class='ocrx_word' id='word_1_23' title='bbox 612 424 624 459; x_wconf 82' lang='lat'>?</span> 
     </span>
    </p>

    <p class='ocr_par' dir='ltr' id='par_1_3' title="bbox 373 479 1779 2047">
     <span class='ocr_line' id='line_1_5' title="bbox 429 479 1766 530; baseline -0.007 -4"><span class='ocrx_word' id='word_1_24' title='bbox 429 490 522 530; x_wconf 90' lang='lat' dir='ltr'>XV.</span> <span class='ocrx_word' id='word_1_25' title='bbox 555 488 644 526; x_wconf 85' lang='lat' dir='ltr'>Nec</span> <span class='ocrx_word' id='word_1_26' title='bbox 660 499 750 523; x_wconf 86' lang='lat' dir='ltr'>vero</span> <span class='ocrx_word' id='word_1_27' title='bbox 766 484 849 522; x_wconf 79' lang='lat' dir='ltr'>haec</span> <span class='ocrx_word' id='word_1_28' title='bbox 871 484 994 521; x_wconf 86' lang='lat' dir='ltr'>oratio</span> <span class='ocrx_word' id='word_1_29' title='bbox 1011 496 1096 520; x_wconf 86' lang='lat' dir='ltr'>mea</span> <span class='ocrx_word' id='word_1_30' title='bbox 1115 482 1162 520; x_wconf 83' lang='lat' dir='ltr'>ad</span> <span class='ocrx_word' id='word_1_31' title='bbox 1183 480 1465 519; x_wconf 80' lang='lat' dir='ltr'>infirmandum</span> <span class='ocrx_word' id='word_1_32' title='bbox 1486 479 1616 518; x_wconf 82' lang='lat' dir='ltr'>foedus</span> <span class='ocrx_word' id='word_1_33' title='bbox 1639 479 1766 518; x_wconf 79' lang='lat' dir='ltr'>Gadi-</span> 
     </span>
     <span class='ocr_line' id='line_1_6' title="bbox 373 544 1767 602; baseline -0.008 -9"><span class='ocrx_word' id='word_1_34' title='bbox 373 565 571 597; x_wconf 88' lang='lat' dir='ltr'>tanorum,</span> <span class='ocrx_word' id='word_1_35' title='bbox 589 552 765 602; x_wconf 89' lang='lat' dir='ltr'>Judices,</span> <span class='ocrx_word' id='word_1_36' title='bbox 784 549 977 602; x_wconf 83' lang='lat' dir='ltr'><strong>pertinet:</strong></span> <span class='ocrx_word' id='word_1_37' title='bbox 1001 561 1128 602; x_wconf 91' lang='lat' dir='ltr'>neque</span> <span class='ocrx_word' id='word_1_38' title='bbox 1148 548 1256 585; x_wconf 90' lang='lat' dir='ltr'>enim</span> <span class='ocrx_word' id='word_1_39' title='bbox 1277 546 1329 585; x_wconf 91' lang='lat' dir='ltr'>est</span> <span class='ocrx_word' id='word_1_40' title='bbox 1349 560 1498 591; x_wconf 89' lang='lat' dir='ltr'>meum,</span> <span class='ocrx_word' id='word_1_41' title='bbox 1521 555 1659 584; x_wconf 83' lang='lat' dir='ltr'>contra</span> <span class='ocrx_word' id='word_1_42' title='bbox 1677 544 1767 597; x_wconf 91' lang='lat' dir='ltr'>opi-</span> 
     </span>
     <span class='ocr_line' id='line_1_7' title="bbox 374 612 1771 666; baseline -0.007 -8"><span class='ocrx_word' id='word_1_43' title='bbox 374 621 537 659; x_wconf 90' lang='lat' dir='ltr'>nionem</span> <span class='ocrx_word' id='word_1_44' title='bbox 565 616 764 655; x_wconf 84' lang='lat' dir='ltr'>vetustatis</span> <span class='ocrx_word' id='word_1_45' title='bbox 778 645 788 660; x_wconf 90' lang='lat'><em>‚</em></span> <span class='ocrx_word' id='word_1_46' title='bbox 820 623 956 652; x_wconf 90' lang='lat' dir='ltr'>contra</span> <span class='ocrx_word' id='word_1_47' title='bbox 970 615 1036 666; x_wconf 87' lang='lat' dir='ltr'>jus</span> <span class='ocrx_word' id='word_1_48' title='bbox 1064 614 1214 665; x_wconf 90' lang='lat' dir='ltr'>optime</span> <span class='ocrx_word' id='word_1_49' title='bbox 1235 613 1383 650; x_wconf 82' lang='lat' dir='ltr'>meritae</span> <span class='ocrx_word' id='word_1_50' title='bbox 1403 612 1574 650; x_wconf 86' lang='lat' dir='ltr'>civitatis</span> <span class='ocrx_word' id='word_1_51' title='bbox 1590 641 1602 656; x_wconf 93' lang='lat'>,</span> <span class='ocrx_word' id='word_1_52' title='bbox 1633 619 1771 648; x_wconf 86' lang='lat' dir='ltr'>contra</span> 
     </span>
     <span class='ocr_line' id='line_1_8' title="bbox 374 676 1770 730; baseline -0.007 -6"><span class='ocrx_word' id='word_1_53' title='bbox 374 685 648 724; x_wconf 65' lang='lat' dir='ltr'>auctoritatem</span> <span class='ocrx_word' id='word_1_54' title='bbox 668 682 835 726; x_wconf 84' lang='lat' dir='ltr'>senatus,</span> <span class='ocrx_word' id='word_1_55' title='bbox 859 681 1001 718; x_wconf 79' lang='lat' dir='ltr'><strong>dicere.</strong></span> <span class='ocrx_word' id='word_1_56' title='bbox 1031 679 1155 717; x_wconf 89' lang='lat' dir='ltr'>Duris</span> <span class='ocrx_word' id='word_1_57' title='bbox 1175 679 1284 716; x_wconf 85' lang='lat' dir='ltr'>enim</span> <span class='ocrx_word' id='word_1_58' title='bbox 1304 677 1503 730; x_wconf 89' lang='lat' dir='ltr'>quondam</span> <span class='ocrx_word' id='word_1_59' title='bbox 1524 676 1770 730; x_wconf 82' lang='lat' dir='ltr'><strong>temporibus</strong></span> 
     </span>
     <span class='ocr_line' id='line_1_9' title="bbox 375 741 1768 805; baseline -0.008 -15"><span class='ocrx_word' id='word_1_60' title='bbox 375 750 603 805; x_wconf 87' lang='lat' dir='ltr'>reipublicae</span> <span class='ocrx_word' id='word_1_61' title='bbox 634 748 794 792; x_wconf 84' lang='lat' dir='ltr'>nostrae,</span> <span class='ocrx_word' id='word_1_62' title='bbox 827 760 920 784; x_wconf 88' lang='lat' dir='ltr'>cum</span> <span class='ocrx_word' id='word_1_63' title='bbox 951 753 1169 798; x_wconf 84' lang='lat' dir='ltr'>praepotens</span> <span class='ocrx_word' id='word_1_64' title='bbox 1202 752 1302 781; x_wconf 87' lang='lat' dir='ltr'>terra</span> <span class='ocrx_word' id='word_1_65' title='bbox 1332 744 1510 795; x_wconf 87' lang='lat' dir='ltr'>marique</span> <span class='ocrx_word' id='word_1_66' title='bbox 1543 741 1768 794; x_wconf 85' lang='lat' dir='ltr'>Carthago,</span> 
     </span>
     <span class='ocr_line' id='line_1_10' title="bbox 377 806 1771 865; baseline -0.008 -10"><span class='ocrx_word' id='word_1_67' title='bbox 377 817 469 855; x_wconf 85' lang='lat' dir='ltr'>nixa</span> <span class='ocrx_word' id='word_1_68' title='bbox 489 815 640 854; x_wconf 86' lang='lat' dir='ltr'>duabus</span> <span class='ocrx_word' id='word_1_69' title='bbox 663 813 866 865; x_wconf 85' lang='lat' dir='ltr'>Hispaniis</span> <span class='ocrx_word' id='word_1_70' title='bbox 881 841 893 856; x_wconf 89' lang='lat'><strong>,</strong></span> <span class='ocrx_word' id='word_1_71' title='bbox 924 810 1018 849; x_wconf 89' lang='lat' dir='ltr'>huic</span> <span class='ocrx_word' id='word_1_72' title='bbox 1041 810 1208 862; x_wconf 89' lang='lat' dir='ltr'>imperio</span> <span class='ocrx_word' id='word_1_73' title='bbox 1229 809 1456 847; x_wconf 81' lang='lat' dir='ltr'>immineret</span> <span class='ocrx_word' id='word_1_74' title='bbox 1470 837 1482 853; x_wconf 92' lang='lat'>,</span> <span class='ocrx_word' id='word_1_75' title='bbox 1513 816 1552 846; x_wconf 91' lang='lat' dir='ltr'>et</span> <span class='ocrx_word' id='word_1_76' title='bbox 1578 820 1672 846; x_wconf 90' lang='lat' dir='ltr'>cum</span> <span class='ocrx_word' id='word_1_77' title='bbox 1692 806 1771 844; x_wconf 92' lang='lat' dir='ltr'>duo</span> 
     </span>
     <span class='ocr_line' id='line_1_11' title="bbox 377 872 1772 930; baseline -0.008 -9"><span class='ocrx_word' id='word_1_78' title='bbox 377 882 550 921; x_wconf 77' lang='lat' dir='ltr'>fulmina</span> <span class='ocrx_word' id='word_1_79' title='bbox 579 879 699 918; x_wconf 89' lang='lat' dir='ltr'>nostri</span> <span class='ocrx_word' id='word_1_80' title='bbox 730 879 887 930; x_wconf 87' lang='lat' dir='ltr'>imperii</span> <span class='ocrx_word' id='word_1_81' title='bbox 918 876 1049 914; x_wconf 91' lang='lat' dir='ltr'>subito</span> <span class='ocrx_word' id='word_1_82' title='bbox 1076 877 1117 913; x_wconf 93' lang='lat' dir='ltr'>in</span> <span class='ocrx_word' id='word_1_83' title='bbox 1147 874 1352 928; x_wconf 88' lang='lat' dir='ltr'>Hispania,</span> <span class='ocrx_word' id='word_1_84' title='bbox 1385 875 1462 913; x_wconf 92' lang='lat' dir='ltr'>Cn.</span> <span class='ocrx_word' id='word_1_85' title='bbox 1486 882 1524 912; x_wconf 89' lang='lat' dir='ltr'>et</span> <span class='ocrx_word' id='word_1_86' title='bbox 1545 873 1592 913; x_wconf 89' lang='lat' dir='ltr'>P.</span> <span class='ocrx_word' id='word_1_87' title='bbox 1615 872 1772 925; x_wconf 89' lang='lat' dir='ltr'>Scipio-</span> 
     </span>
     <span class='ocr_line' id='line_1_12' title="bbox 377 939 1773 992; baseline -0.007 -6"><span class='ocrx_word' id='word_1_88' title='bbox 377 960 460 992; x_wconf 86' lang='lat' dir='ltr'>nes,</span> <span class='ocrx_word' id='word_1_89' title='bbox 482 946 645 985; x_wconf 70' lang='lat' dir='ltr'>extincti</span> <span class='ocrx_word' id='word_1_90' title='bbox 667 943 895 982; x_wconf 83' lang='lat' dir='ltr'>occidiffent</span> <span class='ocrx_word' id='word_1_91' title='bbox 909 960 921 987; x_wconf 73' lang='lat'>5</span> <span class='ocrx_word' id='word_1_92' title='bbox 945 942 995 980; x_wconf 93' lang='lat' dir='ltr'>L.</span> <span class='ocrx_word' id='word_1_93' title='bbox 1014 941 1208 985; x_wconf 82' lang='lat' dir='ltr'>Marcius,</span> <span class='ocrx_word' id='word_1_94' title='bbox 1230 940 1351 992; x_wconf 88' lang='lat' dir='ltr'>primi</span> <span class='ocrx_word' id='word_1_95' title='bbox 1370 939 1444 992; x_wconf 91' lang='lat' dir='ltr'>pili</span> <span class='ocrx_word' id='word_1_96' title='bbox 1464 939 1659 984; x_wconf 87' lang='lat' dir='ltr'>centurio,</span> <span class='ocrx_word' id='word_1_97' title='bbox 1677 951 1773 977; x_wconf 87' lang='lat' dir='ltr'>cum</span> 
     </span>
     <span class='ocr_line' id='line_1_13' title="bbox 380 1004 1773 1058; baseline -0.007 -7"><span class='ocrx_word' id='word_1_98' title='bbox 380 1012 587 1051; x_wconf 82' lang='lat' dir='ltr'>Gaditanis</span> <span class='ocrx_word' id='word_1_99' title='bbox 620 1010 749 1049; x_wconf 84' lang='lat' dir='ltr'>foedus</span> <span class='ocrx_word' id='word_1_100' title='bbox 781 1008 886 1047; x_wconf 86' lang='lat' dir='ltr'>iciffe</span> <span class='ocrx_word' id='word_1_101' title='bbox 918 1007 1078 1045; x_wconf 86' lang='lat' dir='ltr'>dicitur.</span> <span class='ocrx_word' id='word_1_102' title='bbox 1121 1005 1241 1058; x_wconf 85' lang='lat' dir='ltr'>Qod</span> <span class='ocrx_word' id='word_1_103' title='bbox 1272 1019 1367 1044; x_wconf 86' lang='lat' dir='ltr'>cum</span> <span class='ocrx_word' id='word_1_104' title='bbox 1398 1005 1523 1057; x_wconf 85' lang='lat' dir='ltr'>magis</span> <span class='ocrx_word' id='word_1_105' title='bbox 1555 1004 1632 1042; x_wconf 89' lang='lat' dir='ltr'>fide</span> <span class='ocrx_word' id='word_1_106' title='bbox 1663 1004 1773 1042; x_wconf 85' lang='lat' dir='ltr'>illius</span> 
     </span>
     <span class='ocr_line' id='line_1_14' title="bbox 380 1069 1774 1132; baseline -0.006 -16"><span class='ocrx_word' id='word_1_107' title='bbox 380 1078 545 1132; x_wconf 87' lang='lat' dir='ltr'>populi,</span> <span class='ocrx_word' id='word_1_108' title='bbox 572 1075 724 1129; x_wconf 87' lang='lat' dir='ltr'>justitia</span> <span class='ocrx_word' id='word_1_109' title='bbox 754 1074 900 1119; x_wconf 86' lang='lat' dir='ltr'>vestra,</span> <span class='ocrx_word' id='word_1_110' title='bbox 931 1071 1117 1111; x_wconf 85' lang='lat' dir='ltr'>vetustate</span> <span class='ocrx_word' id='word_1_111' title='bbox 1151 1071 1321 1123; x_wconf 89' lang='lat' dir='ltr'>denique</span> <span class='ocrx_word' id='word_1_112' title='bbox 1351 1070 1457 1124; x_wconf 87' lang='lat' dir='ltr'>ipsa,</span> <span class='ocrx_word' id='word_1_113' title='bbox 1488 1083 1609 1122; x_wconf 84' lang='lat' dir='ltr'>quam</span> <span class='ocrx_word' id='word_1_114' title='bbox 1638 1069 1774 1123; x_wconf 87' lang='lat' dir='ltr'>aliquo</span> 
     </span>
     <span class='ocr_line' id='line_1_15' title="bbox 380 1135 1776 1198; baseline -0.006 -16"><span class='ocrx_word' id='word_1_115' title='bbox 380 1144 545 1198; x_wconf 83' lang='lat' dir='ltr'>publico</span> <span class='ocrx_word' id='word_1_116' title='bbox 575 1141 736 1181; x_wconf 90' lang='lat' dir='ltr'>vinculo</span> <span class='ocrx_word' id='word_1_117' title='bbox 767 1139 993 1192; x_wconf 87' lang='lat' dir='ltr'>religionis,</span> <span class='ocrx_word' id='word_1_118' title='bbox 1025 1146 1221 1177; x_wconf 87' lang='lat' dir='ltr'>teneretur</span> <span class='ocrx_word' id='word_1_119' title='bbox 1236 1156 1248 1183; x_wconf 84' lang='lat'>;</span> <span class='ocrx_word' id='word_1_120' title='bbox 1281 1136 1469 1190; x_wconf 87' lang='lat' dir='ltr'>sapientes</span> <span class='ocrx_word' id='word_1_121' title='bbox 1498 1135 1704 1181; x_wconf 89' lang='lat' dir='ltr'>homines,</span> <span class='ocrx_word' id='word_1_122' title='bbox 1736 1144 1776 1173; x_wconf 90' lang='lat' dir='ltr'>et</span> 
     </span>
     <span class='ocr_line' id='line_1_16' title="bbox 380 1200 1774 1262; baseline -0.006 -15"><span class='ocrx_word' id='word_1_123' title='bbox 380 1209 535 1262; x_wconf 88' lang='lat' dir='ltr'>publici</span> <span class='ocrx_word' id='word_1_124' title='bbox 550 1208 651 1260; x_wconf 88' lang='lat' dir='ltr'>juris</span> <span class='ocrx_word' id='word_1_125' title='bbox 672 1206 804 1259; x_wconf 87' lang='lat' dir='ltr'>periti,</span> <span class='ocrx_word' id='word_1_126' title='bbox 837 1204 1040 1249; x_wconf 85' lang='lat' dir='ltr'>Gaditani,</span> <span class='ocrx_word' id='word_1_127' title='bbox 1063 1203 1126 1242; x_wconf 91' lang='lat' dir='ltr'>M.</span> <span class='ocrx_word' id='word_1_128' title='bbox 1146 1202 1314 1256; x_wconf 91' lang='lat' dir='ltr'>Lepido,</span> <span class='ocrx_word' id='word_1_129' title='bbox 1337 1202 1575 1254; x_wconf 49' lang='lat' dir='ltr'>(QCatulo¹</span> <span class='ocrx_word' id='word_1_130' title='bbox 1597 1200 1774 1240; x_wconf 90' lang='lat' dir='ltr'>consuli-</span> 
     </span>
     <span class='ocr_line' id='line_1_17' title="bbox 382 1266 1773 1323; baseline -0.007 -10"><span class='ocrx_word' id='word_1_131' title='bbox 382 1277 455 1313; x_wconf 92' lang='lat' dir='ltr'>bus</span> <span class='ocrx_word' id='word_1_132' title='bbox 472 1304 482 1319; x_wconf 87' lang='lat'>,</span> <span class='ocrx_word' id='word_1_133' title='bbox 513 1289 533 1311; x_wconf 88' lang='lat' dir='ltr'>a</span> <span class='ocrx_word' id='word_1_134' title='bbox 555 1273 686 1311; x_wconf 83' lang='lat' dir='ltr'>senatu</span> <span class='ocrx_word' id='word_1_135' title='bbox 707 1272 753 1310; x_wconf 90' lang='lat' dir='ltr'>de</span> <span class='ocrx_word' id='word_1_136' title='bbox 774 1271 920 1310; x_wconf 86' lang='lat' dir='ltr'>foedere</span> <span class='ocrx_word' id='word_1_137' title='bbox 939 1270 1248 1323; x_wconf 88' lang='lat' dir='ltr'>postulaverunt.</span> <span class='ocrx_word' id='word_1_138' title='bbox 1286 1270 1396 1307; x_wconf 88' lang='lat' dir='ltr'>Tum</span> <span class='ocrx_word' id='word_1_139' title='bbox 1418 1267 1471 1305; x_wconf 90' lang='lat' dir='ltr'>est</span> <span class='ocrx_word' id='word_1_140' title='bbox 1491 1281 1584 1305; x_wconf 91' lang='lat' dir='ltr'>cum</span> <span class='ocrx_word' id='word_1_141' title='bbox 1606 1266 1773 1305; x_wconf 82' lang='lat' dir='ltr'>Gadita—</span> 
     </span>
     <span class='ocr_line' id='line_1_18' title="bbox 382 1332 1775 1386; baseline -0.006 -7"><span class='ocrx_word' id='word_1_142' title='bbox 382 1342 443 1378; x_wconf 89' lang='lat' dir='ltr'>nis</span> <span class='ocrx_word' id='word_1_143' title='bbox 465 1340 592 1378; x_wconf 78' lang='lat' dir='ltr'>foedus</span> <span class='ocrx_word' id='word_1_144' title='bbox 614 1339 674 1376; x_wconf 83' lang='lat' dir='ltr'>vel</span> <span class='ocrx_word' id='word_1_145' title='bbox 697 1348 925 1376; x_wconf 77' lang='lat' dir='ltr'>renovatum</span> <span class='ocrx_word' id='word_1_146' title='bbox 941 1366 952 1382; x_wconf 88' lang='lat'>‚</span> <span class='ocrx_word' id='word_1_147' title='bbox 984 1336 1044 1373; x_wconf 82' lang='lat' dir='ltr'>vel</span> <span class='ocrx_word' id='word_1_148' title='bbox 1076 1337 1199 1373; x_wconf 66' lang='lat' dir='ltr'>ictum</span> <span class='ocrx_word' id='word_1_149' title='bbox 1219 1350 1227 1374; x_wconf 90' lang='lat'>:</span> <span class='ocrx_word' id='word_1_150' title='bbox 1261 1334 1307 1372; x_wconf 88' lang='lat' dir='ltr'>de</span> <span class='ocrx_word' id='word_1_151' title='bbox 1337 1347 1417 1386; x_wconf 91' lang='lat' dir='ltr'>quo</span> <span class='ocrx_word' id='word_1_152' title='bbox 1437 1333 1582 1371; x_wconf 79' lang='lat' dir='ltr'>foedere</span> <span class='ocrx_word' id='word_1_153' title='bbox 1602 1332 1775 1386; x_wconf 88' lang='lat' dir='ltr'>populus</span> 
     </span>
     <span class='ocr_line' id='line_1_19' title="bbox 383 1399 1775 1453; baseline -0.007 -8"><span class='ocrx_word' id='word_1_154' title='bbox 383 1407 586 1445; x_wconf 84' lang='lat' dir='ltr'>Romanus</span> <span class='ocrx_word' id='word_1_155' title='bbox 619 1404 849 1443; x_wconf 81' lang='lat' dir='ltr'>sententiam</span> <span class='ocrx_word' id='word_1_156' title='bbox 883 1416 960 1440; x_wconf 88' lang='lat' dir='ltr'>non</span> <span class='ocrx_word' id='word_1_157' title='bbox 995 1402 1111 1445; x_wconf 86' lang='lat' dir='ltr'>tulit,</span> <span class='ocrx_word' id='word_1_158' title='bbox 1143 1402 1212 1453; x_wconf 88' lang='lat' dir='ltr'>qui</span> <span class='ocrx_word' id='word_1_159' title='bbox 1243 1400 1387 1452; x_wconf 77' lang='lat' dir='ltr'>injussu</span> <span class='ocrx_word' id='word_1_160' title='bbox 1419 1399 1486 1437; x_wconf 85' lang='lat' dir='ltr'>suo</span> <span class='ocrx_word' id='word_1_161' title='bbox 1519 1399 1631 1437; x_wconf 87' lang='lat' dir='ltr'>nullo</span> <span class='ocrx_word' id='word_1_162' title='bbox 1662 1400 1775 1451; x_wconf 69' lang='lat' dir='ltr'>pacto</span> 
     </span>
     <span class='ocr_line' id='line_1_20' title="bbox 382 1463 1775 1526; baseline -0.006 -16"><span class='ocrx_word' id='word_1_163' title='bbox 382 1472 508 1526; x_wconf 80' lang='lat' dir='ltr'>potest</span> <span class='ocrx_word' id='word_1_164' title='bbox 539 1471 728 1522; x_wconf 84' lang='lat' dir='ltr'>religione</span> <span class='ocrx_word' id='word_1_165' title='bbox 758 1469 940 1521; x_wconf 88' lang='lat' dir='ltr'>obligari.</span> <span class='ocrx_word' id='word_1_166' title='bbox 986 1468 1044 1505; x_wconf 86' lang='lat' dir='ltr'>Ita</span> <span class='ocrx_word' id='word_1_167' title='bbox 1077 1466 1271 1504; x_wconf 78' lang='lat' dir='ltr'>Gaditana</span> <span class='ocrx_word' id='word_1_168' title='bbox 1301 1465 1453 1510; x_wconf 81' lang='lat' dir='ltr'>civitas,</span> <span class='ocrx_word' id='word_1_169' title='bbox 1485 1464 1591 1516; x_wconf 88' lang='lat' dir='ltr'>quod</span> <span class='ocrx_word' id='word_1_170' title='bbox 1623 1463 1775 1502; x_wconf 88' lang='lat' dir='ltr'>benefi-</span> 
     </span>
     <span class='ocr_line' id='line_1_21' title="bbox 384 1530 1775 1588; baseline -0.006 -12"><span class='ocrx_word' id='word_1_171' title='bbox 384 1539 455 1577; x_wconf 87' lang='lat' dir='ltr'>ciis</span> <span class='ocrx_word' id='word_1_172' title='bbox 478 1538 555 1576; x_wconf 87' lang='lat' dir='ltr'>suis</span> <span class='ocrx_word' id='word_1_173' title='bbox 577 1550 666 1588; x_wconf 86' lang='lat' dir='ltr'>erga</span> <span class='ocrx_word' id='word_1_174' title='bbox 686 1535 973 1588; x_wconf 80' lang='lat' dir='ltr'>rempublicam</span> <span class='ocrx_word' id='word_1_175' title='bbox 995 1532 1164 1571; x_wconf 87' lang='lat' dir='ltr'>nostram</span> <span class='ocrx_word' id='word_1_176' title='bbox 1183 1531 1369 1583; x_wconf 87' lang='lat' dir='ltr'>consequi</span> <span class='ocrx_word' id='word_1_177' title='bbox 1389 1531 1536 1583; x_wconf 89' lang='lat' dir='ltr'>potuit,</span> <span class='ocrx_word' id='word_1_178' title='bbox 1568 1530 1675 1582; x_wconf 90' lang='lat' dir='ltr'>quod</span> <span class='ocrx_word' id='word_1_179' title='bbox 1695 1531 1775 1567; x_wconf 91' lang='lat' dir='ltr'>im—</span> 
     </span>
     <span class='ocr_line' id='line_1_22' title="bbox 383 1595 1777 1656; baseline -0.006 -15"><span class='ocrx_word' id='word_1_180' title='bbox 383 1613 606 1656; x_wconf 83' lang='lat' dir='ltr'>peratorum</span> <span class='ocrx_word' id='word_1_181' title='bbox 628 1601 876 1645; x_wconf 84' lang='lat' dir='ltr'>testimoniis,</span> <span class='ocrx_word' id='word_1_182' title='bbox 898 1599 1004 1651; x_wconf 86' lang='lat' dir='ltr'>quod</span> <span class='ocrx_word' id='word_1_183' title='bbox 1025 1598 1225 1643; x_wconf 86' lang='lat' dir='ltr'>vetustate,</span> <span class='ocrx_word' id='word_1_184' title='bbox 1254 1597 1360 1649; x_wconf 89' lang='lat' dir='ltr'>quod</span> <span class='ocrx_word' id='word_1_185' title='bbox 1381 1596 1609 1648; x_wconf 75' lang='lat' dir='ltr'>QCatuli,</span> <span class='ocrx_word' id='word_1_186' title='bbox 1632 1595 1777 1634; x_wconf 88' lang='lat' dir='ltr'>summi</span> 
     </span>
     <span class='ocr_line' id='line_1_23' title="bbox 382 1660 1775 1718; baseline -0.006 -11"><span class='ocrx_word' id='word_1_187' title='bbox 382 1669 471 1714; x_wconf 89' lang='lat' dir='ltr'>viri,</span> <span class='ocrx_word' id='word_1_188' title='bbox 503 1668 746 1712; x_wconf 63' lang='lat' dir='ltr'>auctoritate,</span> <span class='ocrx_word' id='word_1_189' title='bbox 778 1665 885 1718; x_wconf 93' lang='lat' dir='ltr'>quod</span> <span class='ocrx_word' id='word_1_190' title='bbox 912 1664 1068 1717; x_wconf 86' lang='lat' dir='ltr'>judicio</span> <span class='ocrx_word' id='word_1_191' title='bbox 1099 1663 1266 1707; x_wconf 83' lang='lat' dir='ltr'>senatus,</span> <span class='ocrx_word' id='word_1_192' title='bbox 1304 1662 1410 1715; x_wconf 88' lang='lat' dir='ltr'>quod</span> <span class='ocrx_word' id='word_1_193' title='bbox 1445 1660 1606 1706; x_wconf 85' lang='lat' dir='ltr'>foedere,</span> <span class='ocrx_word' id='word_1_194' title='bbox 1638 1661 1775 1699; x_wconf 90' lang='lat' dir='ltr'>conse-</span> 
     </span>
     <span class='ocr_line' id='line_1_24' title="bbox 385 1727 1775 1785; baseline -0.007 -12"><span class='ocrx_word' id='word_1_195' title='bbox 385 1745 474 1773; x_wconf 74' lang='lat' dir='ltr'>cuta</span> <span class='ocrx_word' id='word_1_196' title='bbox 494 1735 546 1772; x_wconf 86' lang='lat' dir='ltr'>est</span> <span class='ocrx_word' id='word_1_197' title='bbox 565 1750 573 1771; x_wconf 92' lang='lat'>:</span> <span class='ocrx_word' id='word_1_198' title='bbox 607 1732 713 1785; x_wconf 93' lang='lat' dir='ltr'>quod</span> <span class='ocrx_word' id='word_1_199' title='bbox 743 1732 904 1784; x_wconf 86' lang='lat' dir='ltr'>publica</span> <span class='ocrx_word' id='word_1_200' title='bbox 930 1730 1119 1782; x_wconf 87' lang='lat' dir='ltr'>religione</span> <span class='ocrx_word' id='word_1_201' title='bbox 1140 1729 1279 1767; x_wconf 89' lang='lat' dir='ltr'>sanciri</span> <span class='ocrx_word' id='word_1_202' title='bbox 1300 1728 1446 1780; x_wconf 87' lang='lat' dir='ltr'>potuit,</span> <span class='ocrx_word' id='word_1_203' title='bbox 1478 1727 1519 1765; x_wconf 92' lang='lat' dir='ltr'>id</span> <span class='ocrx_word' id='word_1_204' title='bbox 1539 1727 1668 1772; x_wconf 80' lang='lat' dir='ltr'>abest3</span> <span class='ocrx_word' id='word_1_205' title='bbox 1701 1740 1775 1779; x_wconf 83' lang='lat' dir='ltr'>po-</span> 
     </span>
     <span class='ocr_line' id='line_1_25' title="bbox 384 1793 1778 1852; baseline -0.006 -14"><span class='ocrx_word' id='word_1_206' title='bbox 384 1800 502 1852; x_wconf 83' lang='lat' dir='ltr'>pulus</span> <span class='ocrx_word' id='word_1_207' title='bbox 523 1800 631 1836; x_wconf 90' lang='lat' dir='ltr'>enirn</span> <span class='ocrx_word' id='word_1_208' title='bbox 652 1798 687 1835; x_wconf 89' lang='lat' dir='ltr'>se</span> <span class='ocrx_word' id='word_1_209' title='bbox 709 1797 900 1848; x_wconf 84' lang='lat' dir='ltr'>nusquam</span> <span class='ocrx_word' id='word_1_210' title='bbox 921 1795 1127 1846; x_wconf 85' lang='lat' dir='ltr'>obligavit.</span> <span class='ocrx_word' id='word_1_211' title='bbox 1147 1794 1290 1845; x_wconf 89' lang='lat' dir='ltr'>Neque</span> <span class='ocrx_word' id='word_1_212' title='bbox 1306 1793 1393 1831; x_wconf 88' lang='lat' dir='ltr'>ideo</span> <span class='ocrx_word' id='word_1_213' title='bbox 1413 1793 1466 1830; x_wconf 88' lang='lat' dir='ltr'>est</span> <span class='ocrx_word' id='word_1_214' title='bbox 1487 1793 1778 1831; x_wconf 80' lang='lat' dir='ltr'>Gaditanorum</span> 
     </span>
     <span class='ocr_line' id='line_1_26' title="bbox 387 1856 1776 1913; baseline -0.007 -10"><span class='ocrx_word' id='word_1_215' title='bbox 387 1863 721 1904; x_wconf 79' lang='lat' dir='ltr'>causa‘deterior:</span> <span class='ocrx_word' id='word_1_216' title='bbox 754 1861 982 1913; x_wconf 72' lang='lat' dir='ltr'>graviffimis</span> <span class='ocrx_word' id='word_1_217' title='bbox 1015 1859 1122 1896; x_wconf 87' lang='lat' dir='ltr'>enim</span> <span class='ocrx_word' id='word_1_218' title='bbox 1154 1868 1192 1895; x_wconf 88' lang='lat' dir='ltr'>et</span> <span class='ocrx_word' id='word_1_219' title='bbox 1224 1858 1408 1909; x_wconf 86' lang='lat' dir='ltr'>plurimis</span> <span class='ocrx_word' id='word_1_220' title='bbox 1436 1857 1550 1894; x_wconf 87' lang='lat' dir='ltr'>rebus</span> <span class='ocrx_word' id='word_1_221' title='bbox 1579 1857 1632 1894; x_wconf 90' lang='lat' dir='ltr'>est</span> <span class='ocrx_word' id='word_1_222' title='bbox 1659 1856 1776 1895; x_wconf 82' lang='lat' dir='ltr'>fulta.</span> 
     </span>
     <span class='ocr_line' id='line_1_27' title="bbox 388 1922 1779 1980; baseline -0.006 -11"><span class='ocrx_word' id='word_1_223' title='bbox 388 1931 462 1970; x_wconf 88' lang='lat' dir='ltr'>Sed</span> <span class='ocrx_word' id='word_1_224' title='bbox 493 1930 554 1968; x_wconf 89' lang='lat' dir='ltr'>isti</span> <span class='ocrx_word' id='word_1_225' title='bbox 586 1928 840 1980; x_wconf 84' lang='lat' dir='ltr'>disputationi</span> <span class='ocrx_word' id='word_1_226' title='bbox 873 1934 977 1964; x_wconf 89' lang='lat' dir='ltr'>certe</span> <span class='ocrx_word' id='word_1_227' title='bbox 1009 1923 1110 1962; x_wconf 85' lang='lat' dir='ltr'>nihil</span> <span class='ocrx_word' id='word_1_228' title='bbox 1143 1923 1196 1961; x_wconf 88' lang='lat' dir='ltr'>est</span> <span class='ocrx_word' id='word_1_229' title='bbox 1222 1923 1328 1961; x_wconf 73' lang='lat' dir='ltr'>locI:</span> <span class='ocrx_word' id='word_1_230' title='bbox 1363 1922 1643 1960; x_wconf 66' lang='lat' dir='ltr'>sacrosanctum</span> <span class='ocrx_word' id='word_1_231' title='bbox 1670 1923 1779 1961; x_wconf 91' lang='lat' dir='ltr'>enim</span> 
     </span>
     <span class='ocr_line' id='line_1_28' title="bbox 388 1987 1776 2047; baseline -0.006 -13"><span class='ocrx_word' id='word_1_232' title='bbox 388 1995 489 2034; x_wconf 84' lang='lat' dir='ltr'>nihil</span> <span class='ocrx_word' id='word_1_233' title='bbox 511 1994 634 2047; x_wconf 85' lang='lat' dir='ltr'>potest</span> <span class='ocrx_word' id='word_1_234' title='bbox 655 1993 741 2038; x_wconf 85' lang='lat' dir='ltr'>effe,</span> <span class='ocrx_word' id='word_1_235' title='bbox 763 1993 832 2030; x_wconf 79' lang='lat' dir='ltr'>nisi</span> <span class='ocrx_word' id='word_1_236' title='bbox 855 1990 960 2043; x_wconf 93' lang='lat' dir='ltr'>quod</span> <span class='ocrx_word' id='word_1_237' title='bbox 978 2004 1044 2043; x_wconf 88' lang='lat' dir='ltr'>per</span> <span class='ocrx_word' id='word_1_238' title='bbox 1058 1989 1253 2043; x_wconf 89' lang='lat' dir='ltr'>populum</span> <span class='ocrx_word' id='word_1_239' title='bbox 1275 1988 1478 2041; x_wconf 87' lang='lat' dir='ltr'>plebemve</span> <span class='ocrx_word' id='word_1_240' title='bbox 1495 1987 1686 2026; x_wconf 69' lang='lat' dir='ltr'>sancitum</span> <span class='ocrx_word' id='word_1_241' title='bbox 1707 1988 1776 2027; x_wconf 82' lang='lat' dir='ltr'>est.</span> 
     </span>
    </p>

    <p class='ocr_par' dir='ltr' id='par_1_4' title="bbox 382 2055 1785 2511">
     <span class='ocr_line' id='line_1_29' title="bbox 444 2055 1780 2112; baseline -0.007 -12"><span class='ocrx_word' id='word_1_242' title='bbox 444 2063 559 2100; x_wconf 86' lang='lat' dir='ltr'>XVI.</span> <span class='ocrx_word' id='word_1_243' title='bbox 592 2060 712 2112; x_wconf 85' lang='lat' dir='ltr'>Qod</span> <span class='ocrx_word' id='word_1_244' title='bbox 733 2059 759 2097; x_wconf 88' lang='lat' dir='ltr'><strong>fi</strong></span> <span class='ocrx_word' id='word_1_245' title='bbox 780 2058 856 2096; x_wconf 87' lang='lat' dir='ltr'>hoc</span> <span class='ocrx_word' id='word_1_246' title='bbox 877 2057 1022 2102; x_wconf 70' lang='lat' dir='ltr'>foedus,</span> <span class='ocrx_word' id='word_1_247' title='bbox 1053 2055 1159 2109; x_wconf 91' lang='lat' dir='ltr'>quod</span> <span class='ocrx_word' id='word_1_248' title='bbox 1180 2055 1351 2108; x_wconf 83' lang='lat' dir='ltr'>populus</span> <span class='ocrx_word' id='word_1_249' title='bbox 1374 2055 1593 2098; x_wconf 81' lang='lat' dir='ltr'>Romanus,</span> <span class='ocrx_word' id='word_1_250' title='bbox 1624 2056 1780 2092; x_wconf 62' lang='lat' dir='ltr'>auctore</span> 
     </span>
     <span class='ocr_line' id='line_1_30' title="bbox 389 2120 1778 2175; baseline -0.007 -8"><span class='ocrx_word' id='word_1_251' title='bbox 389 2129 536 2172; x_wconf 87' lang='lat' dir='ltr'>senatu,</span> <span class='ocrx_word' id='word_1_252' title='bbox 567 2125 910 2165; x_wconf 85' lang='lat' dir='ltr'>commendatione</span> <span class='ocrx_word' id='word_1_253' title='bbox 930 2132 969 2162; x_wconf 91' lang='lat' dir='ltr'>et</span> <span class='ocrx_word' id='word_1_254' title='bbox 983 2123 1138 2175; x_wconf 90' lang='lat' dir='ltr'>judicio</span> <span class='ocrx_word' id='word_1_255' title='bbox 1158 2121 1372 2166; x_wconf 80' lang='lat' dir='ltr'>vetustatis,</span> <span class='ocrx_word' id='word_1_256' title='bbox 1403 2121 1604 2159; x_wconf 86' lang='lat' dir='ltr'>voluntate</span> <span class='ocrx_word' id='word_1_257' title='bbox 1624 2129 1662 2158; x_wconf 89' lang='lat' dir='ltr'>et</span> <span class='ocrx_word' id='word_1_258' title='bbox 1689 2120 1778 2158; x_wconf 87' lang='lat' dir='ltr'>sen-</span> 
     </span>
     <span class='ocr_line' id='line_1_31' title="bbox 389 2186 1778 2243; baseline -0.006 -10"><span class='ocrx_word' id='word_1_259' title='bbox 389 2195 523 2233; x_wconf 81' lang='lat' dir='ltr'>tentiis</span> <span class='ocrx_word' id='word_1_260' title='bbox 544 2193 620 2231; x_wconf 84' lang='lat' dir='ltr'>suis</span> <span class='ocrx_word' id='word_1_261' title='bbox 641 2192 887 2243; x_wconf 85' lang='lat' dir='ltr'>comprobat,</span> <span class='ocrx_word' id='word_1_262' title='bbox 906 2190 1012 2227; x_wconf 90' lang='lat' dir='ltr'>idem</span> <span class='ocrx_word' id='word_1_263' title='bbox 1032 2187 1224 2241; x_wconf 86' lang='lat' dir='ltr'>suffragiis</span> <span class='ocrx_word' id='word_1_264' title='bbox 1246 2186 1550 2239; x_wconf 71' lang='lat' dir='ltr'>comprobasset5</span> <span class='ocrx_word' id='word_1_265' title='bbox 1569 2186 1666 2239; x_wconf 89' lang='lat' dir='ltr'>quid</span> <span class='ocrx_word' id='word_1_266' title='bbox 1682 2195 1778 2232; x_wconf 86' lang='lat' dir='ltr'>erat,</span> 
     </span>
     <span class='ocr_line' id='line_1_32' title="bbox 389 2252 1778 2311; baseline -0.006 -13"><span class='ocrx_word' id='word_1_267' title='bbox 389 2274 459 2298; x_wconf 80' lang='lat' dir='ltr'>cur</span> <span class='ocrx_word' id='word_1_268' title='bbox 479 2273 526 2297; x_wconf 87' lang='lat' dir='ltr'>ex</span> <span class='ocrx_word' id='word_1_269' title='bbox 547 2258 630 2311; x_wconf 92' lang='lat' dir='ltr'>ipso</span> <span class='ocrx_word' id='word_1_270' title='bbox 651 2256 796 2295; x_wconf 80' lang='lat' dir='ltr'>foedere</span> <span class='ocrx_word' id='word_1_271' title='bbox 817 2255 1062 2294; x_wconf 83' lang='lat' dir='ltr'>Gaditanum</span> <span class='ocrx_word' id='word_1_272' title='bbox 1083 2255 1122 2291; x_wconf 91' lang='lat' dir='ltr'>in</span> <span class='ocrx_word' id='word_1_273' title='bbox 1144 2254 1347 2291; x_wconf 84' lang='lat' dir='ltr'>civitatem</span> <span class='ocrx_word' id='word_1_274' title='bbox 1368 2252 1534 2291; x_wconf 84' lang='lat' dir='ltr'>nostram</span> <span class='ocrx_word' id='word_1_275' title='bbox 1556 2252 1677 2304; x_wconf 87' lang='lat' dir='ltr'>recipi</span> <span class='ocrx_word' id='word_1_276' title='bbox 1698 2265 1778 2290; x_wconf 91' lang='lat' dir='ltr'>non</span> 
     </span>
     <span class='ocr_line' id='line_1_33' title="bbox 389 2318 1782 2372; baseline -0.006 -7"><span class='ocrx_word' id='word_1_277' title='bbox 389 2328 524 2365; x_wconf 86' lang='lat' dir='ltr'>liceret</span> <span class='ocrx_word' id='word_1_278' title='bbox 541 2326 553 2362; x_wconf 93' lang='lat'>?</span> <span class='ocrx_word' id='word_1_279' title='bbox 587 2323 705 2362; x_wconf 89' lang='lat' dir='ltr'>Nihil</span> <span class='ocrx_word' id='word_1_280' title='bbox 725 2322 779 2360; x_wconf 87' lang='lat' dir='ltr'>est</span> <span class='ocrx_word' id='word_1_281' title='bbox 798 2323 906 2360; x_wconf 86' lang='lat' dir='ltr'>enim</span> <span class='ocrx_word' id='word_1_282' title='bbox 926 2320 1031 2358; x_wconf 84' lang='lat' dir='ltr'>aliud</span> <span class='ocrx_word' id='word_1_283' title='bbox 1053 2322 1093 2358; x_wconf 91' lang='lat' dir='ltr'>in</span> <span class='ocrx_word' id='word_1_284' title='bbox 1116 2319 1261 2358; x_wconf 82' lang='lat' dir='ltr'>foedere</span> <span class='ocrx_word' id='word_1_285' title='bbox 1276 2349 1287 2364; x_wconf 88' lang='lat'>,</span> <span class='ocrx_word' id='word_1_286' title='bbox 1319 2319 1388 2357; x_wconf 78' lang='lat' dir='ltr'>nisi</span> <span class='ocrx_word' id='word_1_287' title='bbox 1404 2349 1415 2365; x_wconf 92' lang='lat'><strong>,</strong></span> <span class='ocrx_word' id='word_1_288' title='bbox 1447 2328 1488 2358; x_wconf 85' lang='lat' dir='ltr'>ut</span> <span class='ocrx_word' id='word_1_289' title='bbox 1502 2318 1569 2372; x_wconf 81' lang='lat' dir='ltr'>pia</span> <span class='ocrx_word' id='word_1_290' title='bbox 1588 2327 1623 2357; x_wconf 79' lang='lat' dir='ltr'>et</span> <span class='ocrx_word' id='word_1_291' title='bbox 1641 2327 1782 2358; x_wconf 84' lang='lat' dir='ltr'>aeterna</span> 
     </span>
     <span class='ocr_line' id='line_1_34' title="bbox 382 2383 1779 2445; baseline -0.006 -15"><span class='ocrx_word' id='word_1_292' title='bbox 382 2402 461 2445; x_wconf 83' lang='lat' dir='ltr'>pax</span> <span class='ocrx_word' id='word_1_293' title='bbox 490 2391 549 2428; x_wconf 88' lang='lat' dir='ltr'>fit.</span> <span class='ocrx_word' id='word_1_294' title='bbox 583 2388 693 2441; x_wconf 83' lang='lat' dir='ltr'>Qid</span> <span class='ocrx_word' id='word_1_295' title='bbox 725 2388 765 2425; x_wconf 92' lang='lat' dir='ltr'>id</span> <span class='ocrx_word' id='word_1_296' title='bbox 797 2387 843 2424; x_wconf 82' lang='lat' dir='ltr'>ad</span> <span class='ocrx_word' id='word_1_297' title='bbox 873 2387 1106 2424; x_wconf 85' lang='lat' dir='ltr'>civitatem?</span> <span class='ocrx_word' id='word_1_298' title='bbox 1139 2385 1385 2437; x_wconf 63' lang='lat' dir='ltr'>Adjunfflun</span> <span class='ocrx_word' id='word_1_299' title='bbox 1419 2385 1518 2423; x_wconf 81' lang='lat' dir='ltr'>illud</span> <span class='ocrx_word' id='word_1_300' title='bbox 1549 2385 1668 2422; x_wconf 87' lang='lat' dir='ltr'>etiam</span> <span class='ocrx_word' id='word_1_301' title='bbox 1699 2383 1779 2429; x_wconf 90' lang='lat' dir='ltr'>est,</span> 
     </span>
     <span class='ocr_line' id='line_1_35' title="bbox 391 2449 1785 2511; baseline -0.006 -14"><span class='ocrx_word' id='word_1_302' title='bbox 391 2457 498 2511; x_wconf 86' lang='lat' dir='ltr'>quod</span> <span class='ocrx_word' id='word_1_303' title='bbox 518 2469 598 2495; x_wconf 85' lang='lat' dir='ltr'>non</span> <span class='ocrx_word' id='word_1_304' title='bbox 617 2455 671 2495; x_wconf 83' lang='lat' dir='ltr'>est</span> <span class='ocrx_word' id='word_1_305' title='bbox 699 2455 741 2493; x_wconf 86' lang='lat' dir='ltr'>in</span> <span class='ocrx_word' id='word_1_306' title='bbox 770 2453 956 2492; x_wconf 86' lang='lat' dir='ltr'>omnibus</span> <span class='ocrx_word' id='word_1_307' title='bbox 977 2451 1191 2491; x_wconf 75' lang='lat' dir='ltr'>foederibus</span> <span class='ocrx_word' id='word_1_308' title='bbox 1211 2466 1218 2490; x_wconf 91' lang='lat'>:</span> <span class='ocrx_word' id='word_1_309' title='bbox 1252 2450 1475 2504; x_wconf 65' lang='lat' dir='ltr'>,Mcy&#39;estatem</span> <span class='ocrx_word' id='word_1_310' title='bbox 1488 2451 1614 2505; x_wconf 80' lang='lat' dir='ltr'>populi</span> <span class='ocrx_word' id='word_1_311' title='bbox 1629 2449 1785 2489; x_wconf 74' lang='lat' dir='ltr'>Romani</span> 
     </span>
    </p>
   </div>
  </div>
 </body>
</html>
