<?xml version="1.0" encoding="UTF-8"?>
<!DOCTYPE html PUBLIC "-//W3C//DTD XHTML 1.0 Transitional//EN"
    "http://www.w3.org/TR/xhtml1/DTD/xhtml1-transitional.dtd">
<html xmlns="http://www.w3.org/1999/xhtml" xml:lang="en" lang="en">
 <head>
  <title>
</title>
<meta http-equiv="Content-Type" content="text/html;charset=utf-8" />
  <meta name='ocr-system' content='tesseract 3.04.00' />
  <meta name='ocr-capabilities' content='ocr_page ocr_carea ocr_par ocr_line ocrx_word'/>
</head>
<body>
  <div class='ocr_page' id='page_1' title='image "./operacumindicibu06ciceuoft_0124.png"; bbox 0 0 2076 2860; ppageno 0'>
   <div class='ocr_carea' id='block_1_1' title="bbox 363 201 1437 260">
    <p class='ocr_par' dir='ltr' id='par_1_1' title="bbox 363 201 1437 260">
     <span class='ocr_line' id='line_1_1' title="bbox 363 201 1437 260; baseline -0.01 -10"><span class='ocrx_word' id='word_1_1' title='bbox 363 224 439 260; x_wconf 83' lang='lat'>114</span> <span class='ocrx_word' id='word_1_2' title='bbox 681 207 785 245; x_wconf 86' lang='lat' dir='ltr'>DE</span> <span class='ocrx_word' id='word_1_3' title='bbox 856 201 1437 242; x_wconf 88' lang='lat' dir='ltr'>PROVINCIIS</span> 
     </span>
    </p>
   </div>
   <div class='ocr_carea' id='block_1_2' title="bbox 357 295 1772 2546">
    <p class='ocr_par' dir='ltr' id='par_1_2' title="bbox 357 295 1761 556">
     <span class='ocr_line' id='line_1_2' title="bbox 357 295 1758 350; baseline -0.009 -5"><span class='ocrx_word' id='word_1_4' title='bbox 357 306 506 345; x_wconf 85' lang='lat' dir='ltr'>auxilio</span> <span class='ocrx_word' id='word_1_5' title='bbox 526 303 618 348; x_wconf 87' lang='lat' dir='ltr'>fuit,</span> <span class='ocrx_word' id='word_1_6' title='bbox 637 298 928 340; x_wconf 79' lang='lat' dir='ltr'>inimiciffimus</span> <span class='ocrx_word' id='word_1_7' title='bbox 949 306 988 335; x_wconf 89' lang='lat' dir='ltr'>et</span> <span class='ocrx_word' id='word_1_8' title='bbox 1009 297 1144 350; x_wconf 75' lang='lat' dir='ltr'>ipfiUS,</span> <span class='ocrx_word' id='word_1_9' title='bbox 1161 306 1199 334; x_wconf 89' lang='lat' dir='ltr'>et</span> <span class='ocrx_word' id='word_1_10' title='bbox 1220 295 1351 335; x_wconf 85' lang='lat' dir='ltr'>fratris</span> <span class='ocrx_word' id='word_1_11' title='bbox 1372 298 1455 349; x_wconf 79' lang='lat' dir='ltr'>ejus</span> <span class='ocrx_word' id='word_1_12' title='bbox 1477 295 1758 347; x_wconf 84' lang='lat' dir='ltr'>Africani‚ju-</span> 
     </span>
     <span class='ocr_line' id='line_1_3' title="bbox 358 362 1760 425; baseline -0.008 -14"><span class='ocrx_word' id='word_1_13' title='bbox 358 374 534 425; x_wconf 83' lang='lat' dir='ltr'>ravitque</span> <span class='ocrx_word' id='word_1_14' title='bbox 564 372 605 408; x_wconf 88' lang='lat' dir='ltr'>in</span> <span class='ocrx_word' id='word_1_15' title='bbox 630 369 821 407; x_wconf 86' lang='lat' dir='ltr'>concione</span> <span class='ocrx_word' id='word_1_16' title='bbox 836 395 847 411; x_wconf 90' lang='lat'>‚</span> <span class='ocrx_word' id='word_1_17' title='bbox 880 365 916 404; x_wconf 89' lang='lat' dir='ltr'>se</span> <span class='ocrx_word' id='word_1_18' title='bbox 936 366 977 402; x_wconf 89' lang='lat' dir='ltr'>in</span> <span class='ocrx_word' id='word_1_19' title='bbox 999 364 1166 417; x_wconf 81' lang='lat' dir='ltr'>gratiam</span> <span class='ocrx_word' id='word_1_20' title='bbox 1187 377 1265 402; x_wconf 90' lang='lat' dir='ltr'>non</span> <span class='ocrx_word' id='word_1_21' title='bbox 1289 363 1466 409; x_wconf 82' lang='lat' dir='ltr'>rediiffe3</span> <span class='ocrx_word' id='word_1_22' title='bbox 1500 363 1564 402; x_wconf 88' lang='lat' dir='ltr'>sed</span> <span class='ocrx_word' id='word_1_23' title='bbox 1584 362 1760 401; x_wconf 87' lang='lat' dir='ltr'>alienum</span> 
     </span>
     <span class='ocr_line' id='line_1_4' title="bbox 358 428 1761 487; baseline -0.008 -9"><span class='ocrx_word' id='word_1_24' title='bbox 358 439 429 478; x_wconf 85' lang='lat' dir='ltr'>fibi</span> <span class='ocrx_word' id='word_1_25' title='bbox 450 437 571 477; x_wconf 86' lang='lat' dir='ltr'>videri</span> <span class='ocrx_word' id='word_1_26' title='bbox 592 435 785 487; x_wconf 80' lang='lat' dir='ltr'>dignitate</span> <span class='ocrx_word' id='word_1_27' title='bbox 805 432 978 485; x_wconf 84' lang='lat' dir='ltr'>imperii,</span> <span class='ocrx_word' id='word_1_28' title='bbox 1010 444 1091 484; x_wconf 89' lang='lat' dir='ltr'>quo</span> <span class='ocrx_word' id='word_1_29' title='bbox 1111 430 1230 468; x_wconf 83' lang='lat' dir='ltr'>duces</span> <span class='ocrx_word' id='word_1_30' title='bbox 1250 429 1369 468; x_wconf 72' lang='lat' dir='ltr'>efi&#39;ent</span> <span class='ocrx_word' id='word_1_31' title='bbox 1389 429 1578 475; x_wconf 89' lang='lat' dir='ltr'>hostium,</span> <span class='ocrx_word' id='word_1_32' title='bbox 1603 428 1761 481; x_wconf 85' lang='lat' dir='ltr'>Scipio-</span> 
     </span>
     <span class='ocr_line' id='line_1_5' title="bbox 360 494 1758 556; baseline -0.007 -12"><span class='ocrx_word' id='word_1_33' title='bbox 360 520 407 544; x_wconf 90' lang='lat' dir='ltr'>ne</span> <span class='ocrx_word' id='word_1_34' title='bbox 430 501 714 556; x_wconf 80' lang='lat' dir='ltr'>triumphante,</span> <span class='ocrx_word' id='word_1_35' title='bbox 746 499 869 543; x_wconf 68' lang='lat' dir='ltr'>ducti,</span> <span class='ocrx_word' id='word_1_36' title='bbox 900 497 1040 536; x_wconf 88' lang='lat' dir='ltr'>eodem</span> <span class='ocrx_word' id='word_1_37' title='bbox 1061 497 1191 550; x_wconf 88' lang='lat' dir='ltr'>ipsum</span> <span class='ocrx_word' id='word_1_38' title='bbox 1212 497 1319 542; x_wconf 90' lang='lat' dir='ltr'>duci,</span> <span class='ocrx_word' id='word_1_39' title='bbox 1351 497 1422 550; x_wconf 85' lang='lat' dir='ltr'>qui</span> <span class='ocrx_word' id='word_1_40' title='bbox 1453 494 1758 549; x_wconf 73' lang='lat' dir='ltr'>triumphasset?</span> 
     </span>
    </p>

    <p class='ocr_par' dir='ltr' id='par_1_3' title="bbox 358 562 1768 1616">
     <span class='ocr_line' id='line_1_6' title="bbox 414 562 1760 623; baseline -0.005 -15"><span class='ocrx_word' id='word_1_41' title='bbox 414 571 517 623; x_wconf 80' lang='lat' dir='ltr'>Qis</span> <span class='ocrx_word' id='word_1_42' title='bbox 549 568 704 622; x_wconf 86' lang='lat' dir='ltr'>plenior</span> <span class='ocrx_word' id='word_1_43' title='bbox 735 566 995 610; x_wconf 85' lang='lat' dir='ltr'>inimicorum</span> <span class='ocrx_word' id='word_1_44' title='bbox 1025 562 1104 603; x_wconf 84' lang='lat' dir='ltr'>fuit</span> <span class='ocrx_word' id='word_1_45' title='bbox 1137 565 1186 603; x_wconf 90' lang='lat' dir='ltr'>C.</span> <span class='ocrx_word' id='word_1_46' title='bbox 1211 564 1375 603; x_wconf 86' lang='lat' dir='ltr'>Mario?</span> <span class='ocrx_word' id='word_1_47' title='bbox 1409 564 1459 603; x_wconf 91' lang='lat' dir='ltr'>L.</span> <span class='ocrx_word' id='word_1_48' title='bbox 1484 562 1662 608; x_wconf 76' lang='lat' dir='ltr'>Crassus,</span> <span class='ocrx_word' id='word_1_49' title='bbox 1692 562 1760 601; x_wconf 86' lang='lat' dir='ltr'>M.</span> 
     </span>
     <span class='ocr_line' id='line_1_7' title="bbox 360 628 1760 677; baseline -0.006 -1"><span class='ocrx_word' id='word_1_50' title='bbox 360 640 540 677; x_wconf 84' lang='lat' dir='ltr'>Scaurus.</span> <span class='ocrx_word' id='word_1_51' title='bbox 572 634 709 673; x_wconf 90' lang='lat' dir='ltr'>Aliine</span> <span class='ocrx_word' id='word_1_52' title='bbox 728 632 885 671; x_wconf 89' lang='lat' dir='ltr'>inimici</span> <span class='ocrx_word' id='word_1_53' title='bbox 903 633 916 669; x_wconf 91' lang='lat'>?</span> <span class='ocrx_word' id='word_1_54' title='bbox 949 644 1086 669; x_wconf 83' lang='lat' dir='ltr'>omnes</span> <span class='ocrx_word' id='word_1_55' title='bbox 1108 630 1283 669; x_wconf 80' lang='lat' dir='ltr'>Metelli.</span> <span class='ocrx_word' id='word_1_56' title='bbox 1326 631 1382 668; x_wconf 85' lang='lat' dir='ltr'>At</span> <span class='ocrx_word' id='word_1_57' title='bbox 1402 630 1445 669; x_wconf 88' lang='lat' dir='ltr'>hi</span> <span class='ocrx_word' id='word_1_58' title='bbox 1467 644 1546 668; x_wconf 91' lang='lat' dir='ltr'>non</span> <span class='ocrx_word' id='word_1_59' title='bbox 1567 629 1687 669; x_wconf 90' lang='lat' dir='ltr'>modo</span> <span class='ocrx_word' id='word_1_60' title='bbox 1707 628 1760 668; x_wconf 92' lang='lat' dir='ltr'>il-</span> 
     </span>
     <span class='ocr_line' id='line_1_8' title="bbox 359 694 1763 742; baseline -0.007 0"><span class='ocrx_word' id='word_1_61' title='bbox 359 704 445 742; x_wconf 90' lang='lat' dir='ltr'>lum</span> <span class='ocrx_word' id='word_1_62' title='bbox 474 701 689 740; x_wconf 86' lang='lat' dir='ltr'>inimicum</span> <span class='ocrx_word' id='word_1_63' title='bbox 717 712 765 737; x_wconf 85' lang='lat' dir='ltr'>ex</span> <span class='ocrx_word' id='word_1_64' title='bbox 797 697 931 736; x_wconf 87' lang='lat' dir='ltr'>Gallia</span> <span class='ocrx_word' id='word_1_65' title='bbox 958 696 1161 735; x_wconf 85' lang='lat' dir='ltr'>sententiis</span> <span class='ocrx_word' id='word_1_66' title='bbox 1183 695 1261 734; x_wconf 84' lang='lat' dir='ltr'>suis</span> <span class='ocrx_word' id='word_1_67' title='bbox 1282 709 1362 733; x_wconf 88' lang='lat' dir='ltr'>non</span> <span class='ocrx_word' id='word_1_68' title='bbox 1384 695 1666 742; x_wconf 84' lang='lat' dir='ltr'>detrahebant,</span> <span class='ocrx_word' id='word_1_69' title='bbox 1699 694 1763 733; x_wconf 89' lang='lat' dir='ltr'>sed</span> 
     </span>
     <span class='ocr_line' id='line_1_9' title="bbox 358 761 1763 823; baseline -0.007 -14"><span class='ocrx_word' id='word_1_70' title='bbox 358 779 398 810; x_wconf 89' lang='lat' dir='ltr'>et</span> <span class='ocrx_word' id='word_1_71' title='bbox 429 776 590 823; x_wconf 89' lang='lat' dir='ltr'>propter</span> <span class='ocrx_word' id='word_1_72' title='bbox 621 765 812 805; x_wconf 88' lang='lat' dir='ltr'>rationem</span> <span class='ocrx_word' id='word_1_73' title='bbox 846 762 996 803; x_wconf 88' lang='lat' dir='ltr'>Gallici</span> <span class='ocrx_word' id='word_1_74' title='bbox 1031 761 1127 801; x_wconf 89' lang='lat' dir='ltr'>belli</span> <span class='ocrx_word' id='word_1_75' title='bbox 1159 761 1406 815; x_wconf 86' lang='lat' dir='ltr'>provinciam</span> <span class='ocrx_word' id='word_1_76' title='bbox 1438 770 1548 799; x_wconf 86' lang='lat' dir='ltr'>extra</span> <span class='ocrx_word' id='word_1_77' title='bbox 1580 761 1763 800; x_wconf 86' lang='lat' dir='ltr'>ordinem</span> 
     </span>
     <span class='ocr_line' id='line_1_10' title="bbox 361 827 1765 881; baseline -0.007 -5"><span class='ocrx_word' id='word_1_78' title='bbox 361 835 637 876; x_wconf 84' lang='lat' dir='ltr'>decernebant.</span> <span class='ocrx_word' id='word_1_79' title='bbox 671 832 829 871; x_wconf 91' lang='lat' dir='ltr'>Bellum</span> <span class='ocrx_word' id='word_1_80' title='bbox 850 831 892 869; x_wconf 90' lang='lat' dir='ltr'>in</span> <span class='ocrx_word' id='word_1_81' title='bbox 913 830 1046 869; x_wconf 83' lang='lat' dir='ltr'>Gallia</span> <span class='ocrx_word' id='word_1_82' title='bbox 1065 830 1289 868; x_wconf 84' lang='lat' dir='ltr'>maximum</span> <span class='ocrx_word' id='word_1_83' title='bbox 1309 827 1465 881; x_wconf 87' lang='lat' dir='ltr'>gestum</span> <span class='ocrx_word' id='word_1_84' title='bbox 1488 827 1570 867; x_wconf 88' lang='lat' dir='ltr'>est:</span> <span class='ocrx_word' id='word_1_85' title='bbox 1602 828 1765 867; x_wconf 86' lang='lat' dir='ltr'>domitae</span> 
     </span>
     <span class='ocr_line' id='line_1_11' title="bbox 362 894 1766 947; baseline -0.006 -5"><span class='ocrx_word' id='word_1_86' title='bbox 362 903 451 942; x_wconf 87' lang='lat' dir='ltr'>suut</span> <span class='ocrx_word' id='word_1_87' title='bbox 472 916 493 941; x_wconf 87' lang='lat' dir='ltr'>a</span> <span class='ocrx_word' id='word_1_88' title='bbox 514 901 660 940; x_wconf 84' lang='lat' dir='ltr'>Caesare</span> <span class='ocrx_word' id='word_1_89' title='bbox 681 900 863 937; x_wconf 78' lang='lat' dir='ltr'>maximae</span> <span class='ocrx_word' id='word_1_90' title='bbox 884 896 1077 941; x_wconf 82' lang='lat' dir='ltr'>nationes,</span> <span class='ocrx_word' id='word_1_91' title='bbox 1100 895 1163 934; x_wconf 86' lang='lat' dir='ltr'>sed</span> <span class='ocrx_word' id='word_1_92' title='bbox 1185 895 1364 933; x_wconf 85' lang='lat' dir='ltr'>nondum</span> <span class='ocrx_word' id='word_1_93' title='bbox 1384 895 1556 947; x_wconf 85' lang='lat' dir='ltr'>legibus,</span> <span class='ocrx_word' id='word_1_94' title='bbox 1583 894 1766 934; x_wconf 90' lang='lat' dir='ltr'>nondum</span> 
     </span>
     <span class='ocr_line' id='line_1_12' title="bbox 360 962 1765 1026; baseline -0.006 -16"><span class='ocrx_word' id='word_1_95' title='bbox 360 973 447 1026; x_wconf 77' lang='lat' dir='ltr'>jure</span> <span class='ocrx_word' id='word_1_96' title='bbox 467 978 589 1014; x_wconf 91' lang='lat' dir='ltr'>certo,</span> <span class='ocrx_word' id='word_1_97' title='bbox 609 966 788 1006; x_wconf 86' lang='lat' dir='ltr'>nondum</span> <span class='ocrx_word' id='word_1_98' title='bbox 805 966 893 1004; x_wconf 83' lang='lat' dir='ltr'>satis</span> <span class='ocrx_word' id='word_1_99' title='bbox 908 964 1022 1002; x_wconf 83' lang='lat' dir='ltr'>firma</span> <span class='ocrx_word' id='word_1_100' title='bbox 1040 977 1149 1016; x_wconf 87' lang='lat' dir='ltr'>pace,</span> <span class='ocrx_word' id='word_1_101' title='bbox 1172 962 1375 1001; x_wconf 69' lang='lat' dir='ltr'>devinctae.</span> <span class='ocrx_word' id='word_1_102' title='bbox 1399 962 1558 1002; x_wconf 91' lang='lat' dir='ltr'>Bellum</span> <span class='ocrx_word' id='word_1_103' title='bbox 1578 962 1765 1001; x_wconf 63' lang='lat' dir='ltr'>affectum</span> 
     </span>
     <span class='ocr_line' id='line_1_13' title="bbox 362 1027 1766 1083; baseline -0.007 -7"><span class='ocrx_word' id='word_1_104' title='bbox 362 1037 558 1081; x_wconf 83' lang='lat' dir='ltr'>videmus,</span> <span class='ocrx_word' id='word_1_105' title='bbox 589 1043 643 1079; x_wconf 90' lang='lat' dir='ltr'>et,</span> <span class='ocrx_word' id='word_1_106' title='bbox 675 1046 762 1072; x_wconf 88' lang='lat' dir='ltr'>vere</span> <span class='ocrx_word' id='word_1_107' title='bbox 791 1042 835 1071; x_wconf 92' lang='lat' dir='ltr'>ut</span> <span class='ocrx_word' id='word_1_108' title='bbox 865 1031 1008 1077; x_wconf 89' lang='lat' dir='ltr'>dicam,</span> <span class='ocrx_word' id='word_1_109' title='bbox 1041 1043 1140 1083; x_wconf 90' lang='lat' dir='ltr'>pene</span> <span class='ocrx_word' id='word_1_110' title='bbox 1167 1027 1423 1067; x_wconf 64' lang='lat' dir='ltr'>confectum:</span> <span class='ocrx_word' id='word_1_111' title='bbox 1456 1028 1613 1074; x_wconf 87' lang='lat' dir='ltr'>sedita,</span> <span class='ocrx_word' id='word_1_112' title='bbox 1646 1037 1704 1073; x_wconf 92' lang='lat' dir='ltr'>ut,</span> <span class='ocrx_word' id='word_1_113' title='bbox 1737 1027 1766 1067; x_wconf 88' lang='lat' dir='ltr'><strong>fi</strong></span> 
     </span>
     <span class='ocr_line' id='line_1_14' title="bbox 366 1093 1767 1153; baseline -0.007 -11"><span class='ocrx_word' id='word_1_114' title='bbox 366 1104 470 1142; x_wconf 89' lang='lat' dir='ltr'>idem</span> <span class='ocrx_word' id='word_1_115' title='bbox 492 1110 666 1140; x_wconf 82' lang='lat' dir='ltr'>extrema</span> <span class='ocrx_word' id='word_1_116' title='bbox 686 1098 933 1153; x_wconf 86' lang='lat' dir='ltr'>persequitur</span> <span class='ocrx_word' id='word_1_117' title='bbox 947 1127 958 1143; x_wconf 93' lang='lat'>,</span> <span class='ocrx_word' id='word_1_118' title='bbox 991 1096 1061 1150; x_wconf 91' lang='lat' dir='ltr'>qui</span> <span class='ocrx_word' id='word_1_119' title='bbox 1082 1094 1285 1134; x_wconf 83' lang='lat' dir='ltr'>inchoavit</span> <span class='ocrx_word' id='word_1_120' title='bbox 1299 1125 1310 1140; x_wconf 93' lang='lat'><em>‚</em></span> <span class='ocrx_word' id='word_1_121' title='bbox 1337 1095 1421 1147; x_wconf 85' lang='lat' dir='ltr'>jam</span> <span class='ocrx_word' id='word_1_122' title='bbox 1441 1095 1576 1133; x_wconf 89' lang='lat' dir='ltr'>omnia</span> <span class='ocrx_word' id='word_1_123' title='bbox 1595 1093 1767 1148; x_wconf 66' lang='lat' dir='ltr'>perfecta</span> 
     </span>
     <span class='ocr_line' id='line_1_15' title="bbox 363 1162 1768 1218; baseline -0.007 -8"><span class='ocrx_word' id='word_1_124' title='bbox 363 1171 563 1210; x_wconf 81' lang='lat' dir='ltr'>videamus</span> <span class='ocrx_word' id='word_1_125' title='bbox 582 1188 592 1214; x_wconf 86' lang='lat'>;</span> <span class='ocrx_word' id='word_1_126' title='bbox 626 1168 652 1206; x_wconf 86' lang='lat' dir='ltr'><strong>fi</strong></span> <span class='ocrx_word' id='word_1_127' title='bbox 674 1166 910 1211; x_wconf 87' lang='lat' dir='ltr'>succeditur,</span> <span class='ocrx_word' id='word_1_128' title='bbox 942 1164 1166 1218; x_wconf 88' lang='lat' dir='ltr'>periculum</span> <span class='ocrx_word' id='word_1_129' title='bbox 1187 1163 1246 1209; x_wconf 84' lang='lat' dir='ltr'>fit,</span> <span class='ocrx_word' id='word_1_130' title='bbox 1278 1177 1327 1201; x_wconf 86' lang='lat' dir='ltr'>ne</span> <span class='ocrx_word' id='word_1_131' title='bbox 1347 1162 1572 1202; x_wconf 86' lang='lat' dir='ltr'>instauratas</span> <span class='ocrx_word' id='word_1_132' title='bbox 1600 1162 1768 1201; x_wconf 85' lang='lat' dir='ltr'>maximi</span> 
     </span>
     <span class='ocr_line' id='line_1_16' title="bbox 367 1217 1764 1288; baseline -0.006 -12"><span class='ocrx_word' id='word_1_133' title='bbox 367 1239 461 1276; x_wconf 76' lang='lat' dir='ltr'>belli</span> <span class='ocrx_word' id='word_1_134' title='bbox 483 1236 666 1288; x_wconf 75' lang='lat' dir='ltr'>reliquias</span> <span class='ocrx_word' id='word_1_135' title='bbox 687 1247 731 1272; x_wconf 84' lang='lat' dir='ltr'>ac</span> <span class='ocrx_word' id='word_1_136' title='bbox 753 1241 953 1271; x_wconf 85' lang='lat' dir='ltr'>renovatas</span> <span class='ocrx_word' id='word_1_137' title='bbox 974 1231 1193 1269; x_wconf 81' lang='lat' dir='ltr'>audiamus.</span> <span class='ocrx_word' id='word_1_138' title='bbox 1231 1231 1339 1282; x_wconf 85' lang='lat' dir='ltr'>Ergo</span> <span class='ocrx_word' id='word_1_139' title='bbox 1371 1244 1444 1282; x_wconf 85' lang='lat' dir='ltr'>ego</span> <span class='ocrx_word' id='word_1_140' title='bbox 1476 1217 1626 1268; x_wconf 86' lang='lat' dir='ltr'>senator</span> <span class='ocrx_word' id='word_1_141' title='bbox 1640 1259 1652 1275; x_wconf 90' lang='lat'>,</span> <span class='ocrx_word' id='word_1_142' title='bbox 1684 1229 1764 1267; x_wconf 85' lang='lat' dir='ltr'>ini-</span> 
     </span>
     <span class='ocr_line' id='line_1_17' title="bbox 368 1293 1765 1348; baseline -0.006 -7"><span class='ocrx_word' id='word_1_143' title='bbox 368 1305 510 1348; x_wconf 80' lang='lat' dir='ltr'>micus,</span> <span class='ocrx_word' id='word_1_144' title='bbox 544 1302 569 1339; x_wconf 88' lang='lat' dir='ltr'>fi</span> <span class='ocrx_word' id='word_1_145' title='bbox 602 1301 656 1338; x_wconf 85' lang='lat' dir='ltr'>ita</span> <span class='ocrx_word' id='word_1_146' title='bbox 686 1299 822 1344; x_wconf 84' lang='lat' dir='ltr'>vultis,</span> <span class='ocrx_word' id='word_1_147' title='bbox 855 1297 1041 1342; x_wconf 80' lang='lat' dir='ltr'>homini3</span> <span class='ocrx_word' id='word_1_148' title='bbox 1074 1297 1223 1335; x_wconf 82' lang='lat' dir='ltr'>amicus</span> <span class='ocrx_word' id='word_1_149' title='bbox 1256 1295 1343 1340; x_wconf 84' lang='lat' dir='ltr'>effe,</span> <span class='ocrx_word' id='word_1_150' title='bbox 1375 1295 1473 1333; x_wconf 85' lang='lat' dir='ltr'>ficut</span> <span class='ocrx_word' id='word_1_151' title='bbox 1505 1295 1656 1347; x_wconf 86' lang='lat' dir='ltr'>semper</span> <span class='ocrx_word' id='word_1_152' title='bbox 1689 1293 1765 1339; x_wconf 91' lang='lat' dir='ltr'>fui,</span> 
     </span>
     <span class='ocr_line' id='line_1_18' title="bbox 366 1361 1767 1422; baseline -0.006 -14"><span class='ocrx_word' id='word_1_153' title='bbox 366 1369 594 1422; x_wconf 76' lang='lat' dir='ltr'>reipublicae</span> <span class='ocrx_word' id='word_1_154' title='bbox 615 1367 752 1405; x_wconf 87' lang='lat' dir='ltr'>debeo.</span> <span class='ocrx_word' id='word_1_155' title='bbox 786 1365 911 1417; x_wconf 82' lang='lat' dir='ltr'>Qid,</span> <span class='ocrx_word' id='word_1_156' title='bbox 942 1364 968 1402; x_wconf 88' lang='lat' dir='ltr'><strong>fi</strong></span> <span class='ocrx_word' id='word_1_157' title='bbox 989 1363 1088 1416; x_wconf 85' lang='lat' dir='ltr'>ipsas</span> <span class='ocrx_word' id='word_1_158' title='bbox 1109 1362 1340 1400; x_wconf 87' lang='lat' dir='ltr'>inimicitias</span> <span class='ocrx_word' id='word_1_159' title='bbox 1362 1361 1517 1414; x_wconf 89' lang='lat' dir='ltr'>depono</span> <span class='ocrx_word' id='word_1_160' title='bbox 1538 1361 1767 1415; x_wconf 84' lang='lat' dir='ltr'>reipublicae</span> 
     </span>
     <span class='ocr_line' id='line_1_19' title="bbox 366 1429 1767 1488; baseline -0.006 -12"><span class='ocrx_word' id='word_1_161' title='bbox 366 1437 476 1476; x_wconf 87' lang='lat' dir='ltr'>causa</span> <span class='ocrx_word' id='word_1_162' title='bbox 495 1437 507 1474; x_wconf 88' lang='lat'>?</span> <span class='ocrx_word' id='word_1_163' title='bbox 540 1436 628 1488; x_wconf 89' lang='lat' dir='ltr'>quis</span> <span class='ocrx_word' id='word_1_164' title='bbox 651 1448 713 1473; x_wconf 91' lang='lat' dir='ltr'>me</span> <span class='ocrx_word' id='word_1_165' title='bbox 736 1433 895 1473; x_wconf 86' lang='lat' dir='ltr'>tandem</span> <span class='ocrx_word' id='word_1_166' title='bbox 911 1433 1000 1484; x_wconf 90' lang='lat' dir='ltr'>jure</span> <span class='ocrx_word' id='word_1_167' title='bbox 1021 1429 1280 1483; x_wconf 87' lang='lat' dir='ltr'>reprehendat</span> <span class='ocrx_word' id='word_1_168' title='bbox 1299 1430 1312 1467; x_wconf 90' lang='lat'>?</span> <span class='ocrx_word' id='word_1_169' title='bbox 1344 1429 1559 1483; x_wconf 85' lang='lat' dir='ltr'>praesertim</span> <span class='ocrx_word' id='word_1_170' title='bbox 1578 1443 1673 1468; x_wconf 86' lang='lat' dir='ltr'>cum</span> <span class='ocrx_word' id='word_1_171' title='bbox 1693 1443 1767 1482; x_wconf 89' lang='lat' dir='ltr'>ego</span> 
     </span>
     <span class='ocr_line' id='line_1_20' title="bbox 367 1495 1768 1550; baseline -0.006 -8"><span class='ocrx_word' id='word_1_172' title='bbox 367 1504 549 1542; x_wconf 87' lang='lat' dir='ltr'>omnium</span> <span class='ocrx_word' id='word_1_173' title='bbox 570 1515 750 1540; x_wconf 89' lang='lat' dir='ltr'>meorum</span> <span class='ocrx_word' id='word_1_174' title='bbox 771 1499 1041 1543; x_wconf 87' lang='lat' dir='ltr'>confiliorum‚</span> <span class='ocrx_word' id='word_1_175' title='bbox 1059 1506 1176 1550; x_wconf 84' lang='lat' dir='ltr'>atque</span> <span class='ocrx_word' id='word_1_176' title='bbox 1192 1495 1402 1541; x_wconf 63' lang='lat' dir='ltr'>factorum,</span> <span class='ocrx_word' id='word_1_177' title='bbox 1420 1495 1602 1548; x_wconf 81' lang='lat' dir='ltr'>exempla</span> <span class='ocrx_word' id='word_1_178' title='bbox 1618 1495 1768 1548; x_wconf 87' lang='lat' dir='ltr'>semper</span> 
     </span>
     <span class='ocr_line' id='line_1_21' title="bbox 366 1562 1609 1616; baseline -0.009 -6"><span class='ocrx_word' id='word_1_179' title='bbox 366 1586 411 1610; x_wconf 78' lang='lat' dir='ltr'>ex</span> <span class='ocrx_word' id='word_1_180' title='bbox 433 1571 681 1609; x_wconf 87' lang='lat' dir='ltr'>summorum</span> <span class='ocrx_word' id='word_1_181' title='bbox 701 1567 914 1606; x_wconf 88' lang='lat' dir='ltr'>hominum</span> <span class='ocrx_word' id='word_1_182' title='bbox 934 1564 1046 1603; x_wconf 68' lang='lat' dir='ltr'>factis</span> <span class='ocrx_word' id='word_1_183' title='bbox 1066 1562 1170 1602; x_wconf 87' lang='lat' dir='ltr'>mihi</span> <span class='ocrx_word' id='word_1_184' title='bbox 1189 1562 1408 1601; x_wconf 85' lang='lat' dir='ltr'>censuerim</span> <span class='ocrx_word' id='word_1_185' title='bbox 1428 1562 1609 1616; x_wconf 89' lang='lat' dir='ltr'>petenda.</span> 
     </span>
    </p>

    <p class='ocr_par' dir='ltr' id='par_1_4' title="bbox 367 1627 1772 2286">
     <span class='ocr_line' id='line_1_22' title="bbox 422 1627 1770 1683; baseline -0.007 -8"><span class='ocrx_word' id='word_1_186' title='bbox 422 1638 496 1676; x_wconf 93' lang='lat' dir='ltr'>IX.</span> <span class='ocrx_word' id='word_1_187' title='bbox 531 1637 594 1674; x_wconf 87' lang='lat' dir='ltr'>An</span> <span class='ocrx_word' id='word_1_188' title='bbox 628 1648 719 1672; x_wconf 84' lang='lat' dir='ltr'>vero</span> <span class='ocrx_word' id='word_1_189' title='bbox 751 1634 816 1672; x_wconf 85' lang='lat' dir='ltr'>M.</span> <span class='ocrx_word' id='word_1_190' title='bbox 840 1632 908 1671; x_wconf 92' lang='lat' dir='ltr'>ille</span> <span class='ocrx_word' id='word_1_191' title='bbox 939 1630 1132 1683; x_wconf 86' lang='lat' dir='ltr'>Lepidus,</span> <span class='ocrx_word' id='word_1_192' title='bbox 1165 1629 1317 1683; x_wconf 82' lang='lat' dir='ltr'>quibis</span> <span class='ocrx_word' id='word_1_193' title='bbox 1340 1629 1493 1674; x_wconf 90' lang='lat' dir='ltr'>consul,</span> <span class='ocrx_word' id='word_1_194' title='bbox 1525 1638 1564 1667; x_wconf 90' lang='lat' dir='ltr'>et</span> <span class='ocrx_word' id='word_1_195' title='bbox 1584 1627 1770 1682; x_wconf 85' lang='lat' dir='ltr'>pontifex</span> 
     </span>
     <span class='ocr_line' id='line_1_23' title="bbox 367 1694 1768 1746; baseline -0.007 -5"><span class='ocrx_word' id='word_1_196' title='bbox 367 1704 562 1742; x_wconf 82' lang='lat' dir='ltr'>maximus</span> <span class='ocrx_word' id='word_1_197' title='bbox 584 1700 677 1746; x_wconf 89' lang='lat' dir='ltr'>fuit,</span> <span class='ocrx_word' id='word_1_198' title='bbox 701 1714 779 1738; x_wconf 84' lang='lat' dir='ltr'>non</span> <span class='ocrx_word' id='word_1_199' title='bbox 802 1699 930 1737; x_wconf 90' lang='lat' dir='ltr'>solum</span> <span class='ocrx_word' id='word_1_200' title='bbox 951 1697 1152 1735; x_wconf 78' lang='lat' dir='ltr'>memoriae</span> <span class='ocrx_word' id='word_1_201' title='bbox 1173 1695 1412 1740; x_wconf 82' lang='lat' dir='ltr'>testimonio,</span> <span class='ocrx_word' id='word_1_202' title='bbox 1432 1694 1495 1732; x_wconf 81' lang='lat' dir='ltr'>sed</span> <span class='ocrx_word' id='word_1_203' title='bbox 1511 1696 1630 1733; x_wconf 88' lang='lat' dir='ltr'>etiam</span> <span class='ocrx_word' id='word_1_204' title='bbox 1646 1707 1768 1732; x_wconf 87' lang='lat' dir='ltr'>anna-</span> 
     </span>
     <span class='ocr_line' id='line_1_24' title="bbox 369 1761 1767 1816; baseline -0.006 -9"><span class='ocrx_word' id='word_1_205' title='bbox 369 1771 468 1807; x_wconf 85' lang='lat' dir='ltr'>lium</span> <span class='ocrx_word' id='word_1_206' title='bbox 489 1769 629 1812; x_wconf 81' lang='lat' dir='ltr'>literis,</span> <span class='ocrx_word' id='word_1_207' title='bbox 652 1777 690 1804; x_wconf 91' lang='lat' dir='ltr'>et</span> <span class='ocrx_word' id='word_1_208' title='bbox 711 1766 857 1803; x_wconf 88' lang='lat' dir='ltr'>summi</span> <span class='ocrx_word' id='word_1_209' title='bbox 877 1773 1000 1816; x_wconf 83' lang='lat' dir='ltr'>poetae</span> <span class='ocrx_word' id='word_1_210' title='bbox 1020 1776 1130 1806; x_wconf 87' lang='lat' dir='ltr'>voce,</span> <span class='ocrx_word' id='word_1_211' title='bbox 1163 1761 1341 1799; x_wconf 80' lang='lat' dir='ltr'>laudatus</span> <span class='ocrx_word' id='word_1_212' title='bbox 1363 1761 1431 1806; x_wconf 88' lang='lat' dir='ltr'>est,</span> <span class='ocrx_word' id='word_1_213' title='bbox 1459 1761 1566 1814; x_wconf 88' lang='lat' dir='ltr'>quod</span> <span class='ocrx_word' id='word_1_214' title='bbox 1587 1775 1680 1799; x_wconf 90' lang='lat' dir='ltr'>cum</span> <span class='ocrx_word' id='word_1_215' title='bbox 1701 1761 1767 1799; x_wconf 90' lang='lat' dir='ltr'>M.</span> 
     </span>
     <span class='ocr_line' id='line_1_25' title="bbox 370 1825 1770 1883; baseline -0.007 -10"><span class='ocrx_word' id='word_1_216' title='bbox 370 1835 513 1875; x_wconf 85' lang='lat' dir='ltr'>Fulvio</span> <span class='ocrx_word' id='word_1_217' title='bbox 535 1832 700 1883; x_wconf 85' lang='lat' dir='ltr'>collega,</span> <span class='ocrx_word' id='word_1_218' title='bbox 723 1844 802 1883; x_wconf 92' lang='lat' dir='ltr'>quo</span> <span class='ocrx_word' id='word_1_219' title='bbox 824 1830 886 1867; x_wconf 88' lang='lat' dir='ltr'>die</span> <span class='ocrx_word' id='word_1_220' title='bbox 907 1828 1042 1866; x_wconf 89' lang='lat' dir='ltr'>censor</span> <span class='ocrx_word' id='word_1_221' title='bbox 1061 1827 1114 1865; x_wconf 90' lang='lat' dir='ltr'>est</span> <span class='ocrx_word' id='word_1_222' title='bbox 1135 1826 1276 1871; x_wconf 64' lang='lat' dir='ltr'>faetus,</span> <span class='ocrx_word' id='word_1_223' title='bbox 1298 1825 1462 1864; x_wconf 89' lang='lat' dir='ltr'>homine</span> <span class='ocrx_word' id='word_1_224' title='bbox 1482 1827 1770 1872; x_wconf 87' lang='lat' dir='ltr'>inimiciffimo,</span> 
     </span>
     <span class='ocr_line' id='line_1_26' title="bbox 370 1892 1768 1952; baseline -0.008 -13"><span class='ocrx_word' id='word_1_225' title='bbox 370 1903 409 1939; x_wconf 89' lang='lat' dir='ltr'>in</span> <span class='ocrx_word' id='word_1_226' title='bbox 431 1913 572 1952; x_wconf 88' lang='lat' dir='ltr'>campo</span> <span class='ocrx_word' id='word_1_227' title='bbox 592 1898 722 1936; x_wconf 79' lang='lat' dir='ltr'>statim</span> <span class='ocrx_word' id='word_1_228' title='bbox 743 1896 859 1934; x_wconf 88' lang='lat' dir='ltr'>rediit</span> <span class='ocrx_word' id='word_1_229' title='bbox 879 1895 920 1933; x_wconf 91' lang='lat' dir='ltr'>in</span> <span class='ocrx_word' id='word_1_230' title='bbox 942 1895 1107 1948; x_wconf 80' lang='lat' dir='ltr'>gratiam</span> <span class='ocrx_word' id='word_1_231' title='bbox 1122 1922 1133 1938; x_wconf 92' lang='lat'><em>‚</em></span> <span class='ocrx_word' id='word_1_232' title='bbox 1166 1901 1210 1930; x_wconf 88' lang='lat' dir='ltr'>ut</span> <span class='ocrx_word' id='word_1_233' title='bbox 1237 1905 1452 1930; x_wconf 88' lang='lat' dir='ltr'>commune</span> <span class='ocrx_word' id='word_1_234' title='bbox 1472 1892 1652 1930; x_wconf 88' lang='lat' dir='ltr'>officium</span> <span class='ocrx_word' id='word_1_235' title='bbox 1673 1905 1768 1930; x_wconf 90' lang='lat' dir='ltr'>cen-</span> 
     </span>
     <span class='ocr_line' id='line_1_27' title="bbox 371 1957 1770 2011; baseline -0.008 -5"><span class='ocrx_word' id='word_1_236' title='bbox 371 1968 463 2006; x_wconf 63' lang='lat' dir='ltr'>sura:</span> <span class='ocrx_word' id='word_1_237' title='bbox 495 1964 702 2003; x_wconf 86' lang='lat' dir='ltr'>communi</span> <span class='ocrx_word' id='word_1_238' title='bbox 734 1964 867 2001; x_wconf 89' lang='lat' dir='ltr'>animo</span> <span class='ocrx_word' id='word_1_239' title='bbox 898 1975 941 1999; x_wconf 89' lang='lat' dir='ltr'>ac</span> <span class='ocrx_word' id='word_1_240' title='bbox 975 1961 1176 1999; x_wconf 84' lang='lat' dir='ltr'>voluntate</span> <span class='ocrx_word' id='word_1_241' title='bbox 1209 1957 1494 1997; x_wconf 88' lang='lat' dir='ltr'>defenderent?</span> <span class='ocrx_word' id='word_1_242' title='bbox 1531 1960 1692 2011; x_wconf 89' lang='lat' dir='ltr'>Atque,</span> <span class='ocrx_word' id='word_1_243' title='bbox 1725 1967 1770 1997; x_wconf 86' lang='lat' dir='ltr'>ut</span> 
     </span>
     <span class='ocr_line' id='line_1_28' title="bbox 370 2023 1769 2084; baseline -0.007 -12"><span class='ocrx_word' id='word_1_244' title='bbox 370 2043 522 2077; x_wconf 79' lang='lat' dir='ltr'>vetera,</span> <span class='ocrx_word' id='word_1_245' title='bbox 555 2046 641 2084; x_wconf 86' lang='lat' dir='ltr'>quae</span> <span class='ocrx_word' id='word_1_246' title='bbox 673 2030 762 2068; x_wconf 91' lang='lat' dir='ltr'>sunt</span> <span class='ocrx_word' id='word_1_247' title='bbox 795 2027 1124 2071; x_wconf 84' lang='lat' dir='ltr'>innumerabilia,</span> <span class='ocrx_word' id='word_1_248' title='bbox 1158 2026 1342 2071; x_wconf 79' lang='lat' dir='ltr'>mittam3</span> <span class='ocrx_word' id='word_1_249' title='bbox 1378 2034 1468 2064; x_wconf 90' lang='lat' dir='ltr'>tuus</span> <span class='ocrx_word' id='word_1_250' title='bbox 1502 2034 1636 2077; x_wconf 88' lang='lat' dir='ltr'>pater,</span> <span class='ocrx_word' id='word_1_251' title='bbox 1669 2023 1769 2063; x_wconf 90' lang='lat' dir='ltr'>Phi-</span> 
     </span>
     <span class='ocr_line' id='line_1_29' title="bbox 372 2091 1772 2153; baseline -0.006 -15"><span class='ocrx_word' id='word_1_252' title='bbox 372 2102 504 2153; x_wconf 81' lang='lat' dir='ltr'>lippe,</span> <span class='ocrx_word' id='word_1_253' title='bbox 537 2111 667 2136; x_wconf 89' lang='lat' dir='ltr'>nonne</span> <span class='ocrx_word' id='word_1_254' title='bbox 695 2110 775 2134; x_wconf 90' lang='lat' dir='ltr'>uno</span> <span class='ocrx_word' id='word_1_255' title='bbox 804 2105 978 2147; x_wconf 86' lang='lat' dir='ltr'>tempore</span> <span class='ocrx_word' id='word_1_256' title='bbox 1006 2104 1098 2132; x_wconf 87' lang='lat' dir='ltr'>cum</span> <span class='ocrx_word' id='word_1_257' title='bbox 1128 2092 1204 2130; x_wconf 83' lang='lat' dir='ltr'>suis</span> <span class='ocrx_word' id='word_1_258' title='bbox 1232 2092 1511 2130; x_wconf 85' lang='lat' dir='ltr'>inimiciffimis</span> <span class='ocrx_word' id='word_1_259' title='bbox 1539 2091 1580 2130; x_wconf 90' lang='lat' dir='ltr'>in</span> <span class='ocrx_word' id='word_1_260' title='bbox 1606 2092 1772 2144; x_wconf 82' lang='lat' dir='ltr'>gratiam</span> 
     </span>
     <span class='ocr_line' id='line_1_30' title="bbox 371 2157 1770 2217; baseline -0.006 -13"><span class='ocrx_word' id='word_1_261' title='bbox 371 2167 518 2204; x_wconf 81' lang='lat' dir='ltr'>rediit?</span> <span class='ocrx_word' id='word_1_262' title='bbox 551 2164 696 2217; x_wconf 83' lang='lat' dir='ltr'>quibus</span> <span class='ocrx_word' id='word_1_263' title='bbox 729 2176 820 2200; x_wconf 79' lang='lat' dir='ltr'>eum</span> <span class='ocrx_word' id='word_1_264' title='bbox 853 2160 1040 2199; x_wconf 85' lang='lat' dir='ltr'>omnibus</span> <span class='ocrx_word' id='word_1_265' title='bbox 1073 2158 1207 2198; x_wconf 85' lang='lat' dir='ltr'>eadem</span> <span class='ocrx_word' id='word_1_266' title='bbox 1236 2159 1456 2212; x_wconf 87' lang='lat' dir='ltr'>respublica</span> <span class='ocrx_word' id='word_1_267' title='bbox 1483 2157 1770 2204; x_wconf 84' lang='lat' dir='ltr'>reconciliavit,</span> 
     </span>
     <span class='ocr_line' id='line_1_31' title="bbox 370 2232 674 2286; baseline -0.02 -14"><span class='ocrx_word' id='word_1_268' title='bbox 370 2248 456 2286; x_wconf 79' lang='lat' dir='ltr'>quae</span> <span class='ocrx_word' id='word_1_269' title='bbox 478 2232 674 2269; x_wconf 82' lang='lat' dir='ltr'>alienarat.</span> 
     </span>
    </p>

    <p class='ocr_par' dir='ltr' id='par_1_5' title="bbox 370 2290 1772 2546">
     <span class='ocr_line' id='line_1_32' title="bbox 427 2290 1770 2349; baseline -0.006 -13"><span class='ocrx_word' id='word_1_270' title='bbox 427 2298 562 2336; x_wconf 86' lang='lat' dir='ltr'>Multa</span> <span class='ocrx_word' id='word_1_271' title='bbox 590 2304 774 2349; x_wconf 80' lang='lat' dir='ltr'>praeterco</span> <span class='ocrx_word' id='word_1_272' title='bbox 789 2324 800 2339; x_wconf 94' lang='lat'>,</span> <span class='ocrx_word' id='word_1_273' title='bbox 832 2293 939 2346; x_wconf 89' lang='lat' dir='ltr'>quod</span> <span class='ocrx_word' id='word_1_274' title='bbox 959 2293 1116 2330; x_wconf 85' lang='lat' dir='ltr'>intueor</span> <span class='ocrx_word' id='word_1_275' title='bbox 1137 2305 1267 2330; x_wconf 82' lang='lat' dir='ltr'>coram</span> <span class='ocrx_word' id='word_1_276' title='bbox 1290 2290 1373 2330; x_wconf 77' lang='lat' dir='ltr'>haec</span> <span class='ocrx_word' id='word_1_277' title='bbox 1395 2290 1547 2330; x_wconf 87' lang='lat' dir='ltr'>lumina</span> <span class='ocrx_word' id='word_1_278' title='bbox 1566 2299 1684 2343; x_wconf 85' lang='lat' dir='ltr'>atque</span> <span class='ocrx_word' id='word_1_279' title='bbox 1704 2304 1770 2329; x_wconf 92' lang='lat' dir='ltr'>or-</span> 
     </span>
     <span class='ocr_line' id='line_1_33' title="bbox 374 2358 1772 2416; baseline -0.006 -12"><span class='ocrx_word' id='word_1_280' title='bbox 374 2374 555 2404; x_wconf 84' lang='lat' dir='ltr'>namenta</span> <span class='ocrx_word' id='word_1_281' title='bbox 588 2362 831 2416; x_wconf 84' lang='lat' dir='ltr'>reipublicae,</span> <span class='ocrx_word' id='word_1_282' title='bbox 865 2361 910 2399; x_wconf 90' lang='lat' dir='ltr'>P.</span> <span class='ocrx_word' id='word_1_283' title='bbox 936 2359 1145 2397; x_wconf 87' lang='lat' dir='ltr'>Servilium</span> <span class='ocrx_word' id='word_1_284' title='bbox 1178 2367 1216 2396; x_wconf 86' lang='lat' dir='ltr'>et</span> <span class='ocrx_word' id='word_1_285' title='bbox 1249 2359 1312 2397; x_wconf 81' lang='lat' dir='ltr'>M.</span> <span class='ocrx_word' id='word_1_286' title='bbox 1339 2358 1585 2397; x_wconf 87' lang='lat' dir='ltr'>Lucullum:</span> <span class='ocrx_word' id='word_1_287' title='bbox 1620 2359 1772 2396; x_wconf 87' lang='lat' dir='ltr'>utinam</span> 
     </span>
     <span class='ocr_line' id='line_1_34' title="bbox 371 2424 1770 2477; baseline -0.007 -6"><span class='ocrx_word' id='word_1_288' title='bbox 371 2434 490 2471; x_wconf 76' lang='lat' dir='ltr'>etiam</span> <span class='ocrx_word' id='word_1_289' title='bbox 519 2432 567 2470; x_wconf 90' lang='lat' dir='ltr'>L.</span> <span class='ocrx_word' id='word_1_290' title='bbox 593 2429 787 2468; x_wconf 82' lang='lat' dir='ltr'>Lucullus</span> <span class='ocrx_word' id='word_1_291' title='bbox 816 2426 884 2465; x_wconf 92' lang='lat' dir='ltr'>ille</span> <span class='ocrx_word' id='word_1_292' title='bbox 911 2426 1083 2465; x_wconf 80' lang='lat' dir='ltr'>viveret!</span> <span class='ocrx_word' id='word_1_293' title='bbox 1112 2426 1218 2477; x_wconf 71' lang='lat' dir='ltr'>,Qse</span> <span class='ocrx_word' id='word_1_294' title='bbox 1249 2424 1411 2463; x_wconf 87' lang='lat' dir='ltr'>fuerunt</span> <span class='ocrx_word' id='word_1_295' title='bbox 1439 2425 1661 2464; x_wconf 86' lang='lat' dir='ltr'>inimicitiae</span> <span class='ocrx_word' id='word_1_296' title='bbox 1680 2437 1770 2476; x_wconf 86' lang='lat' dir='ltr'>gra-</span> 
     </span>
     <span class='ocr_line' id='line_1_35' title="bbox 370 2492 1771 2546; baseline -0.008 -8"><span class='ocrx_word' id='word_1_297' title='bbox 370 2501 496 2538; x_wconf 66' lang='lat' dir='ltr'>viores</span> <span class='ocrx_word' id='word_1_298' title='bbox 519 2499 558 2536; x_wconf 87' lang='lat' dir='ltr'>in</span> <span class='ocrx_word' id='word_1_299' title='bbox 580 2498 753 2541; x_wconf 81' lang='lat' dir='ltr'>civitate,</span> <span class='ocrx_word' id='word_1_300' title='bbox 786 2507 904 2546; x_wconf 83' lang='lat' dir='ltr'>quam</span> <span class='ocrx_word' id='word_1_301' title='bbox 928 2492 1192 2532; x_wconf 83' lang='lat' dir='ltr'>Lucullorum</span> <span class='ocrx_word' id='word_1_302' title='bbox 1214 2500 1331 2545; x_wconf 86' lang='lat' dir='ltr'>atque</span> <span class='ocrx_word' id='word_1_303' title='bbox 1357 2492 1611 2531; x_wconf 85' lang='lat' dir='ltr'>Serviliorum</span> <span class='ocrx_word' id='word_1_304' title='bbox 1631 2492 1643 2528; x_wconf 88' lang='lat'>?</span> <span class='ocrx_word' id='word_1_305' title='bbox 1675 2503 1771 2543; x_wconf 75' lang='lat' dir='ltr'>quas</span> 
     </span>
    </p>
   </div>
  </div>
 </body>
</html>
