2076 2860
705 160 1279 200 PHILIPPICA
1358 159 1430 198 VI.
1685 176 1761 216 373

368 263 537 302 Antonii
559 264 801 316 provinciam
819 262 1039 315 judicass‘et,
1064 264 1236 316 legiones
1260 263 1440 302 Antonio
1460 273 1498 302 et
1519 264 1763 317 provinciam

368 331 517 368 tradere
537 331 550 368 ?
582 330 748 367 domum
771 330 893 367 redire
913 331 924 367 ?
959 329 1202 382 triumphare
1222 331 1234 367 ?
1267 330 1419 383 primus
1450 330 1490 368 in
1512 330 1589 370 hoc
1610 331 1761 378 ordine,

369 396 497 448 quoad
532 396 802 449 magistratum
838 397 980 441 iniret,
1013 396 1246 434 sententiam
1278 397 1437 436 dicere?
1481 398 1578 451 quid
1613 399 1763 451 negotii

366 462 479 502 fuit?
524 463 611 509 Sed,
643 477 736 502 cum
764 464 800 502 se
828 465 998 502 Brutum
1023 464 1095 502 effe
1115 464 1367 509 memIniffet,
1399 465 1607 519 vestraeque
1640 467 1762 505 liber-

369 530 441 567 tati
463 539 615 575 natum,
647 544 726 568 non
757 532 839 568 otio
869 531 965 576 suo;
998 530 1096 583 quid
1128 531 1209 583 egit
1236 531 1357 576 aliud,
1391 532 1460 570 nifi
1489 542 1532 570 ut
1553 547 1652 585 pene
1673 547 1762 572 cor-

368 609 463 648 pore
485 596 552 634 suo
574 596 706 634 Gallia
726 596 953 649 prohiberet
974 597 1200 635 Antonium
1220 598 1232 635 ?
1265 597 1330 635 Ad
1355 596 1464 636 hunc
1492 607 1627 638 utrum
1649 600 1762 652 lega-

362 670 444 707 108,
467 676 515 700 an
535 663 724 715 legiones,
747 664 801 700 ire
822 664 1053 716 oportebat?
1078 663 1151 701 Sed
1172 664 1365 716 praeterita
1384 665 1630 704 omittamus.
1664 667 1762 705 Pro-

368 738 506 781 perent
537 729 671 781 legati,
704 729 810 781 quod
842 730 955 767 video
987 729 1059 768 effe
1090 728 1287 768 facturos:
1320 743 1388 768 vos
1416 730 1502 782 saga
1521 740 1677 783 parate:
1710 733 1764 772 est

366 794 477 832 enim
510 795 563 832 ita
595 794 812 839 decretum,
845 804 903 840 ut,
936 795 962 832 fi
994 795 1063 832 ille
1095 794 1317 832 auctoritati
1338 794 1490 833 senatus
1512 810 1591 834 non
1612 799 1762 850 paruis-

367 859 438 905 set,
470 859 517 897 ad
538 860 624 913 saga
642 861 779 898 iretur.
826 861 956 899 Ibitur
975 876 983 899 :
1017 874 1095 898 non
1118 861 1270 914 parebit
1289 876 1297 899 :
1332 874 1401 899 nos
1424 862 1577 901 amissos
1600 873 1659 901 tot
1680 864 1761 903 dies

367 926 423 964 rei
443 927 620 978 gerendae
642 940 866 979 queremur.

424 993 497 1030 IV.
531 993 626 1031 Non
648 1002 798 1038 metuo,
832 994 1024 1046 Qirites,
1057 1008 1119 1039 ne,
1149 1008 1243 1032 cum
1264 995 1430 1034 audierit
1452 997 1667 1042 Antonius,
1700 1012 1763 1036 me

364 1056 444 1096 hoc
464 1055 660 1097 in'senatu
680 1068 719 1097 et
739 1060 780 1097 in
801 1061 994 1098 concione
1018 1060 1275 1106 confirmasse,
1308 1076 1513 1114 nunquam
1545 1063 1663 1102 illum
1695 1064 1761 1102 fu-

365 1132 503 1162 turum
524 1124 564 1162 in
586 1124 737 1163 senatus
759 1125 960 1178 potestate,
992 1125 1199 1164 refellendi
1229 1127 1308 1164 mei
1340 1130 1463 1173 causa,
1497 1138 1539 1166 ut
1566 1143 1638 1182 ego
1660 1130 1763 1169 nihil

365 1190 499 1228 vidiffe
520 1190 663 1236 videar,
686 1201 810 1229 vertat
831 1191 881 1236 se,
914 1192 1062 1230 senatui
1083 1202 1227 1245 pareat.
1261 1194 1483 1247 Nunquam
1503 1194 1621 1234 faciet
1641 1212 1648 1234 :
1682 1211 1762 1235 non

366 1256 561 1294 invidebit
582 1256 677 1295 huic
699 1272 793 1295 mere
813 1258 970 1310 gloriae:
996 1259 1130 1304 malet,
1149 1273 1211 1297 me
1234 1259 1447 1312 sapientem
1463 1275 1483 1298 a
1499 1262 1625 1308 vobis,
1644 1277 1763 1315 quam

367 1322 404 1360 se
427 1323 661 1368 modestum,
685 1323 910 1362 existimari.
936 1324 1073 1376 Qid?
1097 1325 1176 1377 ipse
1193 1325 1219 1362 fi
1236 1326 1345 1371 velit,
1364 1341 1461 1365 num
1478 1328 1597 1366 etiam
1615 1330 1662 1368 L.
1682 1330 1761 1368 fra-

368 1397 470 1427 trem
491 1389 687 1442 paffurum
709 1390 968 1428 arbitramur?
993 1391 1134 1443 Nuper
1150 1390 1312 1442 quidem
1329 1392 1476 1431 dicitur
1491 1395 1537 1432 ad
1555 1396 1700 1441 Tibur,
1720 1407 1763 1435 ut

367 1455 523 1508 opinor,
555 1469 648 1493 cum
676 1457 710 1494 ei
744 1456 870 1494 labare
902 1457 964 1495 M.
990 1457 1189 1494 Antonius
1218 1457 1428 1504 videretur,
1460 1471 1630 1499 mortem
1651 1462 1761 1502 fratri

366 1522 440 1560 effe
461 1522 682 1561 minitatus.
728 1524 913 1561 Etiamne
945 1523 992 1560 ab
1025 1522 1102 1561 hoc
1134 1524 1379 1562 mirmillone
1411 1527 1583 1565 Afiatico
1610 1529 1762 1568 senatus

366 1587 561 1632 mandata,
594 1588 814 1639 legatorum
835 1589 964 1633 verba,
987 1589 1221 1626 audientur?
1255 1603 1325 1627 nec
1347 1591 1453 1628 enim
1476 1591 1620 1630 secerni
1642 1608 1661 1631 a
1681 1594 1760 1632 fra-

367 1662 425 1691 tre
455 1653 614 1706 poterit,
648 1664 753 1691 tanta
774 1654 986 1706 praesertim
1008 1655 1249 1693 auctoritate.
1296 1656 1402 1693 Nam
1435 1656 1503 1694 hic
1536 1659 1638 1696 inter
1670 1660 1759 1699 illos

366 1718 579 1757 Africanus
597 1719 670 1757 est:
696 1720 819 1772 pluris
841 1719 1022 1765 habetur,
1041 1734 1160 1773 quam
1183 1721 1481 1768 L.Trebellius,
1499 1723 1624 1775 pluris
1642 1739 1761 1777 quam

368 1786 422 1823 T.
443 1785 627 1830 Plancus,
645 1785 865 1824 adolescens
888 1786 1048 1824 nobilis.
1075 1786 1281 1831 Plancum,
1305 1788 1374 1838 qui
1395 1789 1582 1827 omnibus
1604 1791 1759 1829 senten-

365 1851 432 1888 tiis
449 1851 624 1888 maximo
639 1851 760 1888 vestro
776 1851 913 1904 plausu
929 1851 1229 1898 condemnatus,
1249 1852 1377 1891 nescio
1393 1855 1594 1905 quomodo
1611 1856 1647 1894 se
1663 1871 1760 1896 con-

362 1917 461 1969 jecit
480 1917 522 1954 in
544 1917 715 1962 turbam,
747 1927 863 1970 atque
884 1919 937 1955 ita
957 1918 1118 1956 moestus
1139 1918 1270 1963 rediit,
1303 1929 1347 1957 ut
1369 1922 1569 1967 retraffims,
1597 1937 1675 1961 non
1699 1939 1759 1962 re-

367 1983 512 2029 versus,
540 1983 764 2029 videretur;
803 1985 852 2022 fic
881 1985 1118 2030 contemnit,
1150 1995 1337 2037 tanquam
1360 1987 1385 2024 fi
1413 1987 1473 2024 illi
1495 2002 1592 2040 aqua
1612 2000 1650 2028 et
1676 1992 1761 2044 igni

366 2047 623 2088 interdictum
651 2049 694 2086 sit
714 2064 722 2086 :
755 2049 966 2101 aliquando
987 2060 1100 2101 negat
1122 2051 1157 2088 ei
1178 2051 1313 2089 locum
1335 2052 1407 2090 effe
1427 2063 1605 2105 oportere
1625 2056 1665 2093 in
1687 2071 1758 2094 cu-

368 2114 438 2159 ria,
470 2115 539 2166 qui
570 2115 787 2152 incenderit
817 2116 980 2153 curiam.
1030 2116 1136 2154 Nam
1161 2117 1414 2156 Trebellium
1435 2119 1545 2158 valde
1559 2122 1643 2173 jam
1665 2122 1759 2160 dili-

367 2179 449 2232 git:
482 2178 614 2216 oderat
636 2188 737 2224 tum,
769 2193 860 2217 cum
883 2180 950 2218 ille
972 2180 1116 2219 tabulis
1138 2183 1248 2220 novis
1270 2182 1560 2224 adversabatur:
1579 2188 1663 2238 jam
1684 2187 1760 2227 fert

367 2245 408 2282 in
431 2244 572 2289 oculis,
608 2244 814 2298 postquam
839 2246 968 2299 ipsum
990 2248 1241 2287 Trebellium
1263 2250 1362 2288 vidit
1382 2250 1460 2288 fine
1482 2252 1625 2291 tabulis
1648 2255 1758 2293 novis

368 2310 517 2350 salvum
547 2310 619 2348 effe
647 2324 725 2348 non
758 2311 875 2363 posse.
917 2313 1077 2351 Audisse
1108 2315 1216 2352 enim
1248 2329 1316 2354 vos
1348 2316 1529 2364 arbitror,
1564 2320 1757 2371 Qirstcs,

367 2376 474 2428 quod
501 2378 620 2415 etiam
649 2376 777 2415 videre
809 2379 1006 2430 potuistis,
1039 2381 1217 2432 quotidie
1247 2381 1446 2434 sponsores
1478 2394 1516 2422 et
1548 2386 1757 2424 creditores

365 2444 417 2484 L.
442 2443 636 2482 Trebellii
669 2445 891 2484 convenire.
940 2446 977 2482 O
1010 2445 1105 2485 fides
1141 2445 1235 2500 (hoc
1259 2448 1367 2487 enim
1387 2458 1486 2501 puto
1507 2451 1757 2492 Trebellium
