2076 2860
628 125 1202 166 PHILIPPICA
1279 124 1374 162 XII.
1618 136 1697 176 439

307 233 460 286 populi,
493 242 531 270 et
552 231 597 269 de
620 232 708 283 jure
738 230 924 274 civitatis,
955 230 1060 280 leges
1091 228 1193 265 inter
1223 226 1274 271 se,
1307 225 1569 270 conditiones,
1601 238 1699 263 con-

307 300 500 337 tulerunt.
545 298 641 336 Non
672 297 801 334 tenuit
830 296 996 333 omnino
1026 294 1275 345 colloquium
1305 292 1406 330 illud
1436 291 1583 330 fidem:
1617 305 1637 329 a
1664 293 1702 329 vi

309 374 440 403 tamen
462 364 718 417 periculoque
740 361 882 400 abfuit.

364 431 461 469 XII.
486 429 740 467 Possumusne
757 428 880 480 igitur
900 427 941 464 in
958 425 1127 464 Antonii
1148 425 1356 463 latrocinio
1378 438 1485 477 aeque
1507 423 1578 461 effe
1600 423 1702 461 tuti?

310 510 389 535 non
411 495 634 549 possumus:
659 504 738 540 aut,
762 495 788 532 fi
810 494 938 532 caeteri
960 492 1130 545 poss'unt,
1154 506 1217 530 me
1238 489 1340 544 poss'e
1363 490 1514 528 diffido.
1539 489 1659 541 Qod
1676 488 1702 526 fi

310 576 391 600 non
412 571 520 600 extra
540 561 659 600 eastra
678 560 1008 612 congrediemur3
1041 572 1127 610 quae
1156 557 1202 595 ad
1230 557 1479 609 colloquium
1501 556 1620 594 castra
1640 554 1704 592 su-

310 637 470 666 mentur
489 629 501 665 ?
535 629 575 665 in
604 626 731 664 nostra
757 626 824 664 ille
852 638 1057 677 nunquam
1077 625 1207 662 veniet
1226 638 1234 661 :
1267 623 1397 660 multo
1418 623 1550 660 minus
1573 634 1643 658 nos
1665 620 1707 657 in

313 694 436 732 illius.
471 693 692 746 Reliquum
712 691 779 737 est,
812 700 857 729 ut
877 700 915 729 et
935 690 1193 743 accipiantur,
1216 698 1253 726 et
1274 688 1540 732 remittantur,
1572 686 1706 739 postu—

314 759 391 797 lata
410 773 479 812 per
498 759 644 796 literas.
689 758 797 809 Ergo
817 757 963 795 erimus
985 756 1026 793 in
1047 754 1191 793 castris.
1236 754 1332 791 Mea
1350 753 1397 790 ad
1417 753 1552 790 omnia
1571 751 1706 804 postu—

314 825 391 863 lata
412 837 487 862 una
508 824 725 862 sententia:
758 835 878 875 quam
899 835 992 859 cum
1012 820 1094 865 hic,
1126 819 1238 858 vobis
1258 818 1525 862 audientibus,
1557 817 1707 861 dixero,

314 890 380 930 iffe
400 899 439 929 et
461 889 594 928 redisse
615 903 678 927 me
707 897 913 942 putatote:
946 887 1185 940 legationem
1214 883 1436 923 confecero.
1485 884 1635 922 Omnia
1662 882 1710 921 ad

314 955 490 994 senatum
513 969 599 993 mea
619 954 809 992 sententia
836 954 1026 1006 rejiciam,
1058 965 1304 1006 quaecunque
1334 950 1547 1003 postulabit
1577 950 1709 987 Anto-

314 1022 419 1060 nius.
467 1022 611 1074 Neque
640 1021 748 1058 enim
778 1020 873 1058 licet
896 1020 1024 1064 aliter,
1055 1032 1183 1071 neque
1203 1017 1432 1071 permissum
1452 1017 1505 1054 est
1526 1016 1641 1054 nobis
1662 1015 1710 1052 ab

314 1087 393 1126 hoc
414 1087 566 1132 ordine,
598 1095 657 1132 ut,
688 1085 804 1124 bellis
832 1084 1039 1130 confectis,
1071 1084 1208 1122 decern
1235 1084 1373 1136 legatis
1406 1081 1584 1135 permitti
1617 1081 1714 1119 solet

315 1166 426 1191 more
455 1153 679 1204 majorum:
712 1164 839 1203 neque
869 1150 951 1188 ulla
979 1149 1144 1188 omnino
1174 1162 1195 1186 a
1224 1148 1357 1187 senatu
1387 1147 1569 1185 mandata
1598 1159 1711 1184 acce-

317 1219 465 1272 pimus.
499 1219 598 1269 Qae
619 1230 712 1255 cum
733 1230 845 1268 agam
866 1216 907 1253 in
928 1215 1105 1260 consilio,
1137 1215 1358 1259 nonnullis,
1384 1223 1427 1251 ut
1446 1213 1627 1257 arbitror,
1651 1226 1711 1250 re-

318 1283 620 1338 pugnantibus;
657 1295 789 1320 nonne
823 1281 1084 1319 metuendum
1119 1281 1198 1325 est,
1235 1294 1283 1318 ne
1317 1281 1502 1333 imperita
1534 1279 1715 1318 militum

320 1350 540 1390 multitudo
561 1363 629 1402 per
649 1362 712 1387 me
733 1362 871 1401 pacem
892 1347 1066 1385 distineri
1086 1347 1231 1400 putet?

377 1417 526 1461 Facite,
558 1414 635 1454 hoc
671 1429 807 1453 meum
841 1414 1050 1453 confilium
1084 1413 1259 1466 legiones
1295 1426 1412 1451 novas
1446 1426 1526 1450 non
1560 1413 1714 1464 impro-

319 1484 434 1522 bare:
469 1496 559 1520 nam
581 1482 786 1527 Martiam,
809 1491 847 1519 et
869 1490 1062 1534 quartam,
1093 1479 1196 1517 nihil
1218 1479 1401 1532 cogitetis
1423 1488 1560 1532 praeter
1580 1478 1714 1530 digni·

322 1559 444 1589 tatem
465 1558 503 1587 et
524 1548 641 1586 decus
663 1548 984 1601 comprobaturas
1006 1546 1077 1584 effe
1096 1561 1104 1585 :
1138 1555 1242 1584 certe
1267 1545 1360 1583 scio.
1393 1545 1503 1596 Qid
1522 1546 1536 1582 ?
1567 1552 1716 1582 vetera—

325 1628 396 1654 nos
418 1628 498 1652 non
518 1627 697 1652 veremur
716 1615 728 1652 ?
762 1627 852 1651 nam
874 1612 1007 1651 timeri
1035 1611 1071 1650 se
1092 1625 1139 1649 ne
1159 1611 1228 1664 ipfi
1257 1610 1419 1663 quidem
1446 1610 1600 1648 volunt.
1644 1608 1718 1646 Sed

324 1694 500 1735 quonam
522 1680 641 1718 modo
661 1680 856 1732 accipient
878 1679 1120 1716 severitatem
1142 1691 1270 1715 meam
1290 1678 1302 1714 ?
1334 1676 1469 1714 Multa
1488 1676 1597 1714 enim
1625 1674 1720 1713 falsa

323 1746 372 1785 de
393 1760 456 1785 me
476 1746 683 1784 audierunt
703 1761 711 1784 :
744 1745 872 1783 multa
891 1745 937 1781 ad
964 1756 1028 1781 eos
1050 1743 1224 1796 improbi
1245 1742 1485 1779 detulerunt.
1530 1742 1717 1792 Qorum

326 1812 552 1858 commoda,
584 1821 628 1851 ut
663 1825 731 1850 vos
766 1811 910 1864 optimi
945 1809 1056 1848 testes
1091 1808 1193 1853 estis,
1226 1808 1376 1861 semper
1406 1821 1479 1860 ego
1514 1806 1721 1851 sententia,

327 1880 570 1924 auctoritate,
602 1878 777 1916 oratione
809 1877 989 1915 firmavi:
1023 1875 1085 1913 sed
1117 1874 1283 1912 credunt
1314 1873 1522 1927 improbis,
1554 1872 1722 1910 credunt

326 1945 584 1990 turbulentis,
616 1944 781 1982 credunt
803 1943 895 1981 suis.
934 1943 1032 1980 Sunt
1053 1951 1184 1979 autem
1206 1939 1326 1979 fortes
1347 1941 1410 1978 illi
1431 1939 1608 1992 quidem,
1640 1938 1720 1984 sed,

327 2020 487 2063 propter
507 2010 741 2049 memoriam
763 2023 907 2053 rerum,
940 2021 1035 2059 quas
1056 2007 1250 2059 gefferunt
1280 2020 1350 2059 pro
1377 2005 1516 2058 populi
1549 2005 1722 2043 Romani

329 2074 510 2114 libertate
539 2085 577 2113 et
607 2075 727 2112 salute
757 2073 999 2127 reipublicae,
1032 2072 1150 2110 nimis
1181 2071 1343 2116 feroces,
1375 2080 1414 2109 et
1443 2071 1490 2108 ad
1511 2071 1617 2108 suam
1638 2070 1720 2107 vim

329 2142 465 2179 omnia
498 2141 624 2179 nostra
657 2140 817 2178 consilia
851 2147 1089 2178 revocantes.
1137 2138 1297 2176 Horum
1331 2151 1404 2190 ego
1438 2137 1723 2189 cogitationem

331 2220 412 2246 non
432 2221 564 2245 vereor
582 2222 590 2244 :
624 2207 820 2258 impetum
841 2204 1088 2258 pertimesco,

389 2273 488 2310 Haec
511 2285 668 2325 quoque
699 2272 873 2325 pericula
901 2280 1007 2310 tanta
1037 2271 1061 2309 fi
1083 2270 1271 2323 effngero,
1305 2269 1440 2308 satisne
1461 2278 1594 2307 tutum
1616 2266 1720 2306 redi-

334 2349 423 2378 tum
455 2339 601 2391 putatis
634 2337 716 2376 fore
735 2340 748 2376 ?
782 2340 888 2377 Cum
909 2339 1016 2376 enim
1036 2346 1074 2376 et
1103 2337 1223 2376 vestra
1243 2337 1469 2375 auetoritate
1490 2344 1528 2373 et
1550 2347 1639 2372 meo
1660 2346 1723 2370 me

334 2419 444 2444 more
478 2404 709 2451 defendero,
740 2413 779 2444 et
811 2418 940 2444 meam
974 2403 1093 2443 fidem
1127 2403 1354 2456 reipublicae
1388 2401 1723 2451 constantiamque
