<?xml version="1.0" encoding="UTF-8"?>
<!DOCTYPE html PUBLIC "-//W3C//DTD XHTML 1.0 Transitional//EN"
    "http://www.w3.org/TR/xhtml1/DTD/xhtml1-transitional.dtd">
<html xmlns="http://www.w3.org/1999/xhtml" xml:lang="en" lang="en">
 <head>
  <title>
</title>
<meta http-equiv="Content-Type" content="text/html;charset=utf-8" />
  <meta name='ocr-system' content='tesseract 3.04.00' />
  <meta name='ocr-capabilities' content='ocr_page ocr_carea ocr_par ocr_line ocrx_word'/>
</head>
<body>
  <div class='ocr_page' id='page_1' title='image "./operacumindicibu06ciceuoft_0308.png"; bbox 0 0 2076 2860; ppageno 0'>
   <div class='ocr_carea' id='block_1_1' title="bbox 409 211 1457 267">
    <p class='ocr_par' dir='ltr' id='par_1_1' title="bbox 409 211 1457 267">
     <span class='ocr_line' id='line_1_1' title="bbox 409 211 1457 267; baseline -0.003 -14"><span class='ocrx_word' id='word_1_1' title='bbox 409 214 483 267; x_wconf 76' lang='lat'>298</span> <span class='ocrx_word' id='word_1_2' title='bbox 761 212 838 250; x_wconf 85' lang='lat' dir='ltr'>IN</span> <span class='ocrx_word' id='word_1_3' title='bbox 897 211 967 249; x_wconf 87' lang='lat' dir='ltr'>M.</span> <span class='ocrx_word' id='word_1_4' title='bbox 1029 211 1457 250; x_wconf 85' lang='lat' dir='ltr'><strong>ANTONIUM</strong></span> 
     </span>
    </p>
   </div>
   <div class='ocr_carea' id='block_1_2' title="bbox 401 312 1807 2551">
    <p class='ocr_par' dir='ltr' id='par_1_2' title="bbox 403 312 1806 565">
     <span class='ocr_line' id='line_1_2' title="bbox 404 312 1806 367; baseline 0 -15"><span class='ocrx_word' id='word_1_5' title='bbox 404 313 568 352; x_wconf 83' lang='lat' dir='ltr'>Caesaris</span> <span class='ocrx_word' id='word_1_6' title='bbox 590 312 871 364; x_wconf 63' lang='lat' dir='ltr'>conjunctione</span> <span class='ocrx_word' id='word_1_7' title='bbox 887 325 1103 351; x_wconf 81' lang='lat' dir='ltr'>avocarem.</span> <span class='ocrx_word' id='word_1_8' title='bbox 1128 314 1174 351; x_wconf 88' lang='lat' dir='ltr'>In</span> <span class='ocrx_word' id='word_1_9' title='bbox 1193 326 1272 366; x_wconf 90' lang='lat' dir='ltr'>quo</span> <span class='ocrx_word' id='word_1_10' title='bbox 1291 313 1416 351; x_wconf 73' lang='lat' dir='ltr'>Caesar</span> <span class='ocrx_word' id='word_1_11' title='bbox 1430 312 1511 352; x_wconf 88' lang='lat' dir='ltr'>fuit</span> <span class='ocrx_word' id='word_1_12' title='bbox 1526 312 1704 353; x_wconf 87' lang='lat' dir='ltr'>felicior:</span> <span class='ocrx_word' id='word_1_13' title='bbox 1728 313 1806 367; x_wconf 86' lang='lat' dir='ltr'>ipse</span> 
     </span>
     <span class='ocr_line' id='line_1_3' title="bbox 403 377 1805 432; baseline 0.001 -14"><span class='ocrx_word' id='word_1_14' title='bbox 403 381 512 418; x_wconf 84' lang='lat' dir='ltr'>enim</span> <span class='ocrx_word' id='word_1_15' title='bbox 546 379 783 431; x_wconf 84' lang='lat' dir='ltr'>Pompeium</span> <span class='ocrx_word' id='word_1_16' title='bbox 815 391 836 415; x_wconf 92' lang='lat' dir='ltr'>a</span> <span class='ocrx_word' id='word_1_17' title='bbox 868 391 954 416; x_wconf 83' lang='lat' dir='ltr'>mea</span> <span class='ocrx_word' id='word_1_18' title='bbox 986 377 1252 417; x_wconf 79' lang='lat' dir='ltr'>familiaritate</span> <span class='ocrx_word' id='word_1_19' title='bbox 1286 379 1496 432; x_wconf 80' lang='lat' dir='ltr'>disjunxit.</span> <span class='ocrx_word' id='word_1_20' title='bbox 1549 379 1683 418; x_wconf 85' lang='lat' dir='ltr'>Postea</span> <span class='ocrx_word' id='word_1_21' title='bbox 1714 394 1805 420; x_wconf 77' lang='lat' dir='ltr'>vero</span> 
     </span>
     <span class='ocr_line' id='line_1_4' title="bbox 403 445 1805 499; baseline 0.001 -15"><span class='ocrx_word' id='word_1_22' title='bbox 403 460 524 498; x_wconf 86' lang='lat' dir='ltr'>quam</span> <span class='ocrx_word' id='word_1_23' title='bbox 545 445 581 483; x_wconf 87' lang='lat' dir='ltr'>se</span> <span class='ocrx_word' id='word_1_24' title='bbox 602 454 732 483; x_wconf 90' lang='lat' dir='ltr'>totum</span> <span class='ocrx_word' id='word_1_25' title='bbox 755 445 969 497; x_wconf 87' lang='lat' dir='ltr'>Pompeius</span> <span class='ocrx_word' id='word_1_26' title='bbox 992 445 1132 484; x_wconf 77' lang='lat' dir='ltr'>Caesari</span> <span class='ocrx_word' id='word_1_27' title='bbox 1154 446 1330 492; x_wconf 80' lang='lat' dir='ltr'>tradidit,</span> <span class='ocrx_word' id='word_1_28' title='bbox 1354 446 1451 499; x_wconf 90' lang='lat' dir='ltr'>quid</span> <span class='ocrx_word' id='word_1_29' title='bbox 1471 460 1544 499; x_wconf 82' lang='lat' dir='ltr'>ego</span> <span class='ocrx_word' id='word_1_30' title='bbox 1561 447 1678 485; x_wconf 91' lang='lat' dir='ltr'>illum</span> <span class='ocrx_word' id='word_1_31' title='bbox 1695 447 1742 484; x_wconf 86' lang='lat' dir='ltr'>ab</span> <span class='ocrx_word' id='word_1_32' title='bbox 1760 460 1805 485; x_wconf 90' lang='lat' dir='ltr'>eo</span> 
     </span>
     <span class='ocr_line' id='line_1_5' title="bbox 404 511 1745 565; baseline 0.001 -15"><span class='ocrx_word' id='word_1_33' title='bbox 404 511 612 550; x_wconf 82' lang='lat' dir='ltr'>distrahere</span> <span class='ocrx_word' id='word_1_34' title='bbox 633 524 793 549; x_wconf 79' lang='lat' dir='ltr'>conarer</span> <span class='ocrx_word' id='word_1_35' title='bbox 811 511 823 549; x_wconf 88' lang='lat'>?</span> <span class='ocrx_word' id='word_1_36' title='bbox 857 511 978 549; x_wconf 82' lang='lat' dir='ltr'>Stulti</span> <span class='ocrx_word' id='word_1_37' title='bbox 999 521 1079 550; x_wconf 83' lang='lat' dir='ltr'>erat</span> <span class='ocrx_word' id='word_1_38' title='bbox 1100 512 1247 564; x_wconf 81' lang='lat' dir='ltr'>sperare</span> <span class='ocrx_word' id='word_1_39' title='bbox 1265 532 1276 558; x_wconf 80' lang='lat'>3</span> <span class='ocrx_word' id='word_1_40' title='bbox 1309 512 1464 550; x_wconf 78' lang='lat' dir='ltr'>suadere</span> <span class='ocrx_word' id='word_1_41' title='bbox 1487 512 1745 565; x_wconf 81' lang='lat' dir='ltr'>impudentis.</span> 
     </span>
    </p>

    <p class='ocr_par' dir='ltr' id='par_1_3' title="bbox 401 578 1807 1558">
     <span class='ocr_line' id='line_1_6' title="bbox 460 578 1803 632; baseline 0.001 -15"><span class='ocrx_word' id='word_1_42' title='bbox 460 579 554 617; x_wconf 86' lang='lat' dir='ltr'>Duo</span> <span class='ocrx_word' id='word_1_43' title='bbox 576 588 706 616; x_wconf 83' lang='lat' dir='ltr'>tamen</span> <span class='ocrx_word' id='word_1_44' title='bbox 728 587 905 631; x_wconf 80' lang='lat' dir='ltr'>tempora</span> <span class='ocrx_word' id='word_1_45' title='bbox 926 578 1152 616; x_wconf 87' lang='lat' dir='ltr'>inciderunt</span> <span class='ocrx_word' id='word_1_46' title='bbox 1167 609 1178 624; x_wconf 88' lang='lat'>,</span> <span class='ocrx_word' id='word_1_47' title='bbox 1211 579 1356 631; x_wconf 87' lang='lat' dir='ltr'>quibus</span> <span class='ocrx_word' id='word_1_48' title='bbox 1382 580 1533 632; x_wconf 83' lang='lat' dir='ltr'>aliquid</span> <span class='ocrx_word' id='word_1_49' title='bbox 1555 589 1692 618; x_wconf 82' lang='lat' dir='ltr'>contra</span> <span class='ocrx_word' id='word_1_50' title='bbox 1714 582 1803 618; x_wconf 79' lang='lat' dir='ltr'>Cae-</span> 
     </span>
     <span class='ocr_line' id='line_1_7' title="bbox 402 644 1800 699; baseline 0.001 -17"><span class='ocrx_word' id='word_1_51' title='bbox 402 645 524 683; x_wconf 84' lang='lat' dir='ltr'>sarem</span> <span class='ocrx_word' id='word_1_52' title='bbox 560 645 751 697; x_wconf 87' lang='lat' dir='ltr'>Pompeio</span> <span class='ocrx_word' id='word_1_53' title='bbox 787 644 969 682; x_wconf 78' lang='lat' dir='ltr'>suaserim</span> <span class='ocrx_word' id='word_1_54' title='bbox 988 660 996 683; x_wconf 92' lang='lat'>:</span> <span class='ocrx_word' id='word_1_55' title='bbox 1039 658 1083 683; x_wconf 83' lang='lat' dir='ltr'>ea</span> <span class='ocrx_word' id='word_1_56' title='bbox 1116 646 1237 683; x_wconf 87' lang='lat' dir='ltr'>velim</span> <span class='ocrx_word' id='word_1_57' title='bbox 1278 644 1536 698; x_wconf 77' lang='lat' dir='ltr'>reprehendas</span> <span class='ocrx_word' id='word_1_58' title='bbox 1555 675 1566 691; x_wconf 91' lang='lat'>,</span> <span class='ocrx_word' id='word_1_59' title='bbox 1608 646 1633 684; x_wconf 85' lang='lat' dir='ltr'>fi</span> <span class='ocrx_word' id='word_1_60' title='bbox 1674 655 1800 699; x_wconf 86' lang='lat' dir='ltr'>potes.</span> 
     </span>
     <span class='ocr_line' id='line_1_8' title="bbox 404 711 1803 764; baseline 0.001 -15"><span class='ocrx_word' id='word_1_61' title='bbox 404 712 544 749; x_wconf 90' lang='lat' dir='ltr'>Unum</span> <span class='ocrx_word' id='word_1_62' title='bbox 560 740 571 756; x_wconf 93' lang='lat'>,</span> <span class='ocrx_word' id='word_1_63' title='bbox 604 724 652 749; x_wconf 87' lang='lat' dir='ltr'>ne</span> <span class='ocrx_word' id='word_1_64' title='bbox 680 711 949 763; x_wconf 80' lang='lat' dir='ltr'>quinquennii</span> <span class='ocrx_word' id='word_1_65' title='bbox 970 711 1185 764; x_wconf 88' lang='lat' dir='ltr'>imperium</span> <span class='ocrx_word' id='word_1_66' title='bbox 1208 712 1347 750; x_wconf 68' lang='lat' dir='ltr'>Caesari</span> <span class='ocrx_word' id='word_1_67' title='bbox 1368 721 1644 764; x_wconf 78' lang='lat' dir='ltr'>prorogaretur</span> <span class='ocrx_word' id='word_1_68' title='bbox 1663 727 1671 750; x_wconf 75' lang='grc' dir='ltr'>ε</span> <span class='ocrx_word' id='word_1_69' title='bbox 1705 712 1803 750; x_wconf 86' lang='lat' dir='ltr'>alte-</span> 
     </span>
     <span class='ocr_line' id='line_1_9' title="bbox 404 776 1803 830; baseline 0.001 -15"><span class='ocrx_word' id='word_1_70' title='bbox 404 791 508 822; x_wconf 87' lang='lat' dir='ltr'>rum,</span> <span class='ocrx_word' id='word_1_71' title='bbox 532 791 579 815; x_wconf 91' lang='lat' dir='ltr'>ne</span> <span class='ocrx_word' id='word_1_72' title='bbox 600 786 797 829; x_wconf 84' lang='lat' dir='ltr'>pateretur</span> <span class='ocrx_word' id='word_1_73' title='bbox 818 776 926 822; x_wconf 87' lang='lat' dir='ltr'>ferri,</span> <span class='ocrx_word' id='word_1_74' title='bbox 950 786 995 815; x_wconf 92' lang='lat' dir='ltr'>ut</span> <span class='ocrx_word' id='word_1_75' title='bbox 1015 777 1183 815; x_wconf 84' lang='lat' dir='ltr'>absentis</span> <span class='ocrx_word' id='word_1_76' title='bbox 1206 778 1288 830; x_wconf 83' lang='lat' dir='ltr'>ejus</span> <span class='ocrx_word' id='word_1_77' title='bbox 1311 778 1409 816; x_wconf 82' lang='lat' dir='ltr'>ratio</span> <span class='ocrx_word' id='word_1_78' title='bbox 1431 776 1653 816; x_wconf 81' lang='lat' dir='ltr'>haberetur.</span> <span class='ocrx_word' id='word_1_79' title='bbox 1688 779 1803 829; x_wconf 85' lang='lat' dir='ltr'>Qo-</span> 
     </span>
     <span class='ocr_line' id='line_1_10' title="bbox 404 842 1803 896; baseline 0.001 -16"><span class='ocrx_word' id='word_1_80' title='bbox 404 854 493 881; x_wconf 84' lang='lat' dir='ltr'>rum</span> <span class='ocrx_word' id='word_1_81' title='bbox 515 844 540 881; x_wconf 89' lang='lat' dir='ltr'>s1</span> <span class='ocrx_word' id='word_1_82' title='bbox 559 843 753 881; x_wconf 84' lang='lat' dir='ltr'>utrumvis</span> <span class='ocrx_word' id='word_1_83' title='bbox 775 843 1056 895; x_wconf 66' lang='lat' dir='ltr'>persuatiffem,</span> <span class='ocrx_word' id='word_1_84' title='bbox 1081 843 1121 881; x_wconf 87' lang='lat' dir='ltr'>in</span> <span class='ocrx_word' id='word_1_85' title='bbox 1139 842 1206 881; x_wconf 82' lang='lat' dir='ltr'>has</span> <span class='ocrx_word' id='word_1_86' title='bbox 1225 843 1396 882; x_wconf 79' lang='lat' dir='ltr'>miserias</span> <span class='ocrx_word' id='word_1_87' title='bbox 1414 857 1619 896; x_wconf 88' lang='lat' dir='ltr'>nunquam</span> <span class='ocrx_word' id='word_1_88' title='bbox 1640 843 1803 882; x_wconf 88' lang='lat' dir='ltr'>incidis-</span> 
     </span>
     <span class='ocr_line' id='line_1_11' title="bbox 404 908 1805 963; baseline 0.001 -16"><span class='ocrx_word' id='word_1_89' title='bbox 404 909 546 948; x_wconf 84' lang='lat' dir='ltr'>semus.</span> <span class='ocrx_word' id='word_1_90' title='bbox 589 911 722 961; x_wconf 86' lang='lat' dir='ltr'>Atque</span> <span class='ocrx_word' id='word_1_91' title='bbox 744 908 850 947; x_wconf 88' lang='lat' dir='ltr'>idem</span> <span class='ocrx_word' id='word_1_92' title='bbox 871 923 964 948; x_wconf 88' lang='lat' dir='ltr'>cum</span> <span class='ocrx_word' id='word_1_93' title='bbox 980 910 1064 962; x_wconf 87' lang='lat' dir='ltr'>jam</span> <span class='ocrx_word' id='word_1_94' title='bbox 1094 924 1231 948; x_wconf 89' lang='lat' dir='ltr'>omnes</span> <span class='ocrx_word' id='word_1_95' title='bbox 1262 924 1370 963; x_wconf 87' lang='lat' dir='ltr'>opes,</span> <span class='ocrx_word' id='word_1_96' title='bbox 1402 919 1440 948; x_wconf 92' lang='lat' dir='ltr'>et</span> <span class='ocrx_word' id='word_1_97' title='bbox 1470 910 1569 956; x_wconf 78' lang='lat' dir='ltr'>suas,</span> <span class='ocrx_word' id='word_1_98' title='bbox 1601 920 1640 948; x_wconf 90' lang='lat' dir='ltr'>et</span> <span class='ocrx_word' id='word_1_99' title='bbox 1664 910 1805 963; x_wconf 90' lang='lat' dir='ltr'>populi</span> 
     </span>
     <span class='ocr_line' id='line_1_12' title="bbox 404 975 1804 1028; baseline 0.001 -16"><span class='ocrx_word' id='word_1_100' title='bbox 404 975 592 1020; x_wconf 79' lang='lat' dir='ltr'>RomanI,</span> <span class='ocrx_word' id='word_1_101' title='bbox 620 976 834 1027; x_wconf 86' lang='lat' dir='ltr'>Pompeius</span> <span class='ocrx_word' id='word_1_102' title='bbox 856 975 903 1013; x_wconf 87' lang='lat' dir='ltr'>ad</span> <span class='ocrx_word' id='word_1_103' title='bbox 925 975 1114 1014; x_wconf 81' lang='lat' dir='ltr'>Caesarem</span> <span class='ocrx_word' id='word_1_104' title='bbox 1136 976 1347 1021; x_wconf 70' lang='lat' dir='ltr'>detulifl&#39;et‚</span> <span class='ocrx_word' id='word_1_105' title='bbox 1380 975 1540 1028; x_wconf 88' lang='lat' dir='ltr'>seroque</span> <span class='ocrx_word' id='word_1_106' title='bbox 1561 976 1695 1014; x_wconf 89' lang='lat' dir='ltr'>eadem</span> <span class='ocrx_word' id='word_1_107' title='bbox 1717 976 1804 1014; x_wconf 77' lang='lat' dir='ltr'>sen-</span> 
     </span>
     <span class='ocr_line' id='line_1_13' title="bbox 404 1040 1805 1095; baseline 0 -16"><span class='ocrx_word' id='word_1_108' title='bbox 404 1041 478 1079; x_wconf 89' lang='lat' dir='ltr'>tire</span> <span class='ocrx_word' id='word_1_109' title='bbox 499 1041 696 1093; x_wconf 85' lang='lat' dir='ltr'>coepiffet,</span> <span class='ocrx_word' id='word_1_110' title='bbox 727 1054 812 1093; x_wconf 83' lang='lat' dir='ltr'>quae</span> <span class='ocrx_word' id='word_1_111' title='bbox 834 1055 907 1094; x_wconf 80' lang='lat' dir='ltr'>ego</span> <span class='ocrx_word' id='word_1_112' title='bbox 928 1051 1016 1079; x_wconf 88' lang='lat' dir='ltr'>ante</span> <span class='ocrx_word' id='word_1_113' title='bbox 1038 1042 1167 1080; x_wconf 87' lang='lat' dir='ltr'>multo</span> <span class='ocrx_word' id='word_1_114' title='bbox 1188 1042 1464 1095; x_wconf 74' lang='lat' dir='ltr'>praevideram,</span> <span class='ocrx_word' id='word_1_115' title='bbox 1496 1040 1713 1095; x_wconf 87' lang='lat' dir='ltr'>inferrique</span> <span class='ocrx_word' id='word_1_116' title='bbox 1734 1055 1805 1095; x_wconf 89' lang='lat' dir='ltr'>pa-</span> 
     </span>
     <span class='ocr_line' id='line_1_14' title="bbox 404 1106 1804 1161; baseline 0.001 -16"><span class='ocrx_word' id='word_1_117' title='bbox 404 1107 487 1146; x_wconf 84' lang='lat' dir='ltr'>triae</span> <span class='ocrx_word' id='word_1_118' title='bbox 509 1107 663 1145; x_wconf 91' lang='lat' dir='ltr'>bellum</span> <span class='ocrx_word' id='word_1_119' title='bbox 688 1106 884 1146; x_wconf 86' lang='lat' dir='ltr'>nefarium</span> <span class='ocrx_word' id='word_1_120' title='bbox 905 1108 1094 1153; x_wconf 87' lang='lat' dir='ltr'>viderem,</span> <span class='ocrx_word' id='word_1_121' title='bbox 1125 1109 1248 1160; x_wconf 80' lang='lat' dir='ltr'>pacis,</span> <span class='ocrx_word' id='word_1_122' title='bbox 1280 1108 1515 1153; x_wconf 84' lang='lat' dir='ltr'>concordiae‚</span> <span class='ocrx_word' id='word_1_123' title='bbox 1547 1108 1804 1161; x_wconf 80' lang='lat' dir='ltr'>compositio-</span> 
     </span>
     <span class='ocr_line' id='line_1_15' title="bbox 404 1173 1803 1227; baseline 0 -16"><span class='ocrx_word' id='word_1_124' title='bbox 404 1173 466 1212; x_wconf 87' lang='lat' dir='ltr'>nis</span> <span class='ocrx_word' id='word_1_125' title='bbox 482 1202 494 1218; x_wconf 91' lang='lat'>,</span> <span class='ocrx_word' id='word_1_126' title='bbox 526 1175 659 1210; x_wconf 62' lang='lat' dir='ltr'>auctor</span> <span class='ocrx_word' id='word_1_127' title='bbox 687 1173 759 1210; x_wconf 83' lang='lat' dir='ltr'>effe</span> <span class='ocrx_word' id='word_1_128' title='bbox 789 1187 869 1211; x_wconf 86' lang='lat' dir='ltr'>non</span> <span class='ocrx_word' id='word_1_129' title='bbox 891 1173 1019 1211; x_wconf 86' lang='lat' dir='ltr'>destiti</span> <span class='ocrx_word' id='word_1_130' title='bbox 1038 1188 1047 1212; x_wconf 75' lang='grc' dir='ltr'>ε</span> <span class='ocrx_word' id='word_1_131' title='bbox 1080 1187 1244 1227; x_wconf 86' lang='lat' dir='ltr'>meaque</span> <span class='ocrx_word' id='word_1_132' title='bbox 1266 1174 1333 1212; x_wconf 90' lang='lat' dir='ltr'>illa</span> <span class='ocrx_word' id='word_1_133' title='bbox 1353 1188 1429 1212; x_wconf 83' lang='lat' dir='ltr'>vox</span> <span class='ocrx_word' id='word_1_134' title='bbox 1450 1173 1504 1211; x_wconf 91' lang='lat' dir='ltr'>est</span> <span class='ocrx_word' id='word_1_135' title='bbox 1525 1183 1618 1211; x_wconf 84' lang='lat' dir='ltr'>nota</span> <span class='ocrx_word' id='word_1_136' title='bbox 1637 1174 1776 1212; x_wconf 90' lang='lat' dir='ltr'>multis</span> <span class='ocrx_word' id='word_1_137' title='bbox 1791 1201 1803 1219; x_wconf 87' lang='lat'>,</span> 
     </span>
     <span class='ocr_line' id='line_1_16' title="bbox 406 1238 1804 1293; baseline -0.001 -14"><span class='ocrx_word' id='word_1_138' title='bbox 406 1239 575 1284; x_wconf 81' lang='lat' dir='ltr'>Utinam,</span> <span class='ocrx_word' id='word_1_139' title='bbox 606 1238 771 1292; x_wconf 82' lang='lat' dir='ltr'>Pompei,</span> <span class='ocrx_word' id='word_1_140' title='bbox 803 1253 880 1278; x_wconf 83' lang='lat' dir='ltr'>cum</span> <span class='ocrx_word' id='word_1_141' title='bbox 903 1241 947 1278; x_wconf 91' lang='lat' dir='ltr'>C.</span> <span class='ocrx_word' id='word_1_142' title='bbox 971 1239 1113 1292; x_wconf 75' lang='lat' dir='ltr'>Caesare</span> <span class='ocrx_word' id='word_1_143' title='bbox 1127 1239 1339 1293; x_wconf 79' lang='lat' dir='ltr'>societatem</span> <span class='ocrx_word' id='word_1_144' title='bbox 1366 1248 1434 1278; x_wconf 80' lang='lat' dir='ltr'>aut</span> <span class='ocrx_word' id='word_1_145' title='bbox 1463 1253 1644 1292; x_wconf 77' lang='lat' dir='ltr'>nunquam</span> <span class='ocrx_word' id='word_1_146' title='bbox 1674 1239 1729 1278; x_wconf 82' lang='lat' dir='ltr'>coi</span> <span class='ocrx_word' id='word_1_147' title='bbox 1751 1254 1804 1284; x_wconf 81' lang='lat' dir='ltr'>es,</span> 
     </span>
     <span class='ocr_line' id='line_1_17' title="bbox 403 1305 1807 1359; baseline 0 -15"><span class='ocrx_word' id='word_1_148' title='bbox 403 1315 471 1344; x_wconf 83' lang='lat' dir='ltr'>aut</span> <span class='ocrx_word' id='word_1_149' title='bbox 491 1320 674 1359; x_wconf 79' lang='lat' dir='ltr'>nunquam</span> <span class='ocrx_word' id='word_1_150' title='bbox 693 1305 875 1359; x_wconf 67' lang='lat' dir='ltr'>diremqffis</span> <span class='ocrx_word' id='word_1_151' title='bbox 888 1306 998 1358; x_wconf 79' lang='lat' dir='ltr'>quit</span> <span class='ocrx_word' id='word_1_152' title='bbox 1017 1306 1172 1344; x_wconf 71' lang='lat' dir='ltr'>alterum</span> <span class='ocrx_word' id='word_1_153' title='bbox 1186 1306 1409 1358; x_wconf 79' lang='lat' dir='ltr'>gravitatis,</span> <span class='ocrx_word' id='word_1_154' title='bbox 1431 1306 1586 1344; x_wconf 82' lang='lat' dir='ltr'>alterum</span> <span class='ocrx_word' id='word_1_155' title='bbox 1599 1305 1807 1358; x_wconf 80' lang='lat' dir='ltr'>prudentiae</span> 
     </span>
     <span class='ocr_line' id='line_1_18' title="bbox 403 1371 1803 1425; baseline -0.001 -14"><span class='ocrx_word' id='word_1_156' title='bbox 403 1380 491 1412; x_wconf 76' lang='lat' dir='ltr'>tuce.</span> <span class='ocrx_word' id='word_1_157' title='bbox 535 1373 634 1411; x_wconf 79' lang='lat' dir='ltr'>Haec</span> <span class='ocrx_word' id='word_1_158' title='bbox 655 1385 755 1417; x_wconf 82' lang='lat' dir='ltr'>mea,</span> <span class='ocrx_word' id='word_1_159' title='bbox 788 1372 851 1409; x_wconf 86' lang='lat' dir='ltr'>M.</span> <span class='ocrx_word' id='word_1_160' title='bbox 874 1372 1043 1417; x_wconf 87' lang='lat' dir='ltr'>Antoni,</span> <span class='ocrx_word' id='word_1_161' title='bbox 1076 1372 1226 1425; x_wconf 86' lang='lat' dir='ltr'>semper</span> <span class='ocrx_word' id='word_1_162' title='bbox 1246 1381 1285 1410; x_wconf 90' lang='lat' dir='ltr'>et</span> <span class='ocrx_word' id='word_1_163' title='bbox 1305 1371 1352 1410; x_wconf 91' lang='lat' dir='ltr'>de</span> <span class='ocrx_word' id='word_1_164' title='bbox 1374 1372 1581 1425; x_wconf 88' lang='lat' dir='ltr'>Pompeio,</span> <span class='ocrx_word' id='word_1_165' title='bbox 1612 1380 1651 1409; x_wconf 89' lang='lat' dir='ltr'>et</span> <span class='ocrx_word' id='word_1_166' title='bbox 1672 1372 1719 1410; x_wconf 92' lang='lat' dir='ltr'>de</span> <span class='ocrx_word' id='word_1_167' title='bbox 1739 1385 1803 1410; x_wconf 89' lang='lat' dir='ltr'>re-</span> 
     </span>
     <span class='ocr_line' id='line_1_19' title="bbox 402 1437 1803 1492; baseline -0.001 -15"><span class='ocrx_word' id='word_1_168' title='bbox 402 1439 579 1492; x_wconf 77' lang='lat' dir='ltr'>publica,</span> <span class='ocrx_word' id='word_1_169' title='bbox 611 1438 771 1477; x_wconf 85' lang='lat' dir='ltr'>confilia</span> <span class='ocrx_word' id='word_1_170' title='bbox 791 1437 967 1478; x_wconf 88' lang='lat' dir='ltr'>fuerunt.</span> <span class='ocrx_word' id='word_1_171' title='bbox 1001 1439 1100 1489; x_wconf 84' lang='lat' dir='ltr'>Qae</span> <span class='ocrx_word' id='word_1_172' title='bbox 1122 1439 1148 1477; x_wconf 90' lang='lat' dir='ltr'><strong>fi</strong></span> <span class='ocrx_word' id='word_1_173' title='bbox 1169 1438 1388 1484; x_wconf 75' lang='lat' dir='ltr'>valuissent,</span> <span class='ocrx_word' id='word_1_174' title='bbox 1420 1438 1641 1492; x_wconf 88' lang='lat' dir='ltr'>respublica</span> <span class='ocrx_word' id='word_1_175' title='bbox 1659 1437 1774 1477; x_wconf 84' lang='lat' dir='ltr'>staret</span> <span class='ocrx_word' id='word_1_176' title='bbox 1789 1457 1803 1485; x_wconf 68' lang='grc' dir='ltr'><strong><em>ς</em></strong></span> 
     </span>
     <span class='ocr_line' id='line_1_20' title="bbox 401 1504 1443 1558; baseline 0 -14"><span class='ocrx_word' id='word_1_177' title='bbox 401 1514 448 1544; x_wconf 85' lang='lat' dir='ltr'>tu</span> <span class='ocrx_word' id='word_1_178' title='bbox 469 1506 547 1544; x_wconf 91' lang='lat' dir='ltr'>tuis</span> <span class='ocrx_word' id='word_1_179' title='bbox 570 1505 744 1558; x_wconf 85' lang='lat' dir='ltr'>flagitiis,</span> <span class='ocrx_word' id='word_1_180' title='bbox 777 1505 956 1557; x_wconf 85' lang='lat' dir='ltr'>egestate,</span> <span class='ocrx_word' id='word_1_181' title='bbox 989 1504 1167 1551; x_wconf 80' lang='lat' dir='ltr'>infamia,</span> <span class='ocrx_word' id='word_1_182' title='bbox 1199 1505 1443 1544; x_wconf 81' lang='lat' dir='ltr'>concidiffes.</span> 
     </span>
    </p>

    <p class='ocr_par' dir='ltr' id='par_1_4' title="bbox 402 1570 1806 2153">
     <span class='ocr_line' id='line_1_21' title="bbox 459 1570 1806 1617; baseline -0.001 -7"><span class='ocrx_word' id='word_1_183' title='bbox 459 1572 536 1610; x_wconf 89' lang='lat' dir='ltr'>XI.</span> <span class='ocrx_word' id='word_1_184' title='bbox 567 1571 640 1609; x_wconf 89' lang='lat' dir='ltr'>Sed</span> <span class='ocrx_word' id='word_1_185' title='bbox 661 1570 744 1610; x_wconf 85' lang='lat' dir='ltr'>haec</span> <span class='ocrx_word' id='word_1_186' title='bbox 761 1580 911 1610; x_wconf 85' lang='lat' dir='ltr'>vetera:</span> <span class='ocrx_word' id='word_1_187' title='bbox 935 1571 1037 1609; x_wconf 92' lang='lat' dir='ltr'>illud</span> <span class='ocrx_word' id='word_1_188' title='bbox 1054 1585 1144 1609; x_wconf 93' lang='lat' dir='ltr'>vero</span> <span class='ocrx_word' id='word_1_189' title='bbox 1161 1585 1310 1617; x_wconf 89' lang='lat' dir='ltr'>recens,</span> <span class='ocrx_word' id='word_1_190' title='bbox 1330 1571 1521 1609; x_wconf 81' lang='lat' dir='ltr'>Caesarem</span> <span class='ocrx_word' id='word_1_191' title='bbox 1537 1584 1626 1608; x_wconf 90' lang='lat' dir='ltr'>meo</span> <span class='ocrx_word' id='word_1_192' title='bbox 1643 1570 1806 1609; x_wconf 91' lang='lat' dir='ltr'>confilio</span> 
     </span>
     <span class='ocr_line' id='line_1_22' title="bbox 402 1635 1804 1690; baseline -0.001 -15"><span class='ocrx_word' id='word_1_193' title='bbox 402 1636 672 1676; x_wconf 62' lang='lat' dir='ltr'>interfectum.</span> <span class='ocrx_word' id='word_1_194' title='bbox 704 1639 795 1689; x_wconf 87' lang='lat' dir='ltr'>Jam</span> <span class='ocrx_word' id='word_1_195' title='bbox 816 1651 963 1682; x_wconf 87' lang='lat' dir='ltr'>vereor,</span> <span class='ocrx_word' id='word_1_196' title='bbox 996 1638 1127 1676; x_wconf 87' lang='lat' dir='ltr'>Patres</span> <span class='ocrx_word' id='word_1_197' title='bbox 1148 1637 1378 1690; x_wconf 88' lang='lat' dir='ltr'>conscripti,</span> <span class='ocrx_word' id='word_1_198' title='bbox 1411 1650 1473 1682; x_wconf 90' lang='lat' dir='ltr'>ne,</span> <span class='ocrx_word' id='word_1_199' title='bbox 1501 1635 1609 1690; x_wconf 86' lang='lat' dir='ltr'>quod</span> <span class='ocrx_word' id='word_1_200' title='bbox 1630 1635 1804 1690; x_wconf 86' lang='lat' dir='ltr'>turpiffi-</span> 
     </span>
     <span class='ocr_line' id='line_1_23' title="bbox 404 1702 1805 1757; baseline -0.002 -15"><span class='ocrx_word' id='word_1_201' title='bbox 404 1717 518 1742; x_wconf 88' lang='lat' dir='ltr'>mum</span> <span class='ocrx_word' id='word_1_202' title='bbox 537 1704 614 1749; x_wconf 88' lang='lat' dir='ltr'>est,</span> <span class='ocrx_word' id='word_1_203' title='bbox 647 1704 983 1757; x_wconf 65' lang='lat' dir='ltr'>praevaricatorem</span> <span class='ocrx_word' id='word_1_204' title='bbox 1004 1703 1106 1742; x_wconf 85' lang='lat' dir='ltr'>mihi</span> <span class='ocrx_word' id='word_1_205' title='bbox 1127 1704 1341 1757; x_wconf 80' lang='lat' dir='ltr'>apposuisse</span> <span class='ocrx_word' id='word_1_206' title='bbox 1362 1703 1493 1742; x_wconf 83' lang='lat' dir='ltr'>videar</span> <span class='ocrx_word' id='word_1_207' title='bbox 1507 1731 1518 1748; x_wconf 94' lang='lat'>,</span> <span class='ocrx_word' id='word_1_208' title='bbox 1550 1702 1620 1756; x_wconf 91' lang='lat' dir='ltr'>qui</span> <span class='ocrx_word' id='word_1_209' title='bbox 1640 1716 1704 1740; x_wconf 90' lang='lat' dir='ltr'>me</span> <span class='ocrx_word' id='word_1_210' title='bbox 1725 1716 1805 1740; x_wconf 87' lang='lat' dir='ltr'>non</span> 
     </span>
     <span class='ocr_line' id='line_1_24' title="bbox 404 1769 1804 1820; baseline 0 -13"><span class='ocrx_word' id='word_1_211' title='bbox 404 1769 531 1807; x_wconf 88' lang='lat' dir='ltr'>solum</span> <span class='ocrx_word' id='word_1_212' title='bbox 554 1770 652 1808; x_wconf 87' lang='lat' dir='ltr'>meis</span> <span class='ocrx_word' id='word_1_213' title='bbox 674 1770 856 1808; x_wconf 82' lang='lat' dir='ltr'>laudibus</span> <span class='ocrx_word' id='word_1_214' title='bbox 878 1780 1032 1808; x_wconf 80' lang='lat' dir='ltr'>ornaret</span> <span class='ocrx_word' id='word_1_215' title='bbox 1047 1800 1058 1816; x_wconf 91' lang='lat'>,</span> <span class='ocrx_word' id='word_1_216' title='bbox 1090 1771 1154 1808; x_wconf 90' lang='lat' dir='ltr'>sed</span> <span class='ocrx_word' id='word_1_217' title='bbox 1174 1772 1293 1809; x_wconf 88' lang='lat' dir='ltr'>etiam</span> <span class='ocrx_word' id='word_1_218' title='bbox 1314 1778 1491 1808; x_wconf 86' lang='lat' dir='ltr'>oneraret</span> <span class='ocrx_word' id='word_1_219' title='bbox 1510 1769 1662 1808; x_wconf 86' lang='lat' dir='ltr'>alienis.</span> <span class='ocrx_word' id='word_1_220' title='bbox 1701 1769 1804 1820; x_wconf 84' lang='lat' dir='ltr'>Q-is</span> 
     </span>
     <span class='ocr_line' id='line_1_25' title="bbox 404 1834 1804 1886; baseline 0.001 -15"><span class='ocrx_word' id='word_1_221' title='bbox 404 1834 513 1872; x_wconf 87' lang='lat' dir='ltr'>enim</span> <span class='ocrx_word' id='word_1_222' title='bbox 535 1848 670 1872; x_wconf 86' lang='lat' dir='ltr'>meum</span> <span class='ocrx_word' id='word_1_223' title='bbox 692 1835 731 1871; x_wconf 91' lang='lat' dir='ltr'>in</span> <span class='ocrx_word' id='word_1_224' title='bbox 754 1834 863 1872; x_wconf 85' lang='lat' dir='ltr'>istius</span> <span class='ocrx_word' id='word_1_225' title='bbox 884 1835 1146 1886; x_wconf 84' lang='lat' dir='ltr'>gloriofiffimi</span> <span class='ocrx_word' id='word_1_226' title='bbox 1167 1835 1260 1873; x_wconf 53' lang='lat' dir='ltr'>fasti</span> <span class='ocrx_word' id='word_1_227' title='bbox 1290 1835 1531 1873; x_wconf 83' lang='lat' dir='ltr'>conscientia</span> <span class='ocrx_word' id='word_1_228' title='bbox 1559 1848 1703 1873; x_wconf 90' lang='lat' dir='ltr'>nomen</span> <span class='ocrx_word' id='word_1_229' title='bbox 1733 1848 1804 1872; x_wconf 90' lang='lat' dir='ltr'>au·-</span> 
     </span>
     <span class='ocr_line' id='line_1_26' title="bbox 405 1899 1804 1952; baseline 0.001 -15"><span class='ocrx_word' id='word_1_230' title='bbox 405 1900 505 1937; x_wconf 84' lang='lat' dir='ltr'>divit</span> <span class='ocrx_word' id='word_1_231' title='bbox 524 1901 537 1937; x_wconf 90' lang='lat'>?</span> <span class='ocrx_word' id='word_1_232' title='bbox 569 1901 682 1952; x_wconf 85' lang='lat' dir='ltr'>cujus</span> <span class='ocrx_word' id='word_1_233' title='bbox 704 1909 835 1937; x_wconf 85' lang='lat' dir='ltr'>autem</span> <span class='ocrx_word' id='word_1_234' title='bbox 850 1929 861 1945; x_wconf 88' lang='lat'>‚</span> <span class='ocrx_word' id='word_1_235' title='bbox 895 1900 964 1952; x_wconf 89' lang='lat' dir='ltr'>qui</span> <span class='ocrx_word' id='word_1_236' title='bbox 986 1901 1027 1952; x_wconf 84' lang='lat' dir='ltr'>in</span> <span class='ocrx_word' id='word_1_237' title='bbox 1048 1913 1094 1938; x_wconf 87' lang='lat' dir='ltr'>eo</span> <span class='ocrx_word' id='word_1_238' title='bbox 1115 1914 1281 1938; x_wconf 89' lang='lat' dir='ltr'>numero</span> <span class='ocrx_word' id='word_1_239' title='bbox 1302 1899 1433 1938; x_wconf 75' lang='lat' dir='ltr'>fuisset</span> <span class='ocrx_word' id='word_1_240' title='bbox 1447 1929 1458 1946; x_wconf 89' lang='lat'>,</span> <span class='ocrx_word' id='word_1_241' title='bbox 1491 1914 1637 1938; x_wconf 89' lang='lat' dir='ltr'>nomen</span> <span class='ocrx_word' id='word_1_242' title='bbox 1659 1899 1712 1937; x_wconf 89' lang='lat' dir='ltr'>est</span> <span class='ocrx_word' id='word_1_243' title='bbox 1732 1913 1804 1938; x_wconf 79' lang='lat' dir='ltr'>oc-</span> 
     </span>
     <span class='ocr_line' id='line_1_27' title="bbox 406 1966 1803 2019; baseline 0 -15"><span class='ocrx_word' id='word_1_244' title='bbox 406 1966 636 2004; x_wconf 86' lang='lat' dir='ltr'>cultatum?</span> <span class='ocrx_word' id='word_1_245' title='bbox 670 1966 932 2004; x_wconf 85' lang='lat' dir='ltr'>Occultatum</span> <span class='ocrx_word' id='word_1_246' title='bbox 960 1966 1082 2004; x_wconf 88' lang='lat' dir='ltr'>dico?</span> <span class='ocrx_word' id='word_1_247' title='bbox 1114 1967 1227 2019; x_wconf 89' lang='lat' dir='ltr'>cujus</span> <span class='ocrx_word' id='word_1_248' title='bbox 1256 1980 1335 2004; x_wconf 88' lang='lat' dir='ltr'>non</span> <span class='ocrx_word' id='word_1_249' title='bbox 1364 1966 1493 2004; x_wconf 87' lang='lat' dir='ltr'>statim</span> <span class='ocrx_word' id='word_1_250' title='bbox 1521 1966 1803 2018; x_wconf 87' lang='lat' dir='ltr'>divulgatum?</span> 
     </span>
     <span class='ocr_line' id='line_1_28' title="bbox 408 2032 1804 2086; baseline 0 -16"><span class='ocrx_word' id='word_1_251' title='bbox 408 2033 540 2071; x_wconf 84' lang='lat' dir='ltr'>Citius</span> <span class='ocrx_word' id='word_1_252' title='bbox 562 2032 731 2071; x_wconf 83' lang='lat' dir='ltr'>dixerim</span> <span class='ocrx_word' id='word_1_253' title='bbox 746 2032 899 2085; x_wconf 63' lang='lat' dir='ltr'>jaetafl‘e</span> <span class='ocrx_word' id='word_1_254' title='bbox 921 2033 956 2071; x_wconf 88' lang='lat' dir='ltr'>se</span> <span class='ocrx_word' id='word_1_255' title='bbox 976 2033 1145 2086; x_wconf 83' lang='lat' dir='ltr'>aliquos,</span> <span class='ocrx_word' id='word_1_256' title='bbox 1169 2042 1213 2071; x_wconf 91' lang='lat' dir='ltr'>ut</span> <span class='ocrx_word' id='word_1_257' title='bbox 1234 2032 1346 2071; x_wconf 87' lang='lat' dir='ltr'>fuiffe</span> <span class='ocrx_word' id='word_1_258' title='bbox 1367 2034 1407 2071; x_wconf 88' lang='lat' dir='ltr'>in</span> <span class='ocrx_word' id='word_1_259' title='bbox 1428 2047 1471 2071; x_wconf 85' lang='lat' dir='ltr'>ea</span> <span class='ocrx_word' id='word_1_260' title='bbox 1491 2033 1672 2071; x_wconf 88' lang='lat' dir='ltr'>societate</span> <span class='ocrx_word' id='word_1_261' title='bbox 1692 2032 1804 2071; x_wconf 88' lang='lat' dir='ltr'>vide-</span> 
     </span>
     <span class='ocr_line' id='line_1_29' title="bbox 407 2099 1802 2153; baseline -0.001 -15"><span class='ocrx_word' id='word_1_262' title='bbox 407 2109 556 2144; x_wconf 87' lang='lat' dir='ltr'>rentur,</span> <span class='ocrx_word' id='word_1_263' title='bbox 580 2099 650 2152; x_wconf 88' lang='lat' dir='ltr'>qui</span> <span class='ocrx_word' id='word_1_264' title='bbox 670 2099 765 2137; x_wconf 91' lang='lat' dir='ltr'>socii</span> <span class='ocrx_word' id='word_1_265' title='bbox 786 2113 865 2137; x_wconf 90' lang='lat' dir='ltr'>non</span> <span class='ocrx_word' id='word_1_266' title='bbox 886 2099 1060 2145; x_wconf 79' lang='lat' dir='ltr'>fuissent,</span> <span class='ocrx_word' id='word_1_267' title='bbox 1089 2113 1209 2152; x_wconf 85' lang='lat' dir='ltr'>quam</span> <span class='ocrx_word' id='word_1_268' title='bbox 1231 2109 1275 2138; x_wconf 90' lang='lat' dir='ltr'>ut</span> <span class='ocrx_word' id='word_1_269' title='bbox 1295 2100 1504 2153; x_wconf 81' lang='lat' dir='ltr'>quisquam</span> <span class='ocrx_word' id='word_1_270' title='bbox 1525 2100 1648 2138; x_wconf 84' lang='lat' dir='ltr'>celare</span> <span class='ocrx_word' id='word_1_271' title='bbox 1668 2099 1802 2138; x_wconf 86' lang='lat' dir='ltr'>vellet.</span> 
     </span>
    </p>

    <p class='ocr_par' dir='ltr' id='par_1_5' title="bbox 407 2165 1805 2551">
     <span class='ocr_line' id='line_1_30' title="bbox 463 2165 1803 2219; baseline 0.001 -17"><span class='ocrx_word' id='word_1_272' title='bbox 463 2166 597 2217; x_wconf 85' lang='lat' dir='ltr'>Qam</span> <span class='ocrx_word' id='word_1_273' title='bbox 626 2165 834 2203; x_wconf 79' lang='lat' dir='ltr'>verisimile</span> <span class='ocrx_word' id='word_1_274' title='bbox 855 2179 972 2218; x_wconf 92' lang='lat' dir='ltr'>porro</span> <span class='ocrx_word' id='word_1_275' title='bbox 1001 2165 1079 2211; x_wconf 90' lang='lat' dir='ltr'>est,</span> <span class='ocrx_word' id='word_1_276' title='bbox 1112 2167 1152 2203; x_wconf 91' lang='lat' dir='ltr'>in</span> <span class='ocrx_word' id='word_1_277' title='bbox 1185 2175 1243 2204; x_wconf 90' lang='lat' dir='ltr'>tot</span> <span class='ocrx_word' id='word_1_278' title='bbox 1264 2165 1496 2204; x_wconf 87' lang='lat' dir='ltr'>hominibus</span> <span class='ocrx_word' id='word_1_279' title='bbox 1513 2195 1523 2211; x_wconf 88' lang='lat'>,</span> <span class='ocrx_word' id='word_1_280' title='bbox 1555 2166 1700 2219; x_wconf 89' lang='lat' dir='ltr'>partim</span> <span class='ocrx_word' id='word_1_281' title='bbox 1727 2165 1803 2204; x_wconf 94' lang='lat' dir='ltr'>ob-</span> 
     </span>
     <span class='ocr_line' id='line_1_31' title="bbox 408 2230 1805 2284; baseline 0.001 -16"><span class='ocrx_word' id='word_1_282' title='bbox 408 2231 543 2277; x_wconf 84' lang='lat' dir='ltr'>scuris,</span> <span class='ocrx_word' id='word_1_283' title='bbox 575 2231 719 2284; x_wconf 84' lang='lat' dir='ltr'>partim</span> <span class='ocrx_word' id='word_1_284' title='bbox 743 2230 1071 2277; x_wconf 88' lang='lat' dir='ltr'>adolescentibus,</span> <span class='ocrx_word' id='word_1_285' title='bbox 1105 2233 1305 2270; x_wconf 88' lang='lat' dir='ltr'>neminem</span> <span class='ocrx_word' id='word_1_286' title='bbox 1325 2232 1635 2278; x_wconf 88' lang='lat' dir='ltr'>occultantibus,</span> <span class='ocrx_word' id='word_1_287' title='bbox 1667 2245 1805 2270; x_wconf 89' lang='lat' dir='ltr'>meum</span> 
     </span>
     <span class='ocr_line' id='line_1_32' title="bbox 407 2298 1804 2352; baseline 0 -16"><span class='ocrx_word' id='word_1_288' title='bbox 407 2312 554 2337; x_wconf 87' lang='lat' dir='ltr'>nomen</span> <span class='ocrx_word' id='word_1_289' title='bbox 576 2298 693 2336; x_wconf 86' lang='lat' dir='ltr'>latere</span> <span class='ocrx_word' id='word_1_290' title='bbox 714 2298 912 2351; x_wconf 77' lang='lat' dir='ltr'>potuisse?</span> <span class='ocrx_word' id='word_1_291' title='bbox 945 2299 1122 2344; x_wconf 89' lang='lat' dir='ltr'>Etenim,</span> <span class='ocrx_word' id='word_1_292' title='bbox 1155 2299 1180 2337; x_wconf 88' lang='lat' dir='ltr'>fi</span> <span class='ocrx_word' id='word_1_293' title='bbox 1202 2301 1375 2337; x_wconf 63' lang='lat' dir='ltr'>auetores</span> <span class='ocrx_word' id='word_1_294' title='bbox 1397 2299 1444 2337; x_wconf 86' lang='lat' dir='ltr'>ad</span> <span class='ocrx_word' id='word_1_295' title='bbox 1468 2298 1711 2337; x_wconf 84' lang='lat' dir='ltr'>liberandam</span> <span class='ocrx_word' id='word_1_296' title='bbox 1732 2311 1804 2352; x_wconf 88' lang='lat' dir='ltr'>pa-</span> 
     </span>
     <span class='ocr_line' id='line_1_33' title="bbox 408 2363 1801 2418; baseline -0.001 -16"><span class='ocrx_word' id='word_1_297' title='bbox 408 2364 523 2402; x_wconf 82' lang='lat' dir='ltr'>triam</span> <span class='ocrx_word' id='word_1_298' title='bbox 554 2363 857 2402; x_wconf 79' lang='lat' dir='ltr'>desiderarentur</span> <span class='ocrx_word' id='word_1_299' title='bbox 886 2364 966 2402; x_wconf 86' lang='lat' dir='ltr'>illis</span> <span class='ocrx_word' id='word_1_300' title='bbox 996 2365 1234 2409; x_wconf 61' lang='lat' dir='ltr'>auctoribus,</span> <span class='ocrx_word' id='word_1_301' title='bbox 1268 2366 1409 2403; x_wconf 89' lang='lat' dir='ltr'>Brutos</span> <span class='ocrx_word' id='word_1_302' title='bbox 1440 2379 1513 2418; x_wconf 88' lang='lat' dir='ltr'>ego</span> <span class='ocrx_word' id='word_1_303' title='bbox 1538 2364 1801 2418; x_wconf 75' lang='lat' dir='ltr'>impellerem,</span> 
     </span>
     <span class='ocr_line' id='line_1_34' title="bbox 407 2429 1804 2483; baseline -0.001 -15"><span class='ocrx_word' id='word_1_304' title='bbox 407 2444 580 2483; x_wconf 87' lang='lat' dir='ltr'>quorum</span> <span class='ocrx_word' id='word_1_305' title='bbox 615 2439 779 2483; x_wconf 88' lang='lat' dir='ltr'>uterque</span> <span class='ocrx_word' id='word_1_306' title='bbox 814 2432 863 2469; x_wconf 87' lang='lat' dir='ltr'>L.</span> <span class='ocrx_word' id='word_1_307' title='bbox 897 2431 1009 2469; x_wconf 89' lang='lat' dir='ltr'>Bruti</span> <span class='ocrx_word' id='word_1_308' title='bbox 1046 2431 1260 2483; x_wconf 83' lang='lat' dir='ltr'>imaginem</span> <span class='ocrx_word' id='word_1_309' title='bbox 1293 2431 1471 2483; x_wconf 88' lang='lat' dir='ltr'>quotidie</span> <span class='ocrx_word' id='word_1_310' title='bbox 1502 2431 1675 2475; x_wconf 90' lang='lat' dir='ltr'>videret,</span> <span class='ocrx_word' id='word_1_311' title='bbox 1707 2429 1804 2467; x_wconf 88' lang='lat' dir='ltr'>alter</span> 
     </span>
     <span class='ocr_line' id='line_1_35' title="bbox 407 2495 1801 2551; baseline -0.001 -16"><span class='ocrx_word' id='word_1_312' title='bbox 407 2497 526 2535; x_wconf 82' lang='lat' dir='ltr'>ctiam</span> <span class='ocrx_word' id='word_1_313' title='bbox 548 2495 684 2535; x_wconf 79' lang='lat' dir='ltr'>Ahalae</span> <span class='ocrx_word' id='word_1_314' title='bbox 703 2498 715 2535; x_wconf 90' lang='lat'>?</span> <span class='ocrx_word' id='word_1_315' title='bbox 749 2497 808 2536; x_wconf 87' lang='lat' dir='ltr'>Hi</span> <span class='ocrx_word' id='word_1_316' title='bbox 829 2497 965 2550; x_wconf 83' lang='lat' dir='ltr'>igitur,</span> <span class='ocrx_word' id='word_1_317' title='bbox 996 2495 1059 2535; x_wconf 88' lang='lat' dir='ltr'>his</span> <span class='ocrx_word' id='word_1_318' title='bbox 1080 2496 1295 2551; x_wconf 84' lang='lat' dir='ltr'>majoribus</span> <span class='ocrx_word' id='word_1_319' title='bbox 1317 2497 1409 2544; x_wconf 85' lang='lat' dir='ltr'>orti,</span> <span class='ocrx_word' id='word_1_320' title='bbox 1441 2497 1489 2536; x_wconf 86' lang='lat' dir='ltr'>ab</span> <span class='ocrx_word' id='word_1_321' title='bbox 1510 2497 1646 2536; x_wconf 86' lang='lat' dir='ltr'>alienis</span> <span class='ocrx_word' id='word_1_322' title='bbox 1668 2495 1801 2549; x_wconf 88' lang='lat' dir='ltr'>potius</span> 
     </span>
    </p>
   </div>
  </div>
 </body>
</html>
