2076 2860
468 202 544 254 238
950 197 1397 235 ORATIO

464 301 517 339 est
547 302 730 340 maxima.
775 298 861 337 Nisi
892 310 982 335 vero
1011 295 1088 335 hoc
1118 295 1310 335 mediocri
1340 297 1487 336 virtute
1515 296 1619 335 effici
1649 297 1790 350 potest,
1821 307 1867 338 ut

466 377 594 406 tantus
617 367 683 404 ille
705 366 762 404 vir
784 364 882 403 tanti
904 364 1022 402 ducat
1042 362 1179 409 hunc;
1211 372 1249 402 et
1270 361 1461 402 afflictum
1482 363 1712 416 praesertim,
1734 374 1773 403 et
1793 365 1866 403 ab-

463 434 625 477 sentem,
659 442 696 470 et
726 433 766 468 in
798 439 904 468 tanta
934 429 1094 468 fortuna
1122 429 1201 475 sua,
1233 438 1277 467 ut
1306 430 1431 468 aliena
1459 430 1647 483 respicere
1674 444 1867 483 magnum

464 501 536 545 sit3
571 509 676 537 tanta
696 498 956 550 occupatione
985 497 1250 535 maximarum
1277 510 1434 542 rerum,
1466 511 1561 550 quas
1588 498 1716 550 gerit,
1747 506 1866 551 atque

462 566 585 618 geffit,
619 574 661 602 ut
692 565 753 603 vel
783 563 965 602 oblivisci
995 563 1164 601 aliorum
1194 577 1274 600 non
1299 563 1345 601 fit
1366 564 1530 609 mirum,
1562 563 1638 609 vel,
1667 564 1697 602 fi
1718 564 1865 603 memi-

462 632 578 676 nerit,
611 630 785 669 oblitum
806 630 877 668 effe
898 628 1014 668 facile
1035 629 1149 681 poffit
1170 629 1347 682 probare,

518 697 671 735 Multas
693 695 879 749 equidem
910 697 958 734 C.
984 694 1143 733 Caesaris
1172 695 1352 739 virtutes,
1385 708 1560 746 magnas,
1592 693 1866 732 incredibiles-

462 778 539 816 que
560 763 745 815 cognovi.
786 762 862 800 Sed
883 761 973 800 sunt
993 770 1139 799 caeterae
1161 760 1376 813 majoribus
1398 760 1502 812 quasi
1534 759 1694 798 theatris
1716 774 1865 813 propo-

462 831 539 870 fitae
554 859 565 875 ,
597 839 635 867 et
656 843 755 882 pene
775 828 982 881 populares
1001 843 1010 866 ε
1043 827 1174 865 castris
1201 827 1339 865 locum
1365 840 1501 879 capere
1516 856 1527 871 ,
1558 826 1780 864 exercitum
1800 827 1865 864 in-

462 896 619 940 struere,
651 908 875 948 expugnare
897 894 1026 939 urbes,
1055 894 1181 932 aciem
1201 892 1376 931 hostium
1396 891 1628 945 profligare:
1660 891 1762 930 hanc
1783 892 1868 931 vim

461 962 672 1015 frigorum,
696 961 965 1013 hiememque,
983 973 1103 1013 quam
1124 973 1194 997 nos
1211 960 1277 998 vix
1298 958 1417 1012 hujus
1436 959 1545 997 urbis
1566 959 1678 997 tectis
1699 958 1866 997 sustine-

462 1043 566 1074 muS,
598 1029 778 1080 excipere
797 1043 805 1066 ε
838 1027 899 1065 his
932 1028 1021 1080 ipfis
1054 1026 1191 1064 diebus
1224 1025 1378 1064 hostem
1410 1025 1606 1079 persequi,
1638 1034 1740 1070 tum,
1772 1039 1867 1064 cum

461 1095 579 1133 etiarn
600 1094 690 1133 ferae
710 1093 886 1132 latibulis
909 1093 944 1131 se
966 1102 1100 1145 tegant
1115 1122 1125 1138 ,
1158 1102 1275 1144 atque
1301 1092 1436 1130 omnia
1456 1091 1559 1130 bella
1573 1092 1663 1144 jure
1683 1091 1866 1144 gentium

462 1161 757 1214 conquiescant.
791 1161 889 1198 Sunt
909 1173 952 1197 ea
971 1159 1135 1212 quidem
1154 1172 1297 1211 magna
1314 1174 1322 1197 :
1347 1159 1434 1211 quis
1456 1166 1572 1211 negat
1591 1159 1604 1196 ?
1627 1157 1691 1196 sed
1710 1158 1866 1210 magnis

462 1228 629 1266 excitata
658 1227 748 1266 sunt
776 1226 946 1279 praemiis
977 1225 1023 1263 ad
1053 1225 1286 1263 memoriam
1315 1224 1530 1263 hominum
1556 1224 1863 1277 sempiternam:

463 1308 543 1348 quo
564 1294 695 1332 minus
718 1292 993 1331 admirandum
1013 1291 1080 1336 est,
1112 1305 1205 1329 eum
1224 1290 1352 1330 facere
1370 1290 1453 1336 illa,
1484 1290 1555 1343 qui
1583 1290 1865 1329 immortalita-

466 1371 546 1399 tem
567 1359 853 1412 concupiverit.

518 1426 632 1464 XVI.
667 1425 765 1463 Haec
783 1424 881 1462 mira
898 1423 981 1460 laus
998 1421 1066 1467 est,
1085 1435 1172 1474 quae
1190 1435 1269 1460 non
1289 1430 1493 1473 poetarum
1508 1421 1767 1467 carminibus,
1786 1434 1867 1460 non

461 1492 663 1530 annalium
684 1489 970 1534 monumentis,
993 1488 1228 1533 celebratur,
1260 1487 1324 1525 sed
1344 1486 1602 1540 prudentium
1617 1486 1772 1539 judicio
1792 1500 1864 1526 ex-

461 1557 660 1611 penditur.
694 1556 885 1610 Equitem
906 1556 1152 1599 Romanum,
1173 1562 1346 1592 veterem
1366 1552 1542 1591 amicum
1563 1552 1691 1598 suum,
1714 1551 1865 1591 studio-

462 1625 562 1670 sum,
596 1633 808 1668 amantem,
841 1622 1111 1661 observantem
1140 1621 1213 1667 sui,
1245 1634 1325 1659 non
1357 1620 1538 1665 libidine,
1569 1633 1650 1658 non
1680 1619 1866 1672 turpibus

459 1692 645 1746 impenfis
667 1690 947 1744 cupiditatum,
965 1698 1082 1742 atque
1095 1688 1274 1741 jacturis,
1292 1687 1356 1726 sed
1376 1686 1616 1741 experientia
1634 1686 1872 1740 patrimonii·

459 1758 750 1812 amplificandi,
781 1757 982 1794 labentem
1010 1755 1191 1808 excepit,
1223 1767 1405 1794 corruere
1434 1768 1513 1793 non
1544 1753 1654 1800 fivit,
1686 1752 1795 1792 fulfit
1825 1763 1892 1792 et·

462 1824 643 1877 sustinuit
678 1837 742 1868 re,
774 1822 958 1866 fortuna,
991 1821 1095 1866 fide3
1127 1821 1326 1872 hodieque
1360 1820 1548 1859 sustinet:
1582 1833 1654 1858 nec
1689 1819 1887 1871 amicum·

462 1889 700 1943 pendentem
721 1901 899 1926 corruere
920 1885 1067 1939 patitur
1083 1905 1094 1931 ς
1129 1899 1199 1923 nec
1220 1885 1328 1923 illius
1350 1885 1473 1923 animi
1494 1885 1618 1923 aciem
1639 1884 1865 1937 perstringit

462 1955 645 2009 splendor
665 1954 721 1992 sui
744 1952 931 1998 nominis,
950 1965 1022 1990 nec
1043 1947 1187 1990 mentis
1208 1950 1314 2004 quafi
1335 1950 1556 1990 luminibus
1578 1950 1704 1989 officit
1723 1949 1860 1989 altitu-

463 2022 513 2061 do
533 2020 718 2066 fortunae,
750 2028 788 2058 et
809 2018 958 2072 gloriae.

519 2088 606 2126 Sint
626 2087 711 2125 sane
732 2086 800 2124 illa
821 2098 987 2137 magna,
1019 2097 1105 2137 quae
1134 2097 1173 2122 re
1202 2097 1291 2122 vera
1319 2096 1462 2136 magna
1487 2081 1592 2121 sunt.
1625 2083 1688 2121 De
1709 2081 1866 2135 judicio

462 2155 585 2194 animi
605 2153 697 2199 mei,
730 2161 775 2190 ut
794 2152 915 2197 volet,
947 2150 1112 2205 quisque
1132 2150 1285 2189 sentiat.
1321 2151 1411 2203 Ego
1431 2149 1540 2188 enim
1559 2148 1661 2188 hanc
1682 2149 1723 2187 in
1746 2150 1864 2188 tantis

461 2223 619 2276 opibus,
652 2230 758 2259 tanta
777 2219 950 2265 fortuna,
981 2218 1258 2256 liberalitatem
1277 2217 1318 2256 in
1339 2217 1442 2263 suos,
1468 2217 1702 2256 memoriam
1721 2216 1863 2255 amici-

463 2291 541 2335 tiae,
572 2287 733 2342 reliquis
754 2286 968 2325 virtutibus
988 2285 1174 2323 omnibus
1195 2294 1406 2338 antepono.
1440 2285 1574 2338 Qam
1594 2282 1757 2338 quidem
1777 2296 1863 2329 vos,

462 2355 623 2407 judices
640 2383 650 2399 ‚
681 2353 723 2391 in
744 2366 847 2392 novo
874 2364 1015 2405 genere
1042 2351 1260 2390 bonitatem
1275 2380 1286 2396 ‚
1318 2350 1542 2389 inusitatam
1562 2349 1676 2388 claris
1697 2363 1740 2388 ac
1761 2363 1862 2403 prae-

465 2422 693 2476 potentibus
714 2419 820 2465 viris,
842 2431 923 2458 non
943 2418 1064 2457 modo
1084 2431 1164 2456 non
1184 2417 1376 2471 aspernari
1395 2431 1438 2456 ac
1459 2416 1642 2463 refutare,
1665 2416 1729 2455 sed
1748 2429 1862 2455 com-

464 2489 582 2543 plecti
601 2487 720 2527 etiam
739 2496 779 2527 et
799 2499 953 2540 augere,
979 2485 1155 2525 debetis:
1187 2494 1226 2526 et
1246 2498 1292 2524 eo
1313 2483 1452 2539 magis,
1475 2484 1583 2539 quod
1603 2482 1757 2529 videtis,
1788 2480 1862 2520 hos
