2076 2860
460 222 539 261 254
940 204 1387 243 ORATIO

459 324 598 350 mucro
627 308 815 362 petebat?
848 306 918 359 qui
947 305 1075 344 sensus
1106 315 1187 344 erat
1215 319 1417 344 armorum
1448 309 1641 346 tuorum?
1673 322 1760 361 quae
1789 317 1857 349 tua

459 391 570 415 mens
590 378 602 414 ?
626 375 732 413 oculi
752 376 764 412 ?
787 386 925 412 manus
946 374 958 410 ?
982 372 1094 411 ardor
1114 374 1237 411 animi
1257 374 1269 411 ?
1293 373 1390 426 quid
1411 374 1596 426 cupiebas
1617 376 1629 412 ?
1662 376 1760 428 quid
1780 390 1855 430 op-

459 444 597 481 tabas?
630 441 766 480 Nimis
795 453 942 492 urgeo:
976 441 1220 483 commoveri
1249 440 1406 479 videtur
1435 440 1684 480 adolescens:
1718 442 1765 480 ad
1793 457 1857 482 me

457 519 636 548 revertar.
669 508 813 547 Iisdem
835 508 875 545 in
896 508 1014 545 armis
1036 507 1111 546 sui.

513 577 585 615 IV.
620 575 731 628 Qid
760 584 892 613 autem
922 573 1030 612 aliud
1059 574 1229 626 egimus,
1262 574 1440 619 Tubero,
1473 575 1543 614 nis1
1566 584 1624 621 ut,
1656 575 1764 629 quod
1787 576 1856 616 hic

454 642 594 696 potest,
626 655 696 680 nos
719 641 946 695 pofl‘emus?
979 641 1165 692 Qorum
1194 640 1317 695 igitur
1338 641 1571 693 impunitas,
1604 642 1745 688 Caesar,
1777 651 1854 682 tuae

455 709 675 747 clementiae
708 708 790 746 laus
818 707 886 753 est,
918 707 1259 760 eorum'ipsorum
1287 707 1333 744 ad
1365 707 1640 747 crudelitatem
1674 718 1712 747 te
1743 719 1857 748 acuet

452 777 578 814 oratio
598 777 610 813 ?
643 777 778 828 Atque
801 776 841 813 in
862 774 935 812 hac
957 775 1067 812 causa
1088 773 1274 812 nonnihil
1295 774 1496 827 equidem,
1523 775 1702 822 Tubero,
1734 778 1857 815 etiam

455 851 578 887 tuam,
611 841 674 880 sed
695 841 825 880 multo
846 841 970 894 magis
992 841 1111 894 patris
1135 841 1208 886 tui,
1241 841 1493 894 prudentiam
1514 841 1686 880 defidero
1705 857 1714 881 :
1746 843 1855 896 quod

453 908 576 947 homo
591 939 602 954 ‚
634 922 727 947 curn
749 909 910 961 ingenio
930 917 1019 946 tum
1039 908 1159 946 etiam
1180 907 1357 946 doctrina
1376 908 1573 947 excellens
1589 939 1600 954 ,
1632 922 1755 961 genus
1776 908 1856 948 hoc

454 975 574 1014 causae
595 975 703 1028 quod
723 975 828 1021 esset,
851 988 930 1013 non
950 974 1112 1013 viderit:
1137 988 1243 1020 nam,
1266 974 1292 1013 fi
1313 974 1480 1020 vidiffet,
1499 976 1639 1028 quovis
1660 975 1853 1029 profecto,

453 1055 573 1094 quam
595 1041 665 1079 isto
686 1041 820 1086 modo,
849 1055 870 1078 a
890 1051 927 1079 te
948 1041 1010 1093 agi
1031 1040 1239 1079 maluisset.
1273 1040 1421 1093 Arguis
1442 1040 1648 1080 fatentem.
1683 1042 1780 1080 Non
1801 1041 1854 1080 est

453 1108 556 1146 satis.
591 1107 760 1146 Accusas
782 1121 889 1152 eum,
921 1108 992 1160 qui
1013 1106 1167 1145 causam
1191 1105 1325 1150 habet,
1357 1116 1439 1153 aut,
1469 1116 1515 1145 ut
1535 1121 1608 1160 ego
1629 1107 1734 1153 dico,
1766 1121 1852 1161 me-

451 1174 607 1219 liorem,
640 1188 760 1226 quam
783 1184 851 1219 tu;
885 1183 965 1219 aut,
997 1183 1039 1211 ut
1062 1182 1104 1211 tu
1125 1173 1198 1218 vis,
1230 1187 1378 1226 parem.

509 1242 608 1280 Haec
630 1255 708 1279 non
731 1241 851 1279 modo
872 1241 1070 1279 mirabilia
1090 1240 1180 1278 sunt
1195 1270 1205 1285 ‚
1238 1240 1301 1278 sed
1322 1241 1495 1293 prodigii
1526 1240 1651 1279 fimile
1671 1240 1725 1278 est
1745 1242 1853 1294 quod

451 1307 595 1346 dicam.
644 1308 739 1346 Non
769 1307 888 1346 habet
918 1321 1004 1345 eam
1034 1307 1117 1345 vim
1147 1307 1216 1344 ista
1249 1307 1469 1352 accusatio,
1502 1316 1547 1344 ut
1577 1308 1646 1359 Q
1668 1307 1852 1360 Ligarius

450 1375 761 1420 condemnetur,
795 1375 857 1412 sed
888 1384 932 1412 ut
962 1383 1136 1412 necetur.
1171 1374 1264 1412 Hoc
1292 1374 1373 1426 egit
1403 1374 1500 1412 civis
1531 1374 1738 1412 Romanus
1765 1382 1856 1413 ante

450 1451 488 1479 te
510 1455 641 1479 nemo.
675 1442 843 1479 Externi
863 1441 924 1479 isti
945 1440 1034 1479 sunt
1055 1453 1206 1478 mores:
1231 1439 1353 1493 usque
1373 1439 1420 1477 ad
1441 1440 1673 1492 sanguinem
1693 1440 1851 1479 incitari

450 1507 546 1546 solet
562 1507 700 1546 odium
716 1518 783 1546 aut
803 1508 952 1546 levium
970 1508 1218 1552 Graecorum,
1235 1515 1303 1545 aut
1318 1507 1558 1545 immanium
1578 1506 1850 1546 barbarorum.

450 1575 558 1613 Nam
578 1575 675 1627 quid
695 1574 803 1613 aliud
823 1575 904 1627 agis
925 1575 937 1612 ?
971 1575 1029 1612 Ut
1050 1575 1189 1612 Romae
1209 1587 1259 1612 ne
1280 1573 1325 1612 s1t
1344 1575 1356 1611 ?
1391 1582 1434 1612 ut
1464 1574 1585 1612 domo
1612 1574 1770 1612 careat?
1800 1587 1851 1612 ne

448 1654 541 1679 cum
574 1642 737 1694 optimis
772 1640 986 1686 fratribus,
1019 1654 1068 1678 ne
1098 1654 1191 1679 cum
1221 1639 1299 1678 hoc
1330 1641 1384 1679 T.
1416 1639 1623 1685 Broccho,
1653 1639 1853 1679 avunculo

449 1707 532 1753 suo,
565 1722 613 1746 ne
641 1721 734 1745 cum
764 1708 846 1760 ejus
877 1707 976 1752 filio,
1009 1706 1248 1745 consobrino
1277 1706 1361 1752 suo,
1394 1720 1442 1744 ne
1471 1706 1682 1745 nobiscum
1710 1707 1849 1746 vivat?

449 1788 496 1812 ne
518 1774 562 1812 fit
583 1775 623 1812 in
647 1775 769 1826 patria
788 1776 800 1811 ?
824 1774 939 1812 Num
959 1773 1013 1811 est
1031 1775 1045 1811 ?
1067 1787 1166 1812 num
1186 1773 1312 1826 potest
1332 1775 1457 1826 magis
1478 1787 1607 1812 carere
1628 1772 1691 1812 his
1712 1774 1849 1821 omni-‚-

448 1841 537 1884 bus,
552 1853 680 1892 -quam
701 1841 834 1877 caret?
857 1839 971 1877 Italia
990 1838 1239 1891 prohibetur,
1262 1839 1411 1878 exulat.
1443 1840 1540 1878 Non
1563 1849 1606 1877 tu
1626 1853 1720 1891 ergo
1740 1838 1850 1878 hunc

447 1908 572 1960 patria
592 1907 756 1959 privare,
788 1919 866 1958 qua
885 1914 1003 1950 caret,
1035 1904 1100 1953 sed
1121 1905 1214 1950 vita,
1247 1906 1319 1944 vis.
1362 1906 1418 1943 At
1438 1904 1541 1943 istud
1562 1919 1610 1944 ne
1630 1905 1734 1958 apud
1754 1919 1848 1944 eum

446 1973 610 2025 quidem
642 1973 894 2017 dictatorem,
926 1972 997 2025 qui
1028 1985 1187 2017 omnes,
1219 1985 1317 2024 quos
1350 1970 1506 2016 oderat,
1539 1980 1666 2009 morte
1697 1971 1847 2010 multa-

448 2041 527 2084 bat,
560 2039 769 2092 quisquam
790 2039 871 2091 egit
896 2038 968 2077 isto
989 2038 1123 2077 modo.
1158 2037 1243 2090 Ipse
1258 2038 1426 2090 jubebat
1446 2037 1591 2083 occidi,
1624 2037 1737 2075 nullo
1756 2039 1848 2091 pos-

447 2107 625 2145 tulante:
659 2107 830 2159 praemiis
860 2107 979 2144 etiam
1010 2105 1214 2143 invitabat.
1261 2106 1360 2158 Qae
1392 2113 1522 2143 tamen
1553 2103 1764 2142 crudelitas
1798 2105 1847 2143 ab

447 2173 523 2212 hoc
551 2172 689 2211 eodem
716 2173 870 2224 aliquot
896 2173 1008 2210 annis
1040 2172 1139 2225 post,
1172 2185 1291 2224 quem
1325 2181 1368 2209 tu
1401 2185 1508 2209 nunc
1540 2170 1742 2209 crudelem
1775 2171 1849 2210 effe

447 2241 519 2285 vis,
552 2239 748 2277 vindicata
767 2239 834 2277 est.

503 2307 553 2345 V.
588 2307 676 2358 Ego
705 2319 795 2343 vero
826 2304 926 2343 istud
957 2318 1035 2342 non
1066 2304 1235 2357 postulo,
1268 2304 1438 2356 inquies.
1476 2304 1536 2343 Ita
1555 2303 1754 2342 mehercle
1774 2317 1846 2342 ex-

447 2373 591 2418 istimo,
624 2373 815 2411 Tubero:
850 2372 941 2410 novi
973 2372 1080 2409 enim
1114 2381 1172 2417 te,
1206 2371 1297 2409 novi
1327 2380 1498 2423 patrem,
1531 2371 1624 2409 novi
1657 2370 1844 2414 domum,

447 2453 672 2492 nomenque
702 2439 870 2477 vestrum
888 2458 899 2484 3
933 2438 1056 2476 studia
1078 2437 1248 2491 denique
1268 2438 1420 2490 generis
1443 2451 1485 2476 ac
1506 2436 1668 2475 familiae
1688 2436 1842 2480 vestrae,

449 2507 631 2551 virtutis,
675 2505 959 2552 humanitatis,
996 2504 1208 2551 doctrinae,
1243 2505 1508 2558 plurimarum
1546 2504 1691 2543 artium
1730 2511 1846 2554 atque
