2076 2860
664 134 1241 175 PHILIPPICA
1319 134 1393 172 XI.
1649 146 1726 184 423

391 243 444 280 X.
478 240 591 279 Adde
619 240 717 278 istuc
746 240 939 278 sermones
961 238 1190 283 hominum,
1222 237 1318 276 adde
1350 236 1603 290 suspiciones,
1635 237 1730 275 adde

332 308 538 345 invidiam.
564 306 722 344 Imitare
743 319 821 350 me,
840 318 961 356 quem
979 314 1020 342 tu
1039 304 1189 356 semper
1205 303 1387 348 laudasti3
1412 305 1481 356 qui
1503 303 1730 341 instructam

332 384 588 425 ornatamque
609 386 631 409 a
650 371 781 410 senatu
803 371 1047 424 provinciam
1069 370 1245 422 deposui,
1264 380 1308 408 ut
1329 370 1559 408 incendium
1581 371 1728 424 patriae,

331 439 467 477 omiffa
501 438 612 476 omni
647 438 912 489 cogitatione,
946 436 1239 488 restinguerem.
1292 437 1426 474 Nemo
1460 437 1559 482 erit,
1591 447 1730 489 praeter

335 520 461 543 unum
483 520 560 550 me,
587 505 770 557 (quicum
793 503 984 557 profecto,
1008 504 1033 541 fi
1055 502 1152 556 quid
1174 502 1349 540 interesse
1370 503 1534 555 putaffes
1557 513 1637 549 tua,
1660 518 1730 557 pro

334 572 487 610 summa
514 571 780 609 familiaritate
808 570 934 608 nostra
959 569 1303 619 communicass‘es)
1334 570 1403 622 qui
1431 570 1575 615 credat,
1609 581 1646 608 te
1667 571 1730 609 in-

334 639 430 683 vito,
454 638 698 691 provinciam
720 637 794 675 tibi
815 636 887 675 effe
909 636 1119 674 decretam.
1154 636 1287 679 Hanc,
1311 635 1454 687 quaeso,
1472 650 1543 688 pro
1566 646 1631 674 tua
1651 638 1729 675 fin-

331 705 461 757 gulari
496 704 684 757 sapientia
718 704 886 757 reprime
921 702 1097 747 famam3
1130 711 1247 755 atque
1282 702 1413 747 effice,
1448 716 1495 740 ne
1530 703 1591 748 id,
1624 703 1731 756 quod

335 784 416 809 non
451 783 587 816 curas,
630 784 771 823 cupere
806 769 972 808 videare.
1024 768 1145 820 Qod
1179 767 1343 821 quidem
1378 782 1424 805 eo
1458 768 1731 807 vehementius

335 837 411 875 tibi
444 837 703 875 laborandum
731 837 798 882 est,
831 838 924 889 quia
949 837 990 874 in
1017 835 1181 874 eandem
1207 835 1341 873 cadere
1363 835 1625 888 suspicionem
1646 837 1731 874 col-

334 903 434 955 lega,
467 904 525 941 vir
546 903 791 948 clariffimus,
827 917 905 942 non
929 902 1067 955 potest.
1101 901 1220 941 Nihil
1242 901 1387 941 horum
1409 902 1495 948 scit,
1526 901 1628 942 nihil
1650 903 1731 941 sus-

332 970 515 1022 picatur:
541 969 692 1007 bellum
713 969 839 1021 gerit:
865 970 904 1008 in
926 969 1007 1007 acie
1027 969 1122 1006 stat:
1156 968 1203 1006 de
1225 968 1426 1020 sanguine,
1448 977 1487 1006 et
1507 968 1554 1006 de
1577 969 1730 1021 spiritu,

334 1035 533 1073 decertat:
567 1045 657 1073 ante
677 1036 924 1088 provinciam
946 1036 1016 1073 fibi
1044 1036 1241 1073 decretam
1268 1035 1414 1081 audiet,
1447 1049 1566 1088 quam
1588 1046 1732 1088 potue—

334 1102 385 1140 rit
408 1111 562 1155 tempus
584 1102 620 1140 ei
641 1103 696 1140 rei
717 1102 852 1141 datum
873 1102 1071 1155 suspicari.

390 1169 553 1214 Vereor,
586 1182 634 1206 ne
665 1170 859 1206 exercitus
893 1182 1053 1221 quoque
1080 1167 1215 1213 nostri,
1248 1168 1318 1220 qui
1350 1181 1428 1207 non
1461 1168 1633 1206 delectus
1662 1183 1732 1207 ne-

335 1234 520 1279 ceffitate,
552 1234 617 1272 sed
643 1235 876 1272 voluntariis
904 1234 1056 1279 studiis,
1089 1234 1125 1273 se
1152 1234 1199 1272 ad
1232 1235 1522 1287 rempublicam
1549 1236 1733 1273 contule-

337 1310 445 1347 runt,
478 1300 679 1339 tardentur
698 1301 856 1346 animis,
888 1301 915 1338 fi
936 1300 1157 1353 quidquam
1180 1300 1288 1339 aliud
1309 1301 1440 1346 nobis,
1472 1301 1542 1339 nifi
1573 1301 1620 1340 de
1651 1302 1733 1340 ins-

337 1368 438 1406 tanti
460 1368 580 1413 bello,
613 1368 833 1420 cogitatum
857 1368 1070 1420 putabunt.
1115 1367 1236 1418 Qod
1264 1367 1290 1406 s1
1318 1368 1530 1420 provinciae
1558 1368 1733 1407 consuli-

337 1434 410 1470 bus
432 1432 658 1485 expetendae
680 1433 877 1478 videntur,
910 1433 1009 1471 ficut
1030 1432 1125 1484 saepe
1146 1432 1286 1471 multis
1307 1432 1525 1472 clariffimis
1548 1434 1640 1471 viris
1662 1447 1732 1472 ex—

336 1499 468 1551 petitae
490 1500 608 1544 sunt;
642 1499 791 1538 reddite
811 1500 918 1552 prius
941 1499 1056 1538 nobis
1078 1500 1264 1544 Brutum,
1297 1499 1432 1537 lumen
1460 1509 1498 1537 et
1526 1499 1644 1538 decus
1672 1501 1732 1537 ci-

336 1566 497 1610 vitati33
531 1567 600 1618 qui
622 1567 676 1604 ita
696 1565 980 1604 conservandus
1002 1565 1069 1610 est,
1102 1574 1146 1603 ut
1173 1565 1213 1602 id
1241 1565 1410 1618 fignum,
1443 1565 1550 1618 quod
1571 1566 1617 1603 de
1639 1567 1733 1604 caelo

337 1631 538 1685 delapsum
567 1633 689 1672 Vestae
722 1632 907 1671 custodiis
939 1633 1194 1672 continetur:
1228 1645 1308 1684 quo
1336 1632 1453 1677 salvo,
1486 1632 1578 1670 salvi
1600 1632 1733 1671 sumus

338 1697 478 1738 futuri.
512 1701 631 1738 Tunc
660 1700 720 1738 vel
754 1701 794 1738 in
823 1700 962 1738 caelum
985 1714 1068 1745 vos,
1100 1700 1126 1737 fi
1148 1699 1232 1737 fieri
1253 1699 1413 1751 poterit,
1445 1698 1620 1737 humeris
1642 1700 1732 1738 nos-

338 1765 408 1803 tris
443 1765 657 1804 tollemus:
690 1766 910 1819 provincias
941 1775 1045 1804 certe
1077 1765 1317 1817 dignissimas
1350 1766 1462 1803 vobis
1496 1765 1731 1817 deligemus.

338 1831 477 1876 Nunc,
509 1832 617 1884 quod
637 1832 780 1884 agitur,
803 1846 978 1885 agamus.
1012 1833 1160 1884 Agitur
1179 1840 1325 1876 autem,
1354 1831 1520 1869 liberine
1540 1833 1732 1877 vivamus,

337 1910 385 1937 an
408 1907 578 1936 mortem
600 1898 785 1936 obeamus
805 1913 814 1936 ε
847 1912 933 1950 quae
955 1907 1058 1936 certe
1078 1897 1257 1935 servituti
1277 1897 1548 1950 anteponenda
1568 1897 1635 1936 est.

395 1963 506 2014 Qid
527 1963 553 2001 fi
574 1963 693 2004 etiam
713 1963 825 2002 affert
846 1963 1070 2002 tarditatem
1090 1962 1160 2001 ista
1179 1963 1383 2008 sententia,
1414 1963 1461 2001 ad
1482 1963 1735 2001 Dolabellam

339 2028 684 2081 persequendum?
717 2029 887 2081 Qando
922 2030 1031 2067 enim
1065 2028 1195 2067 veniet
1229 2028 1399 2067 consul?
1431 2042 1478 2067 an
1513 2030 1553 2067 id
1589 2043 1733 2082 expec-

339 2104 482 2140 tamus,
501 2109 580 2147 quo
602 2109 649 2134 ne
670 2095 878 2146 vestigium
900 2095 1064 2147 quidem
1085 2095 1184 2133 Afiae
1205 2095 1414 2134 civitatum
1434 2105 1551 2148 atque
1572 2096 1734 2134 urbium

341 2160 585 2211 relinquatur
605 2163 616 2198 ?
649 2162 705 2198 At
726 2161 889 2199 mittent
915 2161 1089 2213 aliquem
1110 2161 1157 2199 de
1177 2161 1245 2200 suo
1266 2175 1447 2202 numero.
1479 2162 1605 2200 Valde
1631 2162 1735 2200 mihi

340 2226 496 2278 probari
522 2226 659 2278 potest,
692 2227 761 2278 qui
794 2228 912 2279 paulo
944 2236 1032 2265 ante
1064 2227 1273 2266 clariffimo
1303 2229 1388 2266 viro
1420 2228 1572 2281 privato
1604 2229 1733 2281 impe-

341 2293 446 2330 rium
467 2302 576 2330 extra
596 2292 776 2331 ordinem
798 2307 875 2332 non
899 2293 1006 2333 dedi.-
1046 2295 1102 2332 At
1128 2293 1337 2333 hominem
1366 2295 1533 2347 dignum
1555 2295 1731 2332 mittent.

343 2358 456 2395 Num
478 2357 522 2395 P.
541 2358 703 2396 Servilio
720 2357 942 2410 digniorem
959 2360 972 2397 ?
995 2368 1033 2398 at
1049 2373 1140 2398 eum
1156 2360 1318 2411 quidem
1339 2361 1476 2398 civitas
1499 2374 1577 2398 non
1599 2360 1731 2398 habet.

341 2424 463 2476 Qod
484 2438 575 2476 ergo
597 2424 676 2476 ipse
698 2426 849 2464 nemini
870 2434 981 2478 putat
1003 2426 1191 2472 dandum,
1223 2440 1271 2465 ne
1292 2441 1312 2465 a
1331 2427 1463 2465 senatu
1485 2427 1661 2478 quidem,
1693 2425 1734 2462 id
