2076 2860
520 173 599 214 286
872 171 949 210 IN
1007 168 1073 209 M.
1133 168 1561 210 ANTONIUM

518 275 664 321 dicam,
687 287 847 313 avorum
868 281 906 310 et
922 270 1108 310 avunculi
1128 271 1186 310 sui
1207 271 1455 311 consulatum
1476 272 1504 311 fi
1525 272 1760 319 imitaretur,
1782 272 1913 312 fortu-

519 343 648 381 natior
668 341 888 380 videretur:
912 337 975 377 sed
996 351 1088 376 eum
1108 338 1344 377 iracundum
1364 338 1480 377 audio
1500 339 1573 378 effe
1590 338 1757 378 factum.
1785 339 1916 379 Video

518 419 664 452 autem,
697 420 816 460 quam
838 405 884 443 slt
903 404 1084 442 odiosum
1104 403 1246 443 habere
1267 405 1437 443 eundem
1456 406 1616 451 iratum,
1643 415 1682 445 et
1701 415 1915 452 armatum,

519 490 613 514 cum
634 482 740 512 tanta
759 471 972 525 praesertim
991 470 1215 524 gladiorum
1245 471 1290 509 fit
1320 472 1551 525 impunitas.
1595 472 1668 511 Sed
1694 486 1915 527 proponam

513 543 595 595 jus,
628 549 672 577 ut
692 539 848 592 opinor,
880 551 1039 590 aequum
1057 552 1066 575 t
1099 536 1208 589 quod
1228 537 1292 575 M.
1315 538 1542 576 Antonium
1562 552 1643 577 non
1663 539 1831 577 arbitror
1851 552 1914 577 re-

518 607 789 661 pudiaturum.
809 606 912 658 Ego,
930 604 955 642 fi
978 603 1075 657 quid
1091 604 1132 642 in
1148 604 1271 643 vitam
1286 605 1385 657 ejus,
1403 614 1470 643 aut
1484 605 1526 643 in
1542 619 1685 651 mores,
1702 614 1914 644 contume-

519 673 614 712 liose
634 672 798 718 dixero3
830 685 910 724 quo
930 671 1062 709 minus
1083 670 1186 710 mihi
1207 671 1500 710 inimiciffimus
1521 672 1581 717 fit,
1613 685 1692 710 non
1713 671 1916 711 recusabo.

521 741 589 779 Sin
620 739 947 779 consuetudinem
978 752 1132 785 meam,
1164 752 1284 791 quam
1311 739 1352 776 in
1373 739 1576 792 republica
1595 739 1745 793 semper
1764 739 1917 785 habui,

519 817 706 853 tenuero,
738 807 779 846 id
799 806 875 852 est,
907 807 933 845 fi
955 806 1099 851 libere,
1133 820 1218 858 quae
1240 806 1427 851 sentiam,
1459 806 1507 844 de
1527 807 1730 859 republica
1749 806 1885 845 dixero
1901 825 1916 851 5

519 875 696 927 primum
717 873 903 926 deprecor
917 902 928 918 ,
960 886 1008 910 ne
1028 872 1212 910 irascatur
1230 886 1238 910 ε
1272 871 1413 910 deinde
1427 901 1438 917 ,
1471 872 1497 910 fi
1518 872 1595 910 hoc
1617 886 1696 910 non
1717 873 1889 925 impetro
1903 900 1918 917 ‚

519 950 628 994 peto,
657 950 701 979 ut
722 941 772 978 fic
793 940 992 985 irascatur,
1023 948 1067 977 ut
1087 940 1179 977 civi.
1211 939 1347 976 Armis
1369 948 1517 984 utatur,
1547 940 1575 978 fi
1596 940 1650 977 ita
1670 938 1816 978 necesse
1835 938 1889 977 est
1903 969 1918 984 ‚

520 1017 566 1046 ut
586 1007 698 1053 dicit,
722 1007 780 1045 sui
800 1005 1037 1044 defendendi
1057 1004 1191 1044 causa:
1215 1005 1281 1050 iis,
1297 1005 1367 1058 qui
1387 1019 1458 1058 pro
1479 1006 1698 1058 republica,
1719 1019 1805 1058 quae
1825 1005 1919 1057 ipfis

520 1073 599 1112 visa
618 1083 734 1113 erunt
748 1103 759 1120 ,
791 1073 964 1112 dixerint
978 1103 989 1118 ‚
1020 1072 1090 1111 ista
1109 1086 1214 1111 arma
1235 1085 1284 1110 ne
1304 1081 1484 1111 noceant.
1517 1072 1629 1125 Qid
1648 1071 1721 1111 hac
1742 1069 1920 1125 postula-

520 1142 629 1180 tione
649 1141 729 1179 dici
749 1140 875 1193 potest
893 1139 1043 1193 aequius
1062 1140 1077 1177 ?

577 1206 699 1259 Qod
720 1207 767 1251 fi,
799 1216 844 1244 ut
864 1220 885 1244 a
904 1204 1141 1258 quibusdam
1161 1203 1262 1243 mihi
1283 1205 1365 1257 ejus
1387 1203 1648 1244 familiaribus
1669 1204 1823 1243 dictum
1841 1203 1918 1250 est,

521 1273 654 1312 omnis
674 1287 766 1311 eum
780 1302 792 1318 ,
824 1286 910 1326 quae
931 1271 1098 1309 habetur
1118 1280 1255 1309 contra
1273 1271 1520 1309 voluntatem
1541 1272 1624 1323 ejus
1639 1300 1651 1316 ,
1682 1272 1808 1309 oratio
1826 1283 1920 1323 gra-

520 1340 622 1380 viter
641 1339 808 1378 offendit
822 1369 834 1385 ‚
865 1339 983 1377 etiarn
1004 1338 1030 1376 fi
1052 1337 1163 1376 nulla
1185 1336 1285 1375 inest
1304 1337 1548 1375 contumelia
1562 1356 1575 1382 ,-
1607 1336 1780 1376 feremus
1800 1336 1922 1376 amici

522 1418 719 1447 naturam.
757 1407 830 1445 Sed
861 1406 983 1445 iidem
1009 1405 1072 1443 illi
1102 1406 1158 1444 ita
1183 1418 1370 1443 mecum:
1404 1405 1500 1444 Non
1521 1404 1628 1443 idem
1649 1405 1724 1443 tibi
1744 1403 1921 1443 adversa-

521 1475 583 1513 rio
616 1474 775 1513 Caesaris
808 1473 961 1519 licebit,
993 1472 1101 1526 quod
1133 1471 1266 1510 Pisoni
1298 1471 1443 1510 socero.
1482 1473 1536 1510 Et
1563 1471 1678 1510 fimul
1705 1470 1922 1510 admonent

523 1540 729 1593 quiddam,
753 1540 860 1593 quod
881 1540 1133 1578 cavebimus:
1166 1552 1239 1576 nec
1259 1539 1333 1576 erit
1347 1537 1504 1591 justior,
1537 1538 1668 1576 Patres
1690 1536 1920 1590 conscripti,

521 1608 565 1645 in
587 1607 763 1646 senatum
785 1620 865 1644 non
886 1605 1069 1645 veniendi
1089 1604 1221 1644 morbi
1241 1603 1367 1650 causa,
1398 1617 1519 1657 quam
1539 1604 1695 1642 mortis.

580 1674 678 1713 XII.
712 1673 785 1712 Sed
804 1687 873 1726 per
894 1673 1000 1711 Deos
1022 1671 1265 1710 immortales
1283 1671 1290 1709 !
1316 1680 1354 1709 te
1373 1671 1482 1709 enim
1498 1671 1674 1716 intuens,
1695 1669 1921 1715 Dolabella,

524 1741 649 1793 quies
667 1739 769 1779 mihi
785 1740 1015 1784 cariffimus‚
1038 1753 1117 1777 non
1138 1738 1292 1791 poffum
1313 1737 1360 1776 de
1381 1737 1585 1790 utriusque
1604 1736 1773 1775 vestrum
1794 1750 1924 1774 errore

524 1807 702 1845 reticere.
747 1805 876 1844 Credo
903 1806 1011 1843 enirn
1037 1818 1105 1842 vos
1121 1833 1133 1849 ,
1163 1804 1347 1841 homines
1370 1804 1522 1841 nobiles
1538 1833 1549 1848 ,
1582 1817 1722 1855 magna
1743 1802 1923 1855 quaedam

525 1873 761 1926 spectantes,
794 1884 873 1909 non
894 1870 1125 1923 pecuniam,
1157 1877 1201 1906 ut
1222 1868 1385 1921 quidam
1407 1869 1525 1906 nimis
1547 1869 1698 1906 creduli
1719 1868 1921 1920 suspican-

525 1948 605 1985 tur,
628 1953 714 1992 quae
735 1938 886 1990 semper
901 1937 948 1974 ab
965 1935 1201 1989 ampliffi'mo
1217 1948 1376 1987 quoquc
1393 1935 1680 1988 clarissimoque
1695 1943 1925 1988 contempta

525 2005 605 2051 est5
638 2019 718 2043 non
739 2017 831 2057 opes
853 2003 1042 2041 violentas
1058 2032 1068 2047 ,
1101 2011 1139 2040 et
1160 2002 1309 2055 populo
1330 2002 1513 2039 Romano
1535 2003 1701 2039 minime
1721 2000 1924 2040 ferendam

526 2071 772 2125 potentiam;
806 2069 868 2107 sed
889 2069 1090 2107 caritatem
1112 2068 1282 2113 civium,
1314 2076 1352 2105 et
1373 2068 1560 2119 gloriam,
1593 2067 1830 2120 concupisse.
1866 2069 1926 2106 Ea

527 2147 660 2176 autem
680 2136 733 2175 est
753 2136 877 2188 gloria
892 2165 902 2180 ‚
934 2135 1017 2173 laus
1046 2137 1146 2172 recte
1166 2133 1357 2172 factorum
1375 2164 1388 2179 ,
1418 2147 1732 2186 magnorumque
1753 2134 1794 2171 in
1816 2147 1923 2172 rern-

528 2205 731 2258 publicam
760 2204 1017 2241 meritorum:
1051 2216 1136 2255 quae
1163 2215 1257 2240 cum
1284 2202 1428 2254 optimi
1455 2201 1659 2255 cujusque,
1692 2210 1779 2239 tum
1803 2202 1924 2240 etiam

528 2270 815 2315 multitudinis,
848 2269 1072 2308 testimonio
1092 2268 1387 2321 comprobatur.

585 2339 787 2383 Dicerem,
821 2335 1043 2380 Dolabella,
1076 2336 1146 2387 qui
1178 2337 1278 2373 recte
1309 2335 1504 2373 faftorum
1535 2333 1687 2373 fructus
1715 2334 1819 2379 esset,
1852 2331 1921 2371 nifi

532 2416 568 2443 te
590 2403 783 2457 paulisper
803 2402 875 2440 effe
895 2411 1102 2454 expertum
1123 2400 1310 2439 viderem.
1354 2403 1487 2453 Qem
1520 2410 1629 2453 potes
1658 2399 1849 2439 recordari
1881 2399 1923 2436 in

528 2472 609 2510 vita
639 2468 809 2510 illuxisse
842 2468 916 2508 tibi
948 2468 1054 2507 diem
1081 2467 1297 2513 laetiorem,
1329 2480 1449 2520 quam
1477 2481 1596 2513 cum,
1627 2468 1783 2519 expiato
1810 2464 1923 2510 foro,
