2076 2860
641 155 1217 198 PHILIPPICA
1292 157 1410 198 x111.
1645 170 1724 212 451,

309 264 367 313 sit
389 262 536 313 Cffus,
571 270 681 315 atque
699 262 845 300 Brutus
861 260 881 299 ,ἲ
913 261 1032 298 Putes
1064 259 1328 298 Censorinum
1348 259 1491 305 dicere,
1523 268 1590 298 aut
1610 259 1721 299 Ven-

323 328 484 373 tidium,
516 337 583 366 aut
603 328 723 366 etiam
754 327 855 380 ipsos
882 326 1096 365 Antonios.
1142 327 1226 364 Cur
1254 335 1387 364 autem
1417 327 1547 364 nolint
1576 334 1721 379 poten·-

320 402 377 431 tes
410 393 483 431 effe
515 407 595 432 non
629 393 749 431 modo
780 392 955 446 optimos
987 401 1027 430 et
1058 392 1319 430 nobiliffirnos
1351 393 1470 437 viros,
1502 391 1566 429 sed
1585 391 1720 432 secum

318 459 437 497 etiam
472 460 514 498 in
555 460 783 513 reipublicae
823 457 1046 497 defensione
1085 459 1350 510 conjunctos?
1387 458 1573 497 N'imirum
1608 458 1720 497 eodem

315 524 410 563 modo
429 525 506 564 haec
525 525 719 579 afficitis,
750 535 793 564 ut
805 525 951 579 priora.
993 526 1093 578 Qae
1114 525 1273 563 tandem
1292 526 1305 562 ?
1338 523 1468 574 Castra
1488 524 1651 577 Pompeii
1651 526 1717 578 st-

316 600 443 630 natum
461 592 664 644 appellatis.

372 659 469 696 XII.
504 660 568 696 An
591 672 680 697 vero
702 667 768 696 tua
796 658 916 696 castra
945 657 1078 710 potius
1108 656 1287 695 senatum
1316 656 1636 710 appellaremus?
1674 658 1718 696 in

317 725 464 777 quibus
487 733 530 763 tu
551 738 589 762 es
611 725 795 764 videlicet
817 724 1046 769 consularis,
1077 725 1191 776 cujus
1214 732 1320 762 totus
1341 723 1566 762 consulatus
1587 723 1642 762 est
1668 738 1716 763 ex

317 791 429 828 omni
460 800 815 829 monumentorum
848 790 1039 829 memoria
1071 788 1273 828 revulsus:
1306 788 1385 828 duo
1410 798 1607 841 praetores,
1639 790 1718 829 fine

317 857 429 896 causa
448 857 562 896 diffifi
583 857 619 896 se
639 857 791 910 aliquid
823 856 1027 896 habituros
1044 875 1057 902 ς
1090 869 1160 895 nos
1192 857 1302 894 enim
1334 856 1493 894 Caesaris
1526 856 1718 895 beneficia

316 922 592 962 defendimus:
625 924 812 976 praetorii,
838 921 1124 975 Philadelphus
1146 923 1320 967 Annius,
1341 931 1381 961 et
1401 923 1590 961 innocens
1613 922 1715 961 Gal-

315 990 421 1028 lius:
455 990 623 1035 aedilitii,
657 991 824 1029 Coricus
856 991 1024 1028 laterum
1056 999 1095 1028 et
1126 990 1233 1028 vocis
1264 1003 1374 1034 meae,
1407 989 1532 1027 Bestia
1556 999 1597 1028 et
1622 989 1717 1028 fidei

314 1064 527 1108 patronus;
560 1056 761 1094 fraudator
781 1056 1023 1094 creditorum
1044 1055 1288 1100 Trebellius,
1311 1066 1349 1094 et
1369 1054 1492 1094 homo
1513 1056 1714 1110 diruptus,

313 1121 559 1176 dirutusque,
583 1123 818 1181 QCaelius,
836 1123 1104 1175 columenque
1124 1122 1346 1160 amicorum
1368 1124 1551 1169 Antonii,
1572 1123 1717 1176 Cotyla.

315 1189 481 1235 Varius3
505 1203 604 1242 quos
626 1190 828 1227 Antonius
850 1189 1084 1227 deliciarum
1104 1188 1216 1227 causa
1236 1188 1331 1227 loris
1351 1189 1393 1227 in
1414 1189 1598 1228 convivio
1618 1190 1715 1228 caedi

308 1255 477 1307 jubebat
513 1270 535 1294 a
573 1255 690 1294 servis
727 1255 928 1308 publicis:
968 1255 1294 1308 Septemvirales,
1332 1257 1487 1301 Lento,
1520 1257 1715 1302 Nucula,

315 1330 402 1360 tum
425 1322 575 1361 deliciae
599 1332 715 1375 atque
743 1336 894 1360 amores
922 1321 1062 1375 populi
1095 1322 1270 1360 Romani
1302 1322 1351 1360 L.
1376 1323 1606 1362 Antonius:
1640 1324 1714 1362 tri-

315 1389 413 1428 buni
435 1390 612 1443 primum
632 1390 711 1428 duo
732 1390 936 1442 designati,
968 1388 1116 1427 Tullus
1139 1388 1352 1435 Hostilius,
1383 1390 1453 1442 qui
1475 1390 1542 1429 suo
1560 1391 1650 1443 jure
1670 1389 1714 1430 iri

313 1465 427 1508 porta
448 1470 592 1495 nomen
615 1456 836 1508 inscripsit3
869 1456 953 1508 qui,
985 1468 1079 1493 cum
1099 1454 1263 1508 prodere
1291 1456 1569 1509 imperatorem
1597 1447 1714 1496 suum

314 1536 394 1561 non
427 1523 563 1576 poss‘et,
596 1523 785 1575 reliquit:
818 1523 914 1561 alter
935 1522 987 1560 est
1008 1522 1243 1574 designatus,
1275 1522 1431 1561 Viseius
1463 1523 1594 1561 nescio
1625 1524 1713 1576 qui,

313 1587 444 1634 fortis,
477 1599 521 1628 ut
540 1590 666 1634 aiunt,
690 1589 811 1633 latro;
845 1603 965 1641 quem
987 1598 1117 1627 tamen
1141 1597 1426 1641 temperantem
1446 1587 1559 1626 fuiffe
1578 1588 1714 1628 ferunt

314 1655 463 1693 Pisauri
485 1655 764 1694 balneatorem.
808 1656 1035 1708 Sequuntur
1055 1654 1136 1699 alii,
1160 1654 1376 1700 tribunitii,
1400 1656 1453 1693 T.
1479 1655 1647 1694 Plancus
1669 1657 1713 1694 in

313 1722 478 1774 primis:
511 1722 595 1775 qui,
629 1722 654 1760 fi
676 1722 852 1760 senatum
874 1720 1082 1766 dilexisset,
1113 1734 1319 1773 nunquam
1340 1722 1491 1759 curiam
1512 1721 1711 1760 incendis-

314 1787 382 1826 set.
426 1789 518 1840 Qo
540 1788 682 1826 scelere
702 1788 924 1833 damnatus,
957 1788 996 1826 in
1018 1801 1104 1826 eam
1127 1786 1268 1824 urbem
1290 1786 1406 1825 rediit
1429 1787 1563 1831 armis,
1595 1801 1615 1826 e
1636 1801 1712 1840 qua

313 1855 520 1893 excesserat
552 1855 722 1906 legibus.
765 1854 838 1893 Sed
865 1853 942 1893 hoc
973 1855 1008 1892 ei
1039 1867 1253 1892 commune
1281 1867 1375 1892 cum
1396 1854 1580 1906 plurimis
1603 1854 1710 1894 diffi-

314 1921 514 1960 millimis.
560 1921 666 1959 Illud
687 1931 819 1959 tamen
841 1935 992 1967 verum,
1024 1920 1132 1974 quod
1162 1921 1203 1958 in
1233 1919 1310 1958 hoc
1339 1920 1486 1958 Planco
1514 1921 1713 1973 proverbii

314 1987 402 2025 loco
424 1987 503 2025 dici
524 1987 635 2033 solet,
660 1989 784 2040 perire
805 2002 897 2025 eum
920 2001 998 2025 non
1020 1987 1138 2040 poffe,
1157 1986 1227 2024 nisi
1249 1987 1283 2025 ei
1305 2000 1417 2025 crura
1435 1986 1555 2025 fraCta
1575 1987 1710 2027 effent.

314 2053 450 2091 Fracta
470 2054 573 2099 sunt,
605 2063 643 2091 et
665 2054 776 2091 vivit.
819 2055 911 2092 Hoc
935 2063 1081 2098 tamen,
1114 2062 1158 2091 ut
1178 2052 1252 2091 alia
1272 2053 1413 2098 multa,
1445 2053 1603 2106 Aquilae
1630 2052 1710 2093 fer-

314 2128 378 2156 tur
397 2129 621 2172 acceptum.

370 2186 489 2224 XIII.
523 2187 591 2224 Est
620 2187 739 2225 etiam
769 2187 826 2223 ibi
854 2186 1019 2232 Decius,
1051 2187 1099 2226 ab
1130 2187 1225 2232 illis,
1258 2195 1303 2225 ut
1332 2187 1487 2239 opinor,
1521 2186 1709 2224 Muribus

315 2253 466 2290 Deciis.
488 2254 638 2305 Itaque,
656 2252 815 2291 Caesaris
832 2268 1009 2300 munere,
1026 2255 1244 2293 Deciorum
1261 2254 1423 2307 quidem
1440 2253 1569 2291 multo
1586 2253 1710 2291 inter-

312 2320 416 2357 vallo
438 2333 506 2372 per
526 2319 634 2357 hunc
656 2319 887 2372 praeclarum
907 2321 1037 2359 virum
1059 2322 1249 2360 memoria
1269 2329 1451 2359 renovata
1470 2320 1536 2357 est.
1573 2321 1710 2358 Saxam

312 2399 404 2423 vero
433 2386 649 2424 Decidium
678 2387 872 2438 praeterire
899 2387 968 2439 qui
998 2387 1166 2439 possum,
1199 2386 1405 2425 hominem
1430 2386 1642 2423 deductum
1661 2398 1712 2422 ex

314 2452 467 2490 ultimis
490 2453 691 2505 gentibu8‚
725 2461 768 2491 ut
801 2466 892 2492 eum
923 2453 1129 2492 tribunum
1164 2453 1290 2506 plebis
1323 2452 1558 2495 videremus,
1590 2464 1709 2503 quem

1249 2517 1407 2558 Lllz
