2076 2860
736 147 875 188 PRO
938 144 1002 183 M.
1066 139 1327 180 CAELIO,
1622 192 1630 193 ἶ
1688 134 1736 183 33

333 250 498 304 triginta
512 246 695 286 millibus
717 242 869 281 dixistis
890 253 983 278 eum
1003 237 1196 276 habitare.
1221 234 1344 272 Nunc
1361 230 1525 269 demum
1542 226 1741 278 intelligo,

335 318 381 355 P.
406 314 542 354 Clodii
574 311 745 351 insulam
764 309 838 347 effe
857 306 1052 350 venalem,
1087 304 1201 355 cujus
1223 300 1290 339 hic
1312 300 1353 337 in
1375 296 1552 337 aediculis
1573 294 1743 336 habitet,

334 382 487 427 decern,
506 389 550 418 ut
569 379 727 432 opinor,
745 374 927 415 millibus
943 388 950 412 :
974 385 1043 410 vos
1065 379 1212 414 autem,
1231 367 1328 405 dum
1350 365 1411 404 illi
1432 364 1587 417 placere
1606 360 1743 405 vultis,

333 448 381 488 ad
403 456 560 500 tempus
582 446 618 483 ei
638 443 893 483 mendacium
909 440 1080 478 vestrum
1102 430 1482 474 accommodavistis.

393 511 733 567 Reprehendistis,
766 524 786 547 a
806 519 914 562 patre
936 505 1044 560 quod
1065 502 1283 555 semigrarit
1301 516 1308 539 :
1343 497 1451 552 quod
1472 495 1637 550 quidem
1664 495 1748 547 jam

337 583 378 620 in
400 581 474 620 hac
495 588 606 619 aetate
626 579 795 617 minime
816 570 1185 628 reprehendendum
1207 568 1274 606 est.
1307 567 1405 617 Qi‚
1429 578 1523 602 cuin
1543 572 1582 600 et
1603 577 1649 600 ex
1672 562 1749 600 rei-

338 648 511 702 publicae
532 646 645 686 causa
674 645 767 683 effet
787 641 890 682 mihi
911 639 1076 694 quidem
1097 635 1317 678 molestam,
1352 632 1424 670 fibi
1446 641 1579 669 tamen
1599 629 1750 682 glorio-

340 715 436 760 sam,
470 714 676 752 victoriam
709 710 960 752 consecutu8‚
992 715 1031 744 et
1061 718 1129 758 per
1161 710 1316 741 aetatem
1342 697 1589 750 magistratus
1622 705 1753 748 petere

341 782 480 835 poffet,
504 794 584 818 non
605 778 725 818 modo
746 777 1003 830 permittente
1028 780 1151 824 patre,
1183 767 1248 806 sed
1268 767 1389 805 etiam
1409 764 1608 807 suadente,
1641 762 1688 799 ab
1710 775 1755 799 eo

343 848 567 901 semigravit
587 862 595 885 :
628 855 682 890 et,
705 858 799 882 cum
821 842 963 879 domus
986 838 1106 892 patris
1127 850 1148 874 a
1168 835 1256 873 foro
1277 834 1396 885 longe
1417 830 1574 875 abess‘et,
1593 843 1673 882 quo
1695 828 1754 865 fa-

345 916 462 955 cilius
484 924 523 953 et
555 912 700 952 nostras
722 911 832 949 obire
854 908 1008 951 domm,
1041 915 1080 943 et
1101 903 1182 958 ipse
1213 916 1234 941 a
1255 901 1331 940 suis
1354 899 1448 945 coli,
1485 897 1623 952 poffet,
1658 910 1755 935 con-

347 982 462 1021 duxit
482 982 523 1020 in
547 980 697 1018 Palatio
718 991 798 1016 non
821 989 967 1029 magno
989 973 1171 1011 domum.

403 1049 522 1087 VIII.
559 1049 653 1099 Qo
674 1046 764 1083 loco
785 1043 940 1097 poffum
961 1041 1091 1079 dicere
1112 1038 1168 1084 id,
1203 1034 1311 1090 quod
1332 1034 1391 1073 vir
1412 1031 1659 1076 clariffimus,
1692 1030 1756 1069 M.

348 1114 520 1160 Craffus,
544 1127 639 1152 cum
659 1112 706 1150 de
727 1111 899 1150 adventu
920 1108 1022 1160 regis
1045 1104 1251 1144 Ptolemaei
1272 1110 1514 1155 quereretur,
1535 1098 1652 1152 paulo
1673 1106 1763 1135 ante

350 1183 468 1227 dixit,
502 1181 651 1220 Utinam
670 1193 712 1218 ne
742 1178 779 1217 in
799 1191 937 1216 nemore
956 1174 1056 1214 Pelio
1203 1184 1247 1208 ac
1272 1168 1433 1221 longius
1465 1165 1627 1219 quidem
1660 1162 1763 1202 mihi

353 1259 563 1288 contexere
583 1247 661 1286 hoc
682 1259 841 1284 carmen
863 1245 1015 1282 liceret.
1063 1241 1164 1280 Nam
1191 1250 1374 1291 nunquam
1405 1234 1495 1273 hera
1514 1247 1643 1272 errans
1663 1231 1765 1270 hanc

353 1315 575 1356 molestiam
597 1313 712 1353 nobis
734 1311 954 1355 exhiberet,
976 1307 1110 1348 Medea
1127 1306 1244 1345 animo
1263 1318 1381 1357 aegra,
1411 1315 1531 1340 amore
1547 1301 1654 1353 saevo
1673 1297 1765 1356 sau-

355 1383 412 1422 cia
551 1381 614 1420 Sic
636 1381 760 1425 enim,
786 1377 964 1430 Judices,
1000 1374 1218 1428 reperietis,
1253 1369 1376 1423 quod,
1409 1382 1503 1406 cum
1536 1366 1583 1404 ad
1615 1365 1656 1404 id
1688 1365 1768 1402 loci

356 1462 513 1494 venero,
545 1445 760 1491 ostendam,
797 1444 900 1483 hanc
934 1441 1155 1481 Palatinam
1188 1436 1377 1476 Medeam
1408 1433 1770 1486 migrationemque

356 1515 454 1555 huic
475 1514 714 1553 adolescenti
734 1511 889 1551 causam
906 1509 980 1548 five
1002 1506 1200 1546 malorum
1221 1503 1420 1546 omnium,
1439 1500 1513 1537 five
1536 1499 1668 1551 potius
1692 1497 1768 1535 ser-

359 1594 544 1625 monum,
567 1579 694 1617 fuiffe.

418 1645 694 1698 Qamobrem
726 1643 808 1687 illa,
841 1655 927 1694 quae
959 1653 1007 1678 ex
1040 1636 1312 1676 accusatorum
1345 1633 1521 1671 oratione
1542 1629 1769 1684 praemuniri

357 1716 442 1768 jam
463 1722 502 1751 et
522 1712 621 1764 fingi
642 1708 933 1762 intelligebam,
954 1705 1078 1744 fretus
1099 1703 1221 1742 vestra
1240 1700 1465 1754 prudentia,
1488 1698 1665 1750 Judices,
1694 1710 1774 1734 non

364 1778 614 1834 pertimesco.
644 1777 818 1815 Aiebant
838 1774 947 1812 enim
967 1771 1052 1810 fore
1074 1769 1210 1809 testem
1233 1768 1464 1810 senatorem,
1488 1766 1557 1816 qui
1580 1763 1616 1801 se
1638 1764 1773 1816 ponti—

364 1847 467 1886 ficiis
488 1844 664 1884 comitiis
686 1841 888 1896 pulsatum
907 1853 928 1878 a
942 1838 1066 1877 Caelio
1088 1836 1251 1875 diceret.
1285 1835 1322 1872 A
1338 1846 1418 1885 quo
1435 1844 1621 1885 quaermn,
1638 1831 1664 1868 si
1681 1843 1775 1883 pro-

367 1914 498 1958 dierit,
531 1912 724 1966 primum,
760 1922 832 1947 cur
852 1907 984 1946 statim
1016 1903 1119 1943 nihil
1151 1902 1302 1956 egerit:
1335 1899 1491 1943 deinde,
1527 1898 1552 1936 fi
1576 1897 1616 1935 id
1648 1898 1775 1949 queri,

367 1994 487 2034 quam
507 1992 634 2032 agere,
657 1976 856 2020 maluerit,
879 1987 950 2012 cur
970 1971 1184 2026 productus
1205 1983 1227 2007 a
1246 1967 1359 2006 vobis
1382 1965 1530 2019 potiUS,
1557 1977 1677 2017 quam
1699 1963 1779 2016 ipse

369 2062 437 2101 per
458 2046 519 2085 se:
553 2059 624 2084 cur
645 2052 755 2083 tanto
777 2041 862 2095 post
883 2040 1031 2094 potius,
1055 2051 1175 2090 quam
1197 2036 1406 2079 continuo,
1443 2032 1555 2085 queri
1577 2031 1775 2070 maluerit.

371 2114 411 2152 Si
422 2112 525 2152 mihi
536 2111 584 2150 ad
597 2110 681 2150 haec
695 2119 808 2148 acute
821 2116 1036 2160 arguteque
1046 2102 1303 2157 responderit,
1314 2110 1401 2139 turn
1413 2111 1584 2152 quaeram
1594 2098 1778 2149 denique,

371 2194 420 2219 ex
441 2193 521 2232 quo
537 2178 606 2216 iste
619 2176 730 2215 fonte
745 2176 896 2213 senator
917 2181 1087 2211 emanet.
1112 2171 1220 2209 Nam
1236 2169 1261 2207 fi
1279 2167 1359 2221 ipse
1375 2167 1524 2204 orietur
1545 2174 1584 2203 et
1599 2164 1781 2202 nascetur

374 2261 422 2285 ex
447 2245 537 2291 sese,
559 2243 728 2289 fortaffe,
752 2252 796 2281 ut
820 2241 940 2285 soleo,
968 2237 1276 2278 commovebor:
1302 2235 1356 2274 sm
1378 2243 1525 2277 autem,
1551 2241 1592 2270 ut
1614 2231 1780 2274 rivulub,

376 2312 572 2351 arceffitus
593 2319 632 2348 et
653 2309 792 2348 ductus
809 2308 857 2346 ab
879 2307 961 2359 ipso
983 2306 1111 2358 capite
1132 2302 1390 2342 accusationis
1412 2299 1542 2337 vestrae
1560 2317 1569 2342 ;
1606 2297 1781 2339 laetabor,

378 2392 473 2417 cum
491 2385 598 2415 tanta
617 2377 741 2428 gratia
758 2374 952 2426 tantisque
971 2372 1114 2425 opibus
1129 2368 1324 2408 accusatio
1341 2366 1462 2405 vestra
1480 2366 1642 2407 nitatur,
1659 2376 1782 2400 unum

381 2445 597 2484 senatorem
618 2441 745 2480 solum
765 2441 852 2485 effe,
874 2440 943 2492 qui
967 2438 1077 2476 vobis
1100 2435 1311 2490 gratificari
1334 2432 1466 2475 vellet,
1490 2432 1711 2469 inventum.

1393 2499 1478 2536 Lz
