<?xml version="1.0" encoding="UTF-8"?>
<!DOCTYPE html PUBLIC "-//W3C//DTD XHTML 1.0 Transitional//EN"
    "http://www.w3.org/TR/xhtml1/DTD/xhtml1-transitional.dtd">
<html xmlns="http://www.w3.org/1999/xhtml" xml:lang="en" lang="en">
 <head>
  <title>
</title>
<meta http-equiv="Content-Type" content="text/html;charset=utf-8" />
  <meta name='ocr-system' content='tesseract 3.04.00' />
  <meta name='ocr-capabilities' content='ocr_page ocr_carea ocr_par ocr_line ocrx_word'/>
</head>
<body>
  <div class='ocr_page' id='page_1' title='image "./operacumindicibu06ciceuoft_0410.png"; bbox 0 0 2076 2860; ppageno 0'>
   <div class='ocr_carea' id='block_1_1' title="bbox 432 203 1477 257">
    <p class='ocr_par' dir='ltr' id='par_1_1' title="bbox 432 203 1477 257">
     <span class='ocr_line' id='line_1_1' title="bbox 432 203 1477 257; baseline -0.003 -12"><span class='ocrx_word' id='word_1_1' title='bbox 432 220 511 257; x_wconf 78' lang='lat'>400</span> <span class='ocrx_word' id='word_1_2' title='bbox 787 206 862 243; x_wconf 77' lang='lat' dir='ltr'>IN</span> <span class='ocrx_word' id='word_1_3' title='bbox 924 204 987 242; x_wconf 83' lang='grc' dir='ltr'>Μ.</span> <span class='ocrx_word' id='word_1_4' title='bbox 1050 203 1477 243; x_wconf 80' lang='lat' dir='ltr'><strong>ANTONIUM</strong></span> 
     </span>
    </p>
   </div>
   <div class='ocr_carea' id='block_1_2' title="bbox 425 306 1834 2493">
    <p class='ocr_par' dir='ltr' id='par_1_2' title="bbox 433 306 1831 493">
     <span class='ocr_line' id='line_1_2' title="bbox 433 306 1831 362; baseline -0.001 -15"><span class='ocrx_word' id='word_1_5' title='bbox 433 309 540 362; x_wconf 85' lang='lat' dir='ltr'>quod</span> <span class='ocrx_word' id='word_1_6' title='bbox 562 322 640 347; x_wconf 85' lang='lat' dir='ltr'>non</span> <span class='ocrx_word' id='word_1_7' title='bbox 663 308 770 346; x_wconf 82' lang='lat' dir='ltr'>illius</span> <span class='ocrx_word' id='word_1_8' title='bbox 792 308 1022 346; x_wconf 60' lang='lat' dir='ltr'>auetoritate</span> <span class='ocrx_word' id='word_1_9' title='bbox 1042 315 1080 345; x_wconf 89' lang='lat' dir='ltr'>et</span> <span class='ocrx_word' id='word_1_10' title='bbox 1102 306 1290 360; x_wconf 80' lang='lat' dir='ltr'>sapientia</span> <span class='ocrx_word' id='word_1_11' title='bbox 1315 307 1419 345; x_wconf 89' lang='lat' dir='ltr'>effici</span> <span class='ocrx_word' id='word_1_12' title='bbox 1446 306 1583 360; x_wconf 75' lang='lat' dir='ltr'>posset,</span> <span class='ocrx_word' id='word_1_13' title='bbox 1616 306 1831 346; x_wconf 77' lang='lat' dir='ltr'>vehemen-</span> 
     </span>
     <span class='ocr_line' id='line_1_3' title="bbox 435 374 1831 428; baseline -0.001 -15"><span class='ocrx_word' id='word_1_14' title='bbox 435 377 511 413; x_wconf 76' lang='lat' dir='ltr'>tius</span> <span class='ocrx_word' id='word_1_15' title='bbox 545 375 787 413; x_wconf 73' lang='lat' dir='ltr'>excusationi</span> <span class='ocrx_word' id='word_1_16' title='bbox 818 374 1049 419; x_wconf 77' lang='lat' dir='ltr'>obstitisti53</span> <span class='ocrx_word' id='word_1_17' title='bbox 1082 383 1199 427; x_wconf 87' lang='lat' dir='ltr'>atque</span> <span class='ocrx_word' id='word_1_18' title='bbox 1231 388 1344 420; x_wconf 86' lang='lat' dir='ltr'>eum,</span> <span class='ocrx_word' id='word_1_19' title='bbox 1377 374 1446 428; x_wconf 91' lang='lat' dir='ltr'>qui</span> <span class='ocrx_word' id='word_1_20' title='bbox 1479 374 1631 427; x_wconf 84' lang='lat' dir='ltr'><strong>semper</strong></span> <span class='ocrx_word' id='word_1_21' title='bbox 1661 374 1831 413; x_wconf 85' lang='lat' dir='ltr'>vestrum</span> 
     </span>
     <span class='ocr_line' id='line_1_4' title="bbox 433 440 1750 493; baseline 0.001 -14"><span class='ocrx_word' id='word_1_22' title='bbox 433 442 663 480; x_wconf 87' lang='lat' dir='ltr'>consensum</span> <span class='ocrx_word' id='word_1_23' title='bbox 685 441 953 493; x_wconf 81' lang='lat' dir='ltr'>graviffimum</span> <span class='ocrx_word' id='word_1_24' title='bbox 968 440 1230 493; x_wconf 75' lang='lat' dir='ltr'>judicavisset,</span> <span class='ocrx_word' id='word_1_25' title='bbox 1263 441 1310 478; x_wconf 91' lang='lat' dir='ltr'>de</span> <span class='ocrx_word' id='word_1_26' title='bbox 1331 441 1521 479; x_wconf 89' lang='lat' dir='ltr'>sententia</span> <span class='ocrx_word' id='word_1_27' title='bbox 1542 441 1750 493; x_wconf 84' lang='lat' dir='ltr'>dejecistis.</span> 
     </span>
    </p>

    <p class='ocr_par' dir='ltr' id='par_1_3' title="bbox 428 505 1833 1359">
     <span class='ocr_line' id='line_1_5' title="bbox 489 505 1831 560; baseline 0.001 -15"><span class='ocrx_word' id='word_1_28' title='bbox 489 509 546 545; x_wconf 92' lang='lat' dir='ltr'>Ut</span> <span class='ocrx_word' id='word_1_29' title='bbox 578 522 668 546; x_wconf 90' lang='lat' dir='ltr'>vero</span> <span class='ocrx_word' id='word_1_30' title='bbox 701 507 831 546; x_wconf 82' lang='lat' dir='ltr'>Pansae</span> <span class='ocrx_word' id='word_1_31' title='bbox 864 506 1036 545; x_wconf 86' lang='lat' dir='ltr'>consulis</span> <span class='ocrx_word' id='word_1_32' title='bbox 1070 507 1224 545; x_wconf 82' lang='lat' dir='ltr'>acceffit</span> <span class='ocrx_word' id='word_1_33' title='bbox 1255 505 1479 545; x_wconf 88' lang='lat' dir='ltr'>cohortatio</span> <span class='ocrx_word' id='word_1_34' title='bbox 1510 508 1678 559; x_wconf 87' lang='lat' dir='ltr'>gravior,</span> <span class='ocrx_word' id='word_1_35' title='bbox 1711 521 1831 560; x_wconf 84' lang='lat' dir='ltr'>quam</span> 
     </span>
     <span class='ocr_line' id='line_1_6' title="bbox 431 573 1830 627; baseline 0.001 -16"><span class='ocrx_word' id='word_1_36' title='bbox 431 588 538 613; x_wconf 85' lang='lat' dir='ltr'>aures</span> <span class='ocrx_word' id='word_1_37' title='bbox 562 575 666 613; x_wconf 87' lang='lat' dir='ltr'>Serv.</span> <span class='ocrx_word' id='word_1_38' title='bbox 692 575 859 627; x_wconf 88' lang='lat' dir='ltr'>Sulpicii</span> <span class='ocrx_word' id='word_1_39' title='bbox 880 573 980 612; x_wconf 88' lang='lat' dir='ltr'>ferre</span> <span class='ocrx_word' id='word_1_40' title='bbox 1002 573 1253 619; x_wconf 80' lang='lat' dir='ltr'>didiciffent;</span> <span class='ocrx_word' id='word_1_41' title='bbox 1286 583 1374 612; x_wconf 90' lang='lat' dir='ltr'>tum</span> <span class='ocrx_word' id='word_1_42' title='bbox 1394 587 1485 612; x_wconf 90' lang='lat' dir='ltr'>vero</span> <span class='ocrx_word' id='word_1_43' title='bbox 1507 574 1678 626; x_wconf 88' lang='lat' dir='ltr'>denique</span> <span class='ocrx_word' id='word_1_44' title='bbox 1699 573 1830 613; x_wconf 91' lang='lat' dir='ltr'>filium</span> 
     </span>
     <span class='ocr_line' id='line_1_7' title="bbox 431 639 1833 693; baseline -0.001 -15"><span class='ocrx_word' id='word_1_45' title='bbox 431 654 573 693; x_wconf 87' lang='lat' dir='ltr'>meque</span> <span class='ocrx_word' id='word_1_46' title='bbox 595 640 763 686; x_wconf 80' lang='lat' dir='ltr'>seduxit,</span> <span class='ocrx_word' id='word_1_47' title='bbox 796 650 913 693; x_wconf 83' lang='lat' dir='ltr'>atque</span> <span class='ocrx_word' id='word_1_48' title='bbox 939 641 992 678; x_wconf 84' lang='lat' dir='ltr'>ita</span> <span class='ocrx_word' id='word_1_49' title='bbox 1014 640 1170 678; x_wconf 81' lang='lat' dir='ltr'>locutus</span> <span class='ocrx_word' id='word_1_50' title='bbox 1192 639 1259 684; x_wconf 92' lang='lat' dir='ltr'>est,</span> <span class='ocrx_word' id='word_1_51' title='bbox 1293 649 1337 678; x_wconf 89' lang='lat' dir='ltr'>ut</span> <span class='ocrx_word' id='word_1_52' title='bbox 1366 640 1639 678; x_wconf 62' lang='lat' dir='ltr'>auctoritatem</span> <span class='ocrx_word' id='word_1_53' title='bbox 1669 639 1833 677; x_wconf 89' lang='lat' dir='ltr'>vestram</span> 
     </span>
     <span class='ocr_line' id='line_1_8' title="bbox 431 706 1832 759; baseline -0.001 -14"><span class='ocrx_word' id='word_1_54' title='bbox 431 709 519 746; x_wconf 69' lang='lat' dir='ltr'>vitae</span> <span class='ocrx_word' id='word_1_55' title='bbox 552 707 626 746; x_wconf 84' lang='lat' dir='ltr'>suae</span> <span class='ocrx_word' id='word_1_56' title='bbox 659 708 695 746; x_wconf 93' lang='lat' dir='ltr'>se</span> <span class='ocrx_word' id='word_1_57' title='bbox 728 708 875 746; x_wconf 85' lang='lat' dir='ltr'>diceret</span> <span class='ocrx_word' id='word_1_58' title='bbox 906 706 1111 746; x_wconf 87' lang='lat' dir='ltr'>anteferre.</span> <span class='ocrx_word' id='word_1_59' title='bbox 1155 708 1282 759; x_wconf 85' lang='lat' dir='ltr'>Cujus</span> <span class='ocrx_word' id='word_1_60' title='bbox 1315 720 1386 744; x_wconf 85' lang='lat' dir='ltr'>nos</span> <span class='ocrx_word' id='word_1_61' title='bbox 1417 707 1607 745; x_wconf 90' lang='lat' dir='ltr'>virtutem</span> <span class='ocrx_word' id='word_1_62' title='bbox 1636 706 1832 751; x_wconf 82' lang='lat' dir='ltr'>admirati,</span> 
     </span>
     <span class='ocr_line' id='line_1_9' title="bbox 432 773 1831 826; baseline 0 -15"><span class='ocrx_word' id='word_1_63' title='bbox 432 788 510 812; x_wconf 88' lang='lat' dir='ltr'>non</span> <span class='ocrx_word' id='word_1_64' title='bbox 533 775 609 813; x_wconf 80' lang='lat' dir='ltr'>ausl</span> <span class='ocrx_word' id='word_1_65' title='bbox 632 775 765 813; x_wconf 83' lang='lat' dir='ltr'>sumus</span> <span class='ocrx_word' id='word_1_66' title='bbox 787 774 975 813; x_wconf 87' lang='lat' dir='ltr'>adversari</span> <span class='ocrx_word' id='word_1_67' title='bbox 996 774 1207 813; x_wconf 84' lang='lat' dir='ltr'>voluntati.</span> <span class='ocrx_word' id='word_1_68' title='bbox 1241 774 1483 812; x_wconf 81' lang='lat' dir='ltr'>Movebatur</span> <span class='ocrx_word' id='word_1_69' title='bbox 1498 773 1683 826; x_wconf 78' lang='lat' dir='ltr'>singulari</span> <span class='ocrx_word' id='word_1_70' title='bbox 1704 773 1831 826; x_wconf 91' lang='lat' dir='ltr'>pieta-</span> 
     </span>
     <span class='ocr_line' id='line_1_10' title="bbox 432 839 1829 894; baseline -0.001 -14"><span class='ocrx_word' id='word_1_71' title='bbox 432 850 469 879; x_wconf 85' lang='lat' dir='ltr'>te</span> <span class='ocrx_word' id='word_1_72' title='bbox 491 841 622 880; x_wconf 83' lang='lat' dir='ltr'>filius:</span> <span class='ocrx_word' id='word_1_73' title='bbox 656 856 736 880; x_wconf 88' lang='lat' dir='ltr'>non</span> <span class='ocrx_word' id='word_1_74' title='bbox 757 842 934 880; x_wconf 86' lang='lat' dir='ltr'>multum</span> <span class='ocrx_word' id='word_1_75' title='bbox 954 842 1036 894; x_wconf 86' lang='lat' dir='ltr'>ejus</span> <span class='ocrx_word' id='word_1_76' title='bbox 1058 840 1347 894; x_wconf 81' lang='lat' dir='ltr'>perturbationi</span> <span class='ocrx_word' id='word_1_77' title='bbox 1369 854 1480 879; x_wconf 87' lang='lat' dir='ltr'>meus</span> <span class='ocrx_word' id='word_1_78' title='bbox 1502 840 1615 879; x_wconf 91' lang='lat' dir='ltr'>dolor</span> <span class='ocrx_word' id='word_1_79' title='bbox 1635 839 1829 879; x_wconf 89' lang='lat' dir='ltr'>concede—</span> 
     </span>
     <span class='ocr_line' id='line_1_11' title="bbox 431 905 1831 961; baseline -0.001 -16"><span class='ocrx_word' id='word_1_80' title='bbox 431 908 496 945; x_wconf 82' lang='lat' dir='ltr'>bat</span> <span class='ocrx_word' id='word_1_81' title='bbox 514 924 522 946; x_wconf 72' lang='grc' dir='ltr'>ε</span> <span class='ocrx_word' id='word_1_82' title='bbox 547 908 609 946; x_wconf 91' lang='lat' dir='ltr'>sed</span> <span class='ocrx_word' id='word_1_83' title='bbox 632 918 796 961; x_wconf 87' lang='lat' dir='ltr'>uterque</span> <span class='ocrx_word' id='word_1_84' title='bbox 818 908 995 946; x_wconf 86' lang='lat' dir='ltr'>nostrum</span> <span class='ocrx_word' id='word_1_85' title='bbox 1016 907 1152 946; x_wconf 83' lang='lat' dir='ltr'><strong>cedere</strong></span> <span class='ocrx_word' id='word_1_86' title='bbox 1173 908 1388 960; x_wconf 87' lang='lat' dir='ltr'>cogebatur</span> <span class='ocrx_word' id='word_1_87' title='bbox 1404 906 1672 959; x_wconf 85' lang='lat' dir='ltr'>magnitudini</span> <span class='ocrx_word' id='word_1_88' title='bbox 1693 905 1831 951; x_wconf 89' lang='lat' dir='ltr'>animi,</span> 
     </span>
     <span class='ocr_line' id='line_1_12' title="bbox 430 973 1832 1028; baseline -0.001 -16"><span class='ocrx_word' id='word_1_89' title='bbox 430 974 696 1028; x_wconf 76' lang='lat' dir='ltr'>orationisque</span> <span class='ocrx_word' id='word_1_90' title='bbox 716 975 926 1027; x_wconf 73' lang='lat' dir='ltr'>gravitati,</span> <span class='ocrx_word' id='word_1_91' title='bbox 960 988 1054 1012; x_wconf 87' lang='lat' dir='ltr'>cum</span> <span class='ocrx_word' id='word_1_92' title='bbox 1074 974 1238 1028; x_wconf 88' lang='lat' dir='ltr'>quidem</span> <span class='ocrx_word' id='word_1_93' title='bbox 1266 974 1334 1012; x_wconf 90' lang='lat' dir='ltr'>ille</span> <span class='ocrx_word' id='word_1_94' title='bbox 1356 974 1529 1012; x_wconf 81' lang='lat' dir='ltr'>maxima</span> <span class='ocrx_word' id='word_1_95' title='bbox 1549 973 1662 1011; x_wconf 89' lang='lat' dir='ltr'>laude</span> <span class='ocrx_word' id='word_1_96' title='bbox 1683 982 1722 1010; x_wconf 91' lang='lat' dir='ltr'>et</span> <span class='ocrx_word' id='word_1_97' title='bbox 1741 986 1832 1025; x_wconf 87' lang='lat' dir='ltr'>gra-</span> 
     </span>
     <span class='ocr_line' id='line_1_13' title="bbox 430 1031 1833 1094; baseline -0.001 -16"><span class='ocrx_word' id='word_1_98' title='bbox 430 1041 623 1079; x_wconf 87' lang='lat' dir='ltr'>tulatione</span> <span class='ocrx_word' id='word_1_99' title='bbox 644 1043 828 1081; x_wconf 89' lang='lat' dir='ltr'>omnium</span> <span class='ocrx_word' id='word_1_100' title='bbox 850 1041 1019 1080; x_wconf 91' lang='lat' dir='ltr'>vestrum</span> <span class='ocrx_word' id='word_1_101' title='bbox 1039 1041 1245 1094; x_wconf 85' lang='lat' dir='ltr'>pollicitus</span> <span class='ocrx_word' id='word_1_102' title='bbox 1267 1041 1334 1085; x_wconf 90' lang='lat' dir='ltr'>est,</span> <span class='ocrx_word' id='word_1_103' title='bbox 1364 1041 1415 1087; x_wconf 84' lang='lat' dir='ltr'>se,</span> <span class='ocrx_word' id='word_1_104' title='bbox 1439 1031 1550 1093; x_wconf 35' lang='lat' dir='ltr'>quod*</span> <span class='ocrx_word' id='word_1_105' title='bbox 1567 1039 1737 1084; x_wconf 85' lang='lat' dir='ltr'>velletis,</span> <span class='ocrx_word' id='word_1_106' title='bbox 1760 1039 1833 1077; x_wconf 83' lang='lat' dir='ltr'>effe</span> 
     </span>
     <span class='ocr_line' id='line_1_14' title="bbox 428 1106 1829 1162; baseline -0.001 -17"><span class='ocrx_word' id='word_1_107' title='bbox 428 1107 651 1154; x_wconf 56' lang='lat' dir='ltr'>facturum,</span> <span class='ocrx_word' id='word_1_108' title='bbox 683 1123 811 1162; x_wconf 89' lang='lat' dir='ltr'>neque</span> <span class='ocrx_word' id='word_1_109' title='bbox 842 1110 925 1160; x_wconf 87' lang='lat' dir='ltr'>ejus</span> <span class='ocrx_word' id='word_1_110' title='bbox 959 1107 1158 1145; x_wconf 86' lang='lat' dir='ltr'>sententiae</span> <span class='ocrx_word' id='word_1_111' title='bbox 1190 1106 1414 1159; x_wconf 86' lang='lat' dir='ltr'>periculum</span> <span class='ocrx_word' id='word_1_112' title='bbox 1446 1107 1684 1150; x_wconf 86' lang='lat' dir='ltr'>vitaturum,</span> <span class='ocrx_word' id='word_1_113' title='bbox 1717 1106 1829 1158; x_wconf 88' lang='lat' dir='ltr'>cujus</span> 
     </span>
     <span class='ocr_line' id='line_1_15' title="bbox 429 1172 1831 1227; baseline -0.001 -15"><span class='ocrx_word' id='word_1_114' title='bbox 429 1174 510 1227; x_wconf 91' lang='lat' dir='ltr'>ipse</span> <span class='ocrx_word' id='word_1_115' title='bbox 528 1177 663 1213; x_wconf 59' lang='lat' dir='ltr'>auctor</span> <span class='ocrx_word' id='word_1_116' title='bbox 684 1174 829 1214; x_wconf 84' lang='lat' dir='ltr'>fuiffet.</span> <span class='ocrx_word' id='word_1_117' title='bbox 875 1175 1009 1226; x_wconf 83' lang='lat' dir='ltr'>Qem</span> <span class='ocrx_word' id='word_1_118' title='bbox 1030 1173 1173 1226; x_wconf 86' lang='lat' dir='ltr'>exequi</span> <span class='ocrx_word' id='word_1_119' title='bbox 1199 1172 1381 1210; x_wconf 84' lang='lat' dir='ltr'>mandata</span> <span class='ocrx_word' id='word_1_120' title='bbox 1399 1172 1520 1211; x_wconf 89' lang='lat' dir='ltr'>vestra</span> <span class='ocrx_word' id='word_1_121' title='bbox 1539 1181 1831 1225; x_wconf 81' lang='lat' dir='ltr'>properantem,</span> 
     </span>
     <span class='ocr_line' id='line_1_16' title="bbox 429 1238 1833 1294; baseline -0.002 -16"><span class='ocrx_word' id='word_1_122' title='bbox 429 1255 543 1279; x_wconf 85' lang='lat' dir='ltr'>mane</span> <span class='ocrx_word' id='word_1_123' title='bbox 564 1241 749 1294; x_wconf 88' lang='lat' dir='ltr'>postridie</span> <span class='ocrx_word' id='word_1_124' title='bbox 769 1241 967 1294; x_wconf 89' lang='lat' dir='ltr'>prosecuti</span> <span class='ocrx_word' id='word_1_125' title='bbox 988 1240 1120 1278; x_wconf 85' lang='lat' dir='ltr'>sumus</span> <span class='ocrx_word' id='word_1_126' title='bbox 1141 1254 1149 1277; x_wconf 92' lang='lat'>:</span> <span class='ocrx_word' id='word_1_127' title='bbox 1174 1241 1244 1291; x_wconf 89' lang='lat' dir='ltr'>qui</span> <span class='ocrx_word' id='word_1_128' title='bbox 1265 1238 1428 1290; x_wconf 89' lang='lat' dir='ltr'>quidem</span> <span class='ocrx_word' id='word_1_129' title='bbox 1449 1238 1649 1276; x_wconf 81' lang='lat' dir='ltr'>discedens</span> <span class='ocrx_word' id='word_1_130' title='bbox 1672 1251 1833 1276; x_wconf 87' lang='lat' dir='ltr'>mecum</span> 
     </span>
     <span class='ocr_line' id='line_1_17' title="bbox 428 1303 1541 1359; baseline -0.004 -14"><span class='ocrx_word' id='word_1_131' title='bbox 428 1308 483 1345; x_wconf 86' lang='lat' dir='ltr'>ita</span> <span class='ocrx_word' id='word_1_132' title='bbox 503 1308 661 1346; x_wconf 86' lang='lat' dir='ltr'>locutus</span> <span class='ocrx_word' id='word_1_133' title='bbox 682 1307 750 1353; x_wconf 91' lang='lat' dir='ltr'>est,</span> <span class='ocrx_word' id='word_1_134' title='bbox 783 1317 827 1345; x_wconf 87' lang='lat' dir='ltr'>ut</span> <span class='ocrx_word' id='word_1_135' title='bbox 847 1306 1077 1359; x_wconf 17' lang='lat' dir='ltr'>ejusboratio</span> <span class='ocrx_word' id='word_1_136' title='bbox 1096 1318 1215 1342; x_wconf 88' lang='lat' dir='ltr'>omen</span> <span class='ocrx_word' id='word_1_137' title='bbox 1236 1303 1308 1341; x_wconf 87' lang='lat' dir='ltr'>fati</span> <span class='ocrx_word' id='word_1_138' title='bbox 1329 1304 1541 1342; x_wconf 88' lang='lat' dir='ltr'>videretur.</span> 
     </span>
    </p>

    <p class='ocr_par' dir='ltr' id='par_1_4' title="bbox 425 1369 1834 2493">
     <span class='ocr_line' id='line_1_18' title="bbox 487 1369 1830 1425; baseline -0.002 -13"><span class='ocrx_word' id='word_1_139' title='bbox 487 1374 539 1412; x_wconf 89' lang='lat' dir='ltr'>V.</span> <span class='ocrx_word' id='word_1_140' title='bbox 564 1373 735 1412; x_wconf 88' lang='lat' dir='ltr'>Reddite</span> <span class='ocrx_word' id='word_1_141' title='bbox 756 1373 893 1425; x_wconf 85' lang='lat' dir='ltr'>igitur,</span> <span class='ocrx_word' id='word_1_142' title='bbox 913 1373 1045 1410; x_wconf 88' lang='lat' dir='ltr'>Patres</span> <span class='ocrx_word' id='word_1_143' title='bbox 1067 1370 1296 1423; x_wconf 86' lang='lat' dir='ltr'>conscripti,</span> <span class='ocrx_word' id='word_1_144' title='bbox 1314 1371 1349 1408; x_wconf 91' lang='lat' dir='ltr'>ei</span> <span class='ocrx_word' id='word_1_145' title='bbox 1369 1370 1507 1416; x_wconf 87' lang='lat' dir='ltr'>vitam,</span> <span class='ocrx_word' id='word_1_146' title='bbox 1526 1370 1591 1408; x_wconf 92' lang='lat' dir='ltr'>cui</span> <span class='ocrx_word' id='word_1_147' title='bbox 1612 1369 1830 1409; x_wconf 85' lang='lat' dir='ltr'>ademistis:</span> 
     </span>
     <span class='ocr_line' id='line_1_19' title="bbox 429 1436 1831 1490; baseline -0.002 -12"><span class='ocrx_word' id='word_1_148' title='bbox 429 1440 509 1478; x_wconf 88' lang='lat' dir='ltr'>vita</span> <span class='ocrx_word' id='word_1_149' title='bbox 537 1441 645 1478; x_wconf 91' lang='lat' dir='ltr'>enim</span> <span class='ocrx_word' id='word_1_150' title='bbox 675 1448 926 1478; x_wconf 89' lang='lat' dir='ltr'>mortuorum</span> <span class='ocrx_word' id='word_1_151' title='bbox 956 1439 998 1477; x_wconf 85' lang='lat' dir='ltr'>in</span> <span class='ocrx_word' id='word_1_152' title='bbox 1028 1437 1221 1476; x_wconf 87' lang='lat' dir='ltr'>memoria</span> <span class='ocrx_word' id='word_1_153' title='bbox 1248 1437 1431 1475; x_wconf 87' lang='lat' dir='ltr'>vivorum</span> <span class='ocrx_word' id='word_1_154' title='bbox 1451 1437 1504 1475; x_wconf 92' lang='lat' dir='ltr'>est</span> <span class='ocrx_word' id='word_1_155' title='bbox 1525 1436 1674 1490; x_wconf 40' lang='lat' dir='ltr'>positas</span> <span class='ocrx_word' id='word_1_156' title='bbox 1705 1436 1831 1475; x_wconf 90' lang='lat' dir='ltr'>Perfi-</span> 
     </span>
     <span class='ocr_line' id='line_1_20' title="bbox 428 1502 1831 1561; baseline -0.004 -16"><span class='ocrx_word' id='word_1_157' title='bbox 428 1507 521 1552; x_wconf 86' lang='lat' dir='ltr'>cite,</span> <span class='ocrx_word' id='word_1_158' title='bbox 554 1515 598 1545; x_wconf 88' lang='lat' dir='ltr'>ut</span> <span class='ocrx_word' id='word_1_159' title='bbox 626 1507 674 1552; x_wconf 86' lang='lat' dir='ltr'>is,</span> <span class='ocrx_word' id='word_1_160' title='bbox 707 1521 827 1561; x_wconf 90' lang='lat' dir='ltr'>quern</span> <span class='ocrx_word' id='word_1_161' title='bbox 854 1520 922 1545; x_wconf 86' lang='lat' dir='ltr'>vos</span> <span class='ocrx_word' id='word_1_162' title='bbox 944 1505 992 1543; x_wconf 83' lang='lat' dir='ltr'>ad</span> <span class='ocrx_word' id='word_1_163' title='bbox 1017 1513 1189 1543; x_wconf 91' lang='lat' dir='ltr'>mortem</span> <span class='ocrx_word' id='word_1_164' title='bbox 1210 1503 1324 1541; x_wconf 89' lang='lat' dir='ltr'>inscii</span> <span class='ocrx_word' id='word_1_165' title='bbox 1344 1503 1515 1549; x_wconf 77' lang='lat' dir='ltr'>misistis,</span> <span class='ocrx_word' id='word_1_166' title='bbox 1548 1502 1831 1541; x_wconf 87' lang='lat' dir='ltr'>immortalita-</span> 
     </span>
     <span class='ocr_line' id='line_1_21' title="bbox 428 1568 1834 1623; baseline -0.004 -11"><span class='ocrx_word' id='word_1_167' title='bbox 428 1582 510 1612; x_wconf 88' lang='lat' dir='ltr'>tem</span> <span class='ocrx_word' id='word_1_168' title='bbox 530 1572 672 1612; x_wconf 89' lang='lat' dir='ltr'>habeat</span> <span class='ocrx_word' id='word_1_169' title='bbox 692 1587 713 1611; x_wconf 86' lang='lat' dir='ltr'>a</span> <span class='ocrx_word' id='word_1_170' title='bbox 732 1573 859 1612; x_wconf 89' lang='lat' dir='ltr'>vobis.</span> <span class='ocrx_word' id='word_1_171' title='bbox 906 1572 985 1611; x_wconf 94' lang='lat' dir='ltr'>Cui</span> <span class='ocrx_word' id='word_1_172' title='bbox 1014 1572 1041 1610; x_wconf 90' lang='lat' dir='ltr'><strong>fi</strong></span> <span class='ocrx_word' id='word_1_173' title='bbox 1071 1571 1236 1609; x_wconf 86' lang='lat' dir='ltr'>statuam</span> <span class='ocrx_word' id='word_1_174' title='bbox 1265 1570 1307 1608; x_wconf 90' lang='lat' dir='ltr'>in</span> <span class='ocrx_word' id='word_1_175' title='bbox 1339 1569 1490 1608; x_wconf 80' lang='lat' dir='ltr'>RostriS</span> <span class='ocrx_word' id='word_1_176' title='bbox 1521 1569 1678 1608; x_wconf 89' lang='lat' dir='ltr'>decreto</span> <span class='ocrx_word' id='word_1_177' title='bbox 1709 1568 1834 1623; x_wconf 67' lang='lat' dir='ltr'>yestro</span> 
     </span>
     <span class='ocr_line' id='line_1_22' title="bbox 428 1636 1832 1693; baseline -0.003 -15"><span class='ocrx_word' id='word_1_178' title='bbox 428 1640 653 1686; x_wconf 86' lang='lat' dir='ltr'>statueritis,</span> <span class='ocrx_word' id='word_1_179' title='bbox 685 1641 795 1679; x_wconf 91' lang='lat' dir='ltr'>nulla</span> <span class='ocrx_word' id='word_1_180' title='bbox 826 1641 909 1693; x_wconf 86' lang='lat' dir='ltr'>ejus</span> <span class='ocrx_word' id='word_1_181' title='bbox 941 1639 1184 1692; x_wconf 84' lang='lat' dir='ltr'>legationem</span> <span class='ocrx_word' id='word_1_182' title='bbox 1214 1637 1450 1691; x_wconf 87' lang='lat' dir='ltr'>posteritatis</span> <span class='ocrx_word' id='word_1_183' title='bbox 1478 1636 1706 1675; x_wconf 84' lang='lat' dir='ltr'>obscurabit</span> <span class='ocrx_word' id='word_1_184' title='bbox 1725 1636 1832 1674; x_wconf 88' lang='lat' dir='ltr'>obli-</span> 
     </span>
     <span class='ocr_line' id='line_1_23' title="bbox 427 1703 1830 1761; baseline -0.004 -14"><span class='ocrx_word' id='word_1_185' title='bbox 427 1709 506 1747; x_wconf 85' lang='lat' dir='ltr'>vio.</span> <span class='ocrx_word' id='word_1_186' title='bbox 551 1710 660 1747; x_wconf 89' lang='lat' dir='ltr'>Nam</span> <span class='ocrx_word' id='word_1_187' title='bbox 681 1708 833 1761; x_wconf 87' lang='lat' dir='ltr'>reliqua</span> <span class='ocrx_word' id='word_1_188' title='bbox 854 1709 959 1746; x_wconf 89' lang='lat' dir='ltr'>Serv.</span> <span class='ocrx_word' id='word_1_189' title='bbox 985 1706 1152 1759; x_wconf 89' lang='lat' dir='ltr'>Sulpicii</span> <span class='ocrx_word' id='word_1_190' title='bbox 1179 1706 1260 1744; x_wconf 91' lang='lat' dir='ltr'>vita</span> <span class='ocrx_word' id='word_1_191' title='bbox 1286 1705 1425 1743; x_wconf 89' lang='lat' dir='ltr'>multis</span> <span class='ocrx_word' id='word_1_192' title='bbox 1454 1705 1528 1743; x_wconf 91' lang='lat' dir='ltr'>erit</span> <span class='ocrx_word' id='word_1_193' title='bbox 1556 1703 1830 1758; x_wconf 85' lang='lat' dir='ltr'>praeclarisque</span> 
     </span>
     <span class='ocr_line' id='line_1_24' title="bbox 428 1770 1831 1824; baseline -0.003 -11"><span class='ocrx_word' id='word_1_194' title='bbox 428 1776 700 1814; x_wconf 86' lang='lat' dir='ltr'>monumentis</span> <span class='ocrx_word' id='word_1_195' title='bbox 733 1776 779 1812; x_wconf 89' lang='lat' dir='ltr'>ad</span> <span class='ocrx_word' id='word_1_196' title='bbox 811 1788 974 1813; x_wconf 90' lang='lat' dir='ltr'>omnem</span> <span class='ocrx_word' id='word_1_197' title='bbox 1005 1773 1241 1812; x_wconf 86' lang='lat' dir='ltr'>memoriam</span> <span class='ocrx_word' id='word_1_198' title='bbox 1268 1771 1573 1810; x_wconf 80' lang='lat' dir='ltr'>commendata:</span> <span class='ocrx_word' id='word_1_199' title='bbox 1606 1771 1758 1824; x_wconf 88' lang='lat' dir='ltr'>semper</span> <span class='ocrx_word' id='word_1_200' title='bbox 1778 1770 1831 1808; x_wconf 90' lang='lat' dir='ltr'>il-</span> 
     </span>
     <span class='ocr_line' id='line_1_25' title="bbox 428 1837 1834 1893; baseline -0.003 -14"><span class='ocrx_word' id='word_1_201' title='bbox 428 1842 778 1893; x_wconf 85' lang='lat' dir='ltr'>lius-gravitatem,</span> <span class='ocrx_word' id='word_1_202' title='bbox 809 1840 1084 1885; x_wconf 82' lang='lat' dir='ltr'>constantiam,</span> <span class='ocrx_word' id='word_1_203' title='bbox 1116 1839 1252 1884; x_wconf 86' lang='lat' dir='ltr'>fidem,</span> <span class='ocrx_word' id='word_1_204' title='bbox 1284 1839 1530 1891; x_wconf 65' lang='lat' dir='ltr'>praestantem</span> <span class='ocrx_word' id='word_1_205' title='bbox 1559 1839 1600 1876; x_wconf 89' lang='lat' dir='ltr'>in</span> <span class='ocrx_word' id='word_1_206' title='bbox 1629 1837 1834 1890; x_wconf 87' lang='lat' dir='ltr'>republica</span> 
     </span>
     <span class='ocr_line' id='line_1_26' title="bbox 428 1902 1832 1959; baseline -0.004 -14"><span class='ocrx_word' id='word_1_207' title='bbox 428 1907 574 1946; x_wconf 88' lang='lat' dir='ltr'>tuenda</span> <span class='ocrx_word' id='word_1_208' title='bbox 608 1920 743 1945; x_wconf 90' lang='lat' dir='ltr'>curam</span> <span class='ocrx_word' id='word_1_209' title='bbox 777 1915 894 1959; x_wconf 86' lang='lat' dir='ltr'>atque</span> <span class='ocrx_word' id='word_1_210' title='bbox 928 1905 1207 1958; x_wconf 88' lang='lat' dir='ltr'>prudentiam,</span> <span class='ocrx_word' id='word_1_211' title='bbox 1241 1905 1424 1942; x_wconf 87' lang='lat' dir='ltr'>omnium</span> <span class='ocrx_word' id='word_1_212' title='bbox 1459 1904 1690 1942; x_wconf 83' lang='lat' dir='ltr'>mortalium</span> <span class='ocrx_word' id='word_1_213' title='bbox 1726 1902 1832 1940; x_wconf 86' lang='lat' dir='ltr'>fama</span> 
     </span>
     <span class='ocr_line' id='line_1_27' title="bbox 427 1968 1830 2023; baseline -0.004 -11"><span class='ocrx_word' id='word_1_214' title='bbox 427 1973 658 2012; x_wconf 86' lang='lat' dir='ltr'>celebrabit.</span> <span class='ocrx_word' id='word_1_215' title='bbox 692 1974 780 2012; x_wconf 90' lang='lat' dir='ltr'>Nec</span> <span class='ocrx_word' id='word_1_216' title='bbox 802 1986 892 2011; x_wconf 88' lang='lat' dir='ltr'>vero</span> <span class='ocrx_word' id='word_1_217' title='bbox 915 1972 1091 2010; x_wconf 79' lang='lat' dir='ltr'>silebitur</span> <span class='ocrx_word' id='word_1_218' title='bbox 1111 1971 1357 2010; x_wconf 81' lang='lat' dir='ltr'>admirabilis</span> <span class='ocrx_word' id='word_1_219' title='bbox 1380 1970 1574 2023; x_wconf 75' lang='lat' dir='ltr'>quaedam,</span> <span class='ocrx_word' id='word_1_220' title='bbox 1597 1978 1635 2008; x_wconf 88' lang='lat' dir='ltr'>et</span> <span class='ocrx_word' id='word_1_221' title='bbox 1656 1968 1830 2007; x_wconf 87' lang='lat' dir='ltr'>incredi-</span> 
     </span>
     <span class='ocr_line' id='line_1_28' title="bbox 428 2035 1833 2092; baseline -0.004 -14"><span class='ocrx_word' id='word_1_222' title='bbox 428 2040 536 2085; x_wconf 89' lang='lat' dir='ltr'>bilis,</span> <span class='ocrx_word' id='word_1_223' title='bbox 568 2048 606 2077; x_wconf 91' lang='lat' dir='ltr'>et</span> <span class='ocrx_word' id='word_1_224' title='bbox 640 2053 738 2092; x_wconf 88' lang='lat' dir='ltr'>pene</span> <span class='ocrx_word' id='word_1_225' title='bbox 766 2039 898 2077; x_wconf 89' lang='lat' dir='ltr'>divina</span> <span class='ocrx_word' id='word_1_226' title='bbox 925 2039 1007 2091; x_wconf 88' lang='lat' dir='ltr'>ejus</span> <span class='ocrx_word' id='word_1_227' title='bbox 1040 2039 1082 2076; x_wconf 89' lang='lat' dir='ltr'>in</span> <span class='ocrx_word' id='word_1_228' title='bbox 1112 2037 1267 2090; x_wconf 84' lang='lat' dir='ltr'>legibus</span> <span class='ocrx_word' id='word_1_229' title='bbox 1296 2036 1615 2089; x_wconf 86' lang='lat' dir='ltr'>interpretandis,</span> <span class='ocrx_word' id='word_1_230' title='bbox 1648 2035 1833 2087; x_wconf 87' lang='lat' dir='ltr'>aequitate</span> 
     </span>
     <span class='ocr_line' id='line_1_29' title="bbox 427 2101 1829 2159; baseline -0.004 -15"><span class='ocrx_word' id='word_1_231' title='bbox 427 2106 674 2159; x_wconf 87' lang='lat' dir='ltr'>explicanda,</span> <span class='ocrx_word' id='word_1_232' title='bbox 707 2105 880 2143; x_wconf 89' lang='lat' dir='ltr'>scientia.</span> <span class='ocrx_word' id='word_1_233' title='bbox 927 2105 1095 2150; x_wconf 85' lang='lat' dir='ltr'>Omnes,</span> <span class='ocrx_word' id='word_1_234' title='bbox 1127 2117 1174 2142; x_wconf 83' lang='lat' dir='ltr'>ex</span> <span class='ocrx_word' id='word_1_235' title='bbox 1196 2103 1308 2141; x_wconf 90' lang='lat' dir='ltr'>omni</span> <span class='ocrx_word' id='word_1_236' title='bbox 1329 2112 1453 2148; x_wconf 84' lang='lat' dir='ltr'>aetate,</span> <span class='ocrx_word' id='word_1_237' title='bbox 1486 2103 1555 2156; x_wconf 89' lang='lat' dir='ltr'>qui</span> <span class='ocrx_word' id='word_1_238' title='bbox 1588 2101 1660 2140; x_wconf 91' lang='lat' dir='ltr'>hac</span> <span class='ocrx_word' id='word_1_239' title='bbox 1694 2102 1735 2139; x_wconf 90' lang='lat' dir='ltr'>in</span> <span class='ocrx_word' id='word_1_240' title='bbox 1768 2102 1829 2139; x_wconf 89' lang='lat' dir='ltr'>ci—</span> 
     </span>
     <span class='ocr_line' id='line_1_30' title="bbox 425 2169 1829 2224; baseline -0.004 -13"><span class='ocrx_word' id='word_1_241' title='bbox 425 2173 546 2211; x_wconf 87' lang='lat' dir='ltr'>vitate</span> <span class='ocrx_word' id='word_1_242' title='bbox 574 2172 882 2224; x_wconf 85' lang='lat' dir='ltr'>intelligentiam</span> <span class='ocrx_word' id='word_1_243' title='bbox 905 2172 1006 2224; x_wconf 85' lang='lat' dir='ltr'>juris</span> <span class='ocrx_word' id='word_1_244' title='bbox 1035 2170 1274 2215; x_wconf 87' lang='lat' dir='ltr'>habuerunt,</span> <span class='ocrx_word' id='word_1_245' title='bbox 1308 2170 1333 2208; x_wconf 87' lang='lat' dir='ltr'>fi</span> <span class='ocrx_word' id='word_1_246' title='bbox 1362 2183 1488 2208; x_wconf 88' lang='lat' dir='ltr'>unum</span> <span class='ocrx_word' id='word_1_247' title='bbox 1510 2170 1550 2207; x_wconf 88' lang='lat' dir='ltr'>in</span> <span class='ocrx_word' id='word_1_248' title='bbox 1572 2169 1709 2207; x_wconf 88' lang='lat' dir='ltr'>locum</span> <span class='ocrx_word' id='word_1_249' title='bbox 1730 2181 1829 2205; x_wconf 89' lang='lat' dir='ltr'>con-</span> 
     </span>
     <span class='ocr_line' id='line_1_31' title="bbox 426 2235 1828 2290; baseline -0.004 -13"><span class='ocrx_word' id='word_1_250' title='bbox 426 2238 627 2285; x_wconf 87' lang='lat' dir='ltr'>ferantur,</span> <span class='ocrx_word' id='word_1_251' title='bbox 659 2252 753 2277; x_wconf 90' lang='lat' dir='ltr'>cum</span> <span class='ocrx_word' id='word_1_252' title='bbox 790 2239 894 2276; x_wconf 86' lang='lat' dir='ltr'>Serv.</span> <span class='ocrx_word' id='word_1_253' title='bbox 929 2237 1106 2290; x_wconf 87' lang='lat' dir='ltr'>Sulpicio</span> <span class='ocrx_word' id='word_1_254' title='bbox 1141 2250 1221 2274; x_wconf 87' lang='lat' dir='ltr'>non</span> <span class='ocrx_word' id='word_1_255' title='bbox 1258 2237 1333 2274; x_wconf 87' lang='lat' dir='ltr'>fint</span> <span class='ocrx_word' id='word_1_256' title='bbox 1368 2235 1636 2289; x_wconf 88' lang='lat' dir='ltr'>comparandi.</span> <span class='ocrx_word' id='word_1_257' title='bbox 1681 2235 1828 2286; x_wconf 88' lang='lat' dir='ltr'>Neque</span> 
     </span>
     <span class='ocr_line' id='line_1_32' title="bbox 425 2301 1828 2358; baseline -0.004 -14"><span class='ocrx_word' id='word_1_258' title='bbox 425 2307 534 2344; x_wconf 81' lang='lat' dir='ltr'>enim</span> <span class='ocrx_word' id='word_1_259' title='bbox 556 2306 623 2344; x_wconf 89' lang='lat' dir='ltr'>ille</span> <span class='ocrx_word' id='word_1_260' title='bbox 644 2305 770 2358; x_wconf 85' lang='lat' dir='ltr'>magis</span> <span class='ocrx_word' id='word_1_261' title='bbox 786 2304 888 2357; x_wconf 86' lang='lat' dir='ltr'>juris</span> <span class='ocrx_word' id='word_1_262' title='bbox 910 2303 1130 2349; x_wconf 84' lang='lat' dir='ltr'>consultus,</span> <span class='ocrx_word' id='word_1_263' title='bbox 1148 2316 1268 2355; x_wconf 89' lang='lat' dir='ltr'>quam</span> <span class='ocrx_word' id='word_1_264' title='bbox 1285 2302 1447 2354; x_wconf 79' lang='lat' dir='ltr'>justitiae</span> <span class='ocrx_word' id='word_1_265' title='bbox 1469 2301 1572 2340; x_wconf 90' lang='lat' dir='ltr'>fuit:</span> <span class='ocrx_word' id='word_1_266' title='bbox 1597 2301 1651 2339; x_wconf 84' lang='lat' dir='ltr'>ita</span> <span class='ocrx_word' id='word_1_267' title='bbox 1666 2313 1722 2345; x_wconf 86' lang='lat' dir='ltr'>ea,</span> <span class='ocrx_word' id='word_1_268' title='bbox 1742 2314 1828 2352; x_wconf 85' lang='lat' dir='ltr'>quae</span> 
     </span>
     <span class='ocr_line' id='line_1_33' title="bbox 427 2365 1825 2425; baseline -0.006 -14"><span class='ocrx_word' id='word_1_269' title='bbox 427 2372 777 2425; x_wconf 80' lang='lat' dir='ltr'>proficiscebantur</span> <span class='ocrx_word' id='word_1_270' title='bbox 809 2385 829 2409; x_wconf 85' lang='lat' dir='ltr'>a</span> <span class='ocrx_word' id='word_1_271' title='bbox 860 2370 1033 2423; x_wconf 87' lang='lat' dir='ltr'>legibus,</span> <span class='ocrx_word' id='word_1_272' title='bbox 1065 2379 1103 2408; x_wconf 88' lang='lat' dir='ltr'>et</span> <span class='ocrx_word' id='word_1_273' title='bbox 1135 2383 1156 2407; x_wconf 88' lang='lat' dir='ltr'>a</span> <span class='ocrx_word' id='word_1_274' title='bbox 1181 2370 1272 2421; x_wconf 87' lang='lat' dir='ltr'>jure</span> <span class='ocrx_word' id='word_1_275' title='bbox 1299 2369 1423 2415; x_wconf 90' lang='lat' dir='ltr'>civili,</span> <span class='ocrx_word' id='word_1_276' title='bbox 1457 2368 1607 2420; x_wconf 88' lang='lat' dir='ltr'>semper</span> <span class='ocrx_word' id='word_1_277' title='bbox 1626 2366 1673 2405; x_wconf 91' lang='lat' dir='ltr'>ad</span> <span class='ocrx_word' id='word_1_278' title='bbox 1694 2365 1825 2404; x_wconf 80' lang='lat' dir='ltr'>facili-</span> 
     </span>
     <span class='ocr_line' id='line_1_34' title="bbox 427 2434 1830 2493; baseline -0.005 -16"><span class='ocrx_word' id='word_1_279' title='bbox 427 2450 547 2479; x_wconf 75' lang='lat' dir='ltr'>tatem</span> <span class='ocrx_word' id='word_1_280' title='bbox 571 2440 876 2493; x_wconf 77' lang='lat' dir='ltr'>aequitatemque</span> <span class='ocrx_word' id='word_1_281' title='bbox 897 2437 1113 2486; x_wconf 77' lang='lat' dir='ltr'>referebat3</span> <span class='ocrx_word' id='word_1_282' title='bbox 1139 2450 1265 2490; x_wconf 85' lang='lat' dir='ltr'>neque</span> <span class='ocrx_word' id='word_1_283' title='bbox 1282 2435 1483 2475; x_wconf 85' lang='lat' dir='ltr'>instituere</span> <span class='ocrx_word' id='word_1_284' title='bbox 1505 2435 1639 2475; x_wconf 87' lang='lat' dir='ltr'>litium</span> <span class='ocrx_word' id='word_1_285' title='bbox 1661 2434 1830 2473; x_wconf 64' lang='lat' dir='ltr'>astiones</span> 
     </span>
    </p>
   </div>
  </div>
 </body>
</html>
