2076 2860
423 135 502 188 380
775 132 851 171 IN
910 131 974 170 M.
1035 130 1460 169 ANTONIUM

423 233 722 278 inconstantius,
758 245 892 285 quam,
928 245 1047 284 quem
1076 231 1195 269 modo
1223 231 1373 270 hostem
1394 247 1474 270 non
1495 232 1628 278 verbo,
1665 232 1728 271 sed
1759 248 1812 279 re,

421 301 561 339 multis
587 299 767 344 decretis,
794 298 1081 350 judicaveritis,
1118 312 1211 336 cum
1233 297 1309 336 hoc
1331 299 1461 336 subito
1481 313 1575 351 pace
1595 299 1696 338 velle
1716 313 1813 338 con-

416 368 535 420 jungi
555 369 568 404 ?
601 366 686 404 Nifi
708 378 812 409 vero,
845 378 937 402 cum
961 365 1009 402 C.
1036 365 1175 402 Caesari
1196 366 1357 403 meritos
1380 366 1440 403 illi
1462 365 1625 418 quidem
1646 364 1814 404 honores

422 443 461 471 et
495 433 670 476 debitos,
703 431 764 468 sed
798 440 926 468 tamen
964 430 1173 483 singulares
1209 441 1247 469 et
1282 432 1546 477 immortales,
1577 432 1814 477 decrevistis,

423 512 542 537 unam
563 498 614 535 ob
636 496 804 541 causam,
837 496 943 548 quod
970 506 1107 534 contra
1127 497 1190 534 M.
1216 497 1441 534 Antonium
1462 497 1682 535 exercitum
1702 512 1813 536 com-

422 563 636 617 paravisset,
670 577 747 600 non
775 562 927 600 hostem
949 563 1172 600 Antonium
1190 563 1433 614 judicavistis
1453 578 1462 601 :
1495 577 1567 600 nec
1589 572 1675 601 tum
1695 562 1816 602 hostis

421 630 475 668 est
501 644 521 667 a
541 629 653 667 vobis
670 629 871 681 judicatus
900 629 1117 674 Antonius,
1149 643 1242 666 cum
1270 629 1415 667 laudati
1443 629 1671 667 auctoritate
1698 629 1818 667 vestra

422 696 593 734 veterani
615 695 778 739 milites,
810 696 879 747 qui
909 695 1099 732 Caesarem
1127 695 1249 732 secuti
1277 695 1422 733 essent:
1457 709 1528 732 nec
1558 705 1643 732 tum
1664 694 1815 733 hostem

422 762 647 800 Antonium
662 760 921 813 judicavistis,
940 775 1033 798 cum
1053 758 1271 798 fortissimis
1293 760 1533 813 legionibus,
1556 760 1662 812 quod
1682 761 1814 806 illum,

421 828 492 880 qui
519 826 654 866 consul
683 826 966 880 appellabatur,
999 841 1091 864 cum
1123 827 1213 864 effet
1245 826 1381 872 hostis,
1414 826 1670 880 reliquissent,
1701 840 1814 865 vaca-

420 894 564 938 tiones,
595 893 796 946 pecunias,
828 906 938 945 agros
961 892 1235 945 spopondistis.

477 960 551 997 IV.
585 958 727 1010 Qid?
759 972 853 997 cum
875 960 1059 1003 Brutum,
1092 959 1224 997 omine
1255 958 1425 1011 quodam
1457 959 1564 996 illius
1595 959 1748 1011 generis
1777 968 1817 997 et

422 1025 595 1063 nominis
617 1033 755 1062 natum
775 1025 821 1062 ad
840 1024 1128 1077 rempublicam
1145 1025 1401 1069 liberandam,
1418 1025 1717 1078 exercitumque
1733 1025 1816 1076 ejus

420 1106 492 1145 pro
522 1091 703 1128 libertate
732 1092 871 1143 populi
905 1092 1077 1128 Romani
1108 1091 1260 1128 bellum
1284 1100 1485 1142 gerentem
1507 1105 1599 1128 cum
1621 1091 1815 1136 Antonio,

420 1157 748 1210 provinciamque
768 1156 1028 1194 fideliffimam
1049 1165 1166 1208 atque
1188 1157 1396 1209 optimam,
1421 1156 1610 1201 Galliam,
1633 1156 1815 1194 laudibus

421 1222 667 1277 ampliffimis
700 1222 879 1260 affecistis
898 1242 909 1267 ;
944 1233 1030 1261 tum
1062 1237 1140 1260 non
1161 1222 1314 1260 hostem
1330 1222 1532 1274 judicastis
1555 1224 1780 1260 Antonium
1800 1224 1813 1261 ?

422 1289 565 1341 Qid?
597 1302 691 1326 cum
724 1288 958 1333 decrevistis,
991 1298 1035 1326 ut
1063 1288 1240 1326 consules
1269 1289 1365 1326 alter
1397 1288 1561 1325 ambove
1588 1287 1635 1325 ad
1663 1287 1815 1326 bellum

422 1355 789 1409 proficiscerentur3
827 1355 933 1408 quod
968 1362 1047 1392 erat
1083 1355 1249 1399 bellum,
1283 1355 1308 1392 s1
1343 1353 1463 1392 hostis
1499 1354 1700 1392 Antonius
1735 1368 1815 1392 non

421 1422 529 1459 erat?
562 1420 671 1471 Qid
693 1421 815 1473 igitur
834 1419 1032 1472 profeehis
1054 1420 1107 1457 est
1126 1420 1185 1457 vir
1206 1419 1451 1464 fortissimus,
1474 1433 1584 1457 meus
1606 1419 1758 1471 collega
1777 1430 1815 1458 et

420 1486 642 1531 familiaris,
675 1487 725 1524 A.
751 1487 910 1524 Hirtius
944 1486 1113 1524 consul?
1145 1495 1182 1524 at
1203 1499 1280 1539 qua
1302 1485 1591 1530 imbecillitate,
1624 1499 1700 1538 qua
1728 1499 1814 1523 ma-

419 1554 505 1591 cie?
525 1552 587 1590 sed
604 1552 725 1589 animi
742 1553 841 1590 vires
859 1553 1033 1605 corporis
1051 1552 1259 1590 infirmitas
1277 1566 1355 1590 non
1374 1551 1594 1590 retardavit.
1618 1553 1812 1604 AEquum,

419 1619 550 1663 credo,
583 1618 750 1671 putavit,
782 1618 919 1663 vitam,
953 1632 1071 1671 quam
1096 1618 1234 1671 populi
1268 1618 1438 1656 Romani
1460 1618 1560 1655 votis
1583 1617 1813 1663 retinuiffet,

422 1699 493 1738 pro
514 1685 694 1723 libertate
714 1685 853 1737 populi
876 1685 1049 1723 Romani
1070 1685 1111 1723 in
1134 1685 1343 1727 discrimen
1365 1684 1571 1723 adducere.

478 1750 620 1802 Qid?
653 1764 746 1788 cum
779 1750 949 1788 delecffixs
983 1750 1118 1788 haberi
1151 1760 1233 1789 tota
1255 1750 1555 1803 Italiajuffistis,
1588 1763 1681 1788 cum
1701 1764 1814 1789 vaca-

425 1818 549 1856 tiones
571 1829 707 1853 omnes
729 1815 947 1860 sustulistis,
971 1824 1057 1853 tum
1079 1816 1146 1853 ille
1167 1815 1286 1854 hostis
1309 1829 1388 1853 non
1409 1816 1677 1867 estjudicatus
1698 1817 1711 1853 ?
1734 1817 1813 1853 Ar-

424 1870 581 1921 morum
603 1880 778 1918 officinas
800 1881 838 1917 in
864 1881 959 1918 urbe
979 1880 1119 1919 videtis
1139 1896 1147 1919 ε
1181 1881 1328 1918 milites
1359 1894 1452 1918 cum
1479 1880 1619 1932 gladiis
1641 1880 1813 1932 sequun-

421 1960 488 1987 tur
509 1946 709 1985 consulem
728 1965 739 1991 3
772 1946 947 1998 praesidio
970 1946 1072 1992 sunt,
1105 1947 1230 1999 specie
1251 1947 1416 1992 consuli,
1440 1961 1479 1984 re
1500 1956 1537 1984 et
1558 1947 1718 1985 veritate
1739 1961 1813 1985 no-

423 2016 511 2053 bis:
544 2026 680 2051 omnes
714 2013 790 2050 fine
819 2013 899 2050 ulla
930 2013 1182 2058 recusatione,
1216 2013 1371 2051 summo
1403 2013 1521 2050 etiam
1549 2026 1642 2050 cum
1671 2012 1812 2058 studio,

422 2079 585 2118 nomina
605 2077 713 2122 dant,
739 2086 875 2129 parent
896 2079 1116 2117 auetoritati
1136 2077 1280 2117 vestrae.
1314 2079 1409 2117 Non
1431 2078 1483 2116 est
1498 2077 1699 2130 judicatus
1721 2077 1812 2116 hos-

420 2148 473 2185 tis
495 2145 694 2184 Antonius
716 2145 728 2181 ?

479 2214 535 2251 At
556 2211 703 2263 legatos
726 2210 917 2249 misimus.
952 2212 1059 2256 Heu,
1082 2225 1145 2248 me
1166 2211 1373 2249 miserum!
1399 2225 1468 2249 cur
1485 2210 1660 2249 senatum
1677 2224 1811 2264 cogor,

424 2293 542 2333 quem
578 2277 730 2315 laudavi
767 2277 915 2329 semper
930 2307 940 2321 ,
978 2276 1256 2329 reprehendere
1276 2279 1289 2315 ?
1333 2277 1442 2329 Qid
1463 2279 1475 2315 ?
1519 2291 1585 2315 vos
1621 2277 1783 2315 censetis
1799 2307 1811 2323 ,

424 2347 554 2384 Patres
586 2343 812 2395 conscripti,
846 2343 1064 2395 legatorum
1097 2344 1316 2382 miffionem
1349 2344 1498 2396 populo
1532 2344 1714 2382 Romano
1745 2357 1812 2382 vos

422 2409 666 2466 probaviffe?
705 2423 783 2447 non
818 2409 1070 2461 intelligitis,
1103 2423 1182 2448 non
1216 2410 1385 2454 auditis,
1419 2423 1545 2449 meam
1582 2409 1812 2448 sententiam
