2076 2860
671 180 748 219 IN
809 180 860 218 L.
921 177 1280 218 PISONEM.
1604 190 1677 231 173

277 282 392 321 ceffat
406 281 474 320 hic
490 280 713 327 homullus,
731 295 779 320 ex
795 280 934 334 argilla
948 289 988 319 et
1002 280 1090 319 luto
1106 280 1220 319 fictus
1238 280 1474 333 Epicureu5‚
1490 279 1579 317 dare
1594 279 1678 318 haec

277 350 460 402 praeclara
490 358 684 401 praecepta
715 348 912 400 sapientiae
944 347 1153 386 clariffimo
1185 357 1224 385 et
1251 347 1407 385 summo
1434 346 1677 399 imperatori,

277 428 422 468 genero
442 414 510 452 suo
529 415 542 451 ?
575 415 718 452 Fertur
738 413 806 452 ille
826 414 899 459 vir,
931 412 1034 452 mihi
1055 414 1182 459 crede,
1205 413 1331 466 gloria
1349 428 1357 452 :
1390 413 1541 466 flagrat,
1573 412 1680 450 ardet

277 480 495 534 cupiditate
509 480 607 533 justi
626 490 666 519 et
685 481 820 533 magni
842 480 1058 533 triumphi:
1079 494 1159 518 non
1180 480 1322 518 didicit
1341 479 1477 518 eadem
1493 479 1575 524 ista,
1594 493 1681 532 quae

279 557 338 586 tu.
384 548 510 586 Mitte
529 547 577 585 ad
597 561 690 586 eum
710 547 911 585 libellum.
959 547 1032 585 Sed
1047 548 1131 600 jam
1146 577 1157 593 ,
1190 547 1217 585 fi
1238 546 1318 600 ipse
1339 559 1472 585 coram
1492 545 1681 598 congredi

279 615 452 667 poteris,
484 613 698 659 meditare,
731 613 877 667 quibus
905 613 1034 651 verbis
1062 613 1263 651 incensam
1290 612 1399 651 illius
1421 611 1682 665 cupiditatem

279 681 534 733 comprimas,
553 691 670 734 atque
687 679 1083 732 restinguas.Valebis
1101 679 1204 732 apud
1224 678 1432 717 hominem
1447 678 1683 717 volitantem

279 746 415 800 gloriae
435 747 652 800 cupiditate
667 777 678 792 ‚
710 747 769 784 vir
797 746 1021 784 moderatus
1051 755 1090 784 et
1111 745 1288 784 constans
1306 764 1318 791 3
1351 745 1455 798 apud
1475 743 1682 783 indoctum

279 813 456 852 eruditus
473 833 485 859 ;
518 813 622 867 apud
641 827 831 866 generum
853 812 973 851 socer.
1007 813 1128 850 Dices
1149 813 1271 857 enim,
1304 821 1348 850 ut
1370 825 1408 849 es
1430 811 1553 850 homo
1574 810 1681 849 face-

281 889 359 924 tus,
391 879 439 918 ad
461 878 775 932 persuadendum
795 879 1031 923 concinnus,
1064 877 1275 931 perfectus,
1307 877 1456 931 politus
1479 892 1498 916 e
1519 875 1679 916 schola:

282 946 393 997 Qid
413 946 481 990 est,
501 945 639 990 Caesar,
657 944 766 997 quod
787 954 825 982 te
845 944 1153 997 supplicationes
1176 945 1292 983 toties
1314 944 1492 990 decretae,
1516 954 1575 983 tot
1597 944 1681 982 die-

281 1027 384 1058 rum,
408 1021 611 1064 tantopere
631 1011 852 1050 delectent?
874 1012 916 1049 in
937 1011 1084 1064 quibus
1105 1010 1289 1050 homines
1310 1025 1438 1050 errore
1459 1012 1679 1050 ducuntur:

280 1091 376 1131 quas
399 1078 470 1116 Dii
491 1077 729 1131 negligunt;
754 1079 838 1130 qui,
862 1087 906 1116 ut
927 1077 1055 1115 noster
1074 1077 1143 1116 ille
1163 1077 1321 1116 divinus
1343 1077 1446 1116 dixit
1465 1079 1681 1130 EpicurUS,

281 1158 408 1197 neque
439 1145 604 1197 propitii
636 1145 824 1197 cuiquam
855 1143 927 1182 effe
960 1144 1100 1189 solent,
1133 1158 1262 1197 neque
1293 1144 1396 1182 irati.
1435 1145 1531 1183 Non
1563 1143 1683 1182 facies

282 1211 402 1250 fidem
423 1212 588 1257 scilicet,
611 1225 706 1250 cum
725 1211 808 1250 haec
831 1211 1048 1265 disputabis
1068 1227 1077 1250 ε
1101 1212 1177 1250 tibi
1198 1212 1307 1250 enim
1327 1221 1365 1250 et
1386 1211 1473 1258 effe,
1495 1221 1534 1250 et
1554 1211 1682 1257 fuiffe,

282 1279 389 1317 Deos
410 1278 562 1317 videbis
583 1279 716 1318 iratos.

339 1346 477 1384 Vei-tes
508 1355 546 1383 te
575 1345 623 1383 ad
652 1346 813 1384 alteram
835 1345 1039 1385 scholam:
1073 1345 1226 1384 differes
1249 1346 1295 1385 de
1318 1345 1539 1399 triumphO.
1573 1346 1684 1398 Qid

282 1412 442 1450 tandem
461 1410 581 1450 habet
600 1411 669 1450 iste
689 1426 826 1451 currus
843 1415 856 1450 ?
879 1413 977 1466 quid
993 1413 1116 1451 vineti
1132 1423 1221 1452 ante
1237 1427 1399 1452 currum
1421 1412 1567 1450 duces?
1586 1412 1684 1465 quid

280 1478 485 1516 fimulacra
505 1478 745 1532 oppidorum
764 1480 777 1516 ?
809 1479 907 1532 quid
927 1493 1067 1517 aurum
1087 1480 1100 1516 ?
1123 1479 1221 1532 quid
1242 1489 1450 1531 argentum
1470 1479 1482 1515 Ρ
1506 1479 1603 1531 quid
1624 1478 1682 1516 le-

279 1545 362 1596 gati
383 1546 423 1582 in
445 1546 572 1597 equis,
595 1554 634 1582 et
656 1545 807 1583 tribuni
827 1547 839 1582 ἓ
871 1546 970 1598 quid
990 1545 1141 1583 clamor
1161 1545 1340 1582 militum
1361 1546 1373 1582 ?
1397 1544 1494 1597 quid
1516 1554 1597 1581 tota
1617 1544 1688 1582 illa

281 1624 429 1663 pompa
447 1612 459 1648 ?
493 1612 630 1648 Inania
649 1611 738 1648 sunt
760 1611 842 1656 ista,
873 1611 976 1649 mihi
1002 1611 1130 1655 crede,
1163 1610 1445 1649 delectamenta
1465 1624 1563 1663 pene
1584 1624 1683 1662 pue-

282 1690 432 1722 rorum,
465 1686 619 1729 captare
639 1676 811 1729 plausus,
844 1675 934 1714 vehi
955 1690 1024 1730 per
1044 1676 1198 1721 urbem,
1222 1676 1399 1729 conspici
1427 1676 1543 1714 velle.
1578 1676 1684 1728 Qi-

283 1744 357 1782 bus
379 1758 426 1782 ex
447 1744 578 1789 rebus,
601 1743 705 1782 nihil
726 1744 779 1782 est
799 1744 906 1797 quod
928 1743 1100 1782 solidum
1120 1753 1265 1789 tenere,
1289 1742 1392 1781 nihil
1414 1743 1521 1796 quod
1542 1742 1685 1781 referre

283 1810 330 1847 ad
349 1810 595 1863 voluptatem
615 1811 806 1863 corporis,
838 1810 968 1863 poffis.
1003 1810 1115 1862 Qin
1138 1819 1180 1848 tu
1203 1824 1267 1848 me
1286 1809 1409 1854 vides,
1433 1810 1517 1862 qui,
1541 1823 1588 1847 ex
1609 1823 1687 1862 qua

283 1879 487 1931 provincia
506 1880 560 1917 T.
584 1879 851 1924 Flamininus,
885 1879 934 1917 L.
960 1878 1120 1923 Paulus,
1144 1878 1432 1931 QMetellus‚
1451 1880 1504 1916 T.
1523 1878 1684 1924 Didius,

283 1944 590 1983 innumerabiles
611 1945 693 1990 alii,
725 1945 801 1983 levi
822 1945 1040 1997 cupiditate
1060 1945 1269 1989 commoti,
1303 1944 1614 1997 triumpharunt,
1638 1959 1687 1982 ex

283 2025 326 2050 ea
345 2012 397 2050 fic
417 2012 541 2057 redii,
574 2021 617 2050 ut
647 2011 693 2049 ad
723 2022 877 2064 portam
908 2011 1159 2063 Esquilinam
1189 2012 1493 2050 Macedonicam
1515 2012 1685 2050 lauream

283 2078 581 2124 conculcarim3
614 2078 694 2130 ipse
714 2092 808 2116 cum
829 2077 1063 2115 hominibus
1084 2078 1316 2130 quindecim
1337 2078 1438 2116 male
1463 2078 1609 2116 vestitis
1639 2078 1686 2116 ad

285 2154 440 2196 portam
469 2145 808 2183 Coelimontanam
839 2144 969 2182 fitiens
998 2144 1271 2197 pervenerim:
1305 2158 1385 2197 quo
1411 2145 1451 2181 in
1474 2144 1562 2181 loco
1584 2143 1686 2182 mihi

285 2209 450 2248 libertus
466 2239 476 2255 ,
508 2210 694 2263 praeclaro
724 2210 977 2262 imperatori,
1010 2210 1177 2248 domum
1206 2224 1254 2248 ex
1274 2210 1347 2248 hac
1370 2211 1431 2248 die
1455 2210 1576 2247 biduo
1597 2220 1688 2248 ante

285 2275 526 2314 conduxerat
544 2291 553 2314 :
587 2289 673 2328 quae
693 2289 812 2314 vacua
832 2276 858 2314 fi
880 2291 960 2315 non
981 2276 1113 2315 fuiffet
1128 2307 1138 2322 ‚
1171 2278 1212 2315 in
1234 2291 1375 2330 campo
1403 2277 1553 2315 Nlartio
1583 2276 1685 2314 mihi

287 2342 584 2380 tabernaculum
605 2343 866 2385 collocaffem.
886 2345 1093 2383 Nummus
1115 2345 1263 2382 interea
1282 2344 1400 2389 mihi,
1429 2344 1568 2388 Caesar,
1587 2358 1686 2395 neg-

286 2410 396 2447 lec'tis
417 2408 612 2447 vehiculis
634 2408 944 2462 triumphalibus
958 2440 968 2456 ,
1001 2411 1111 2449 domi
1131 2420 1285 2456 manet,
1319 2420 1358 2448 et
1379 2411 1569 2448 manebit.
1604 2410 1687 2446 Ra-

287 2477 412 2515 tiones
435 2476 481 2514 ad
502 2475 678 2514 aerarium
701 2476 817 2514 retuli
839 2477 1046 2521 continuo,
1069 2477 1167 2515 ficut
1184 2486 1250 2515 tua
1266 2477 1328 2515 lex
1345 2476 1534 2528 jubebat:
1560 2488 1687 2527 neque
