2076 2860
638 151 1211 192 PHILIPPICA
1288 150 1384 190 XII.
1626 166 1705 206 433

313 256 461 308 legatos
483 254 529 293 de
550 268 642 307 pace
663 255 885 299 mittemus,
909 254 979 306 qui
999 254 1104 306 pacis
1127 253 1287 291 nuntios
1309 252 1556 307 repudiavit?
1580 254 1703 293 Vere-

314 322 597 361 cundioremne
624 335 756 359 coram
782 329 967 373 putamus
995 320 1036 358 in
1064 320 1294 373 postulando
1315 320 1413 366 fore,
1444 335 1564 374 quam
1584 320 1705 360 fuerit

315 399 417 434 tum,
450 402 542 426 cum
563 388 668 426 mifit
696 387 877 426 mandata
896 387 943 425 ad
973 386 1149 425 senatum
1168 389 1180 425 ?
1213 388 1340 440 Atqui
1362 397 1448 426 tum
1468 402 1511 425 ea
1530 388 1701 441 petebat,

313 468 400 507 quae
420 454 652 493 videbantur
672 455 853 507 improba
872 454 1052 499 omnino,
1075 453 1138 492 sed
1160 462 1289 492 tamen
1309 455 1441 506 aliquo
1461 454 1580 492 modo
1600 454 1706 507 poffe

313 520 479 559 concedi
497 536 507 559 ι
539 520 718 558 nondum
739 530 819 559 erat
839 520 970 559 vestris
993 529 1073 558 tam
1093 521 1338 573 graviffimis,
1368 529 1528 573 tamque
1548 520 1703 565 multis,

308 587 472 640 judiciis
494 587 802 640 ignominiisque
821 587 1000 626 concisus
1019 602 1028 625 :
1053 601 1158 625 nunc
1179 601 1221 625 ea
1240 588 1355 640 petit,
1377 601 1463 640 quae
1483 587 1571 625 dare
1591 587 1704 625 nullo

313 654 433 693 modo
454 654 669 707 possumus,
701 655 771 692 nifi
793 655 900 708 prius
931 654 1114 693 volumus
1144 668 1215 692 nos
1238 655 1343 692 bello
1362 655 1485 692 vic‘tos
1505 653 1702 692 confiteri.

315 721 680 759 Senatus-consulta
707 719 801 759 falsa
830 720 955 758 delata
980 721 1028 758 ab
1049 734 1094 758 eo
1110 720 1376 772 judicavimus
1395 735 1404 758 ε
1437 733 1534 758 num
1555 733 1598 758 ea
1617 733 1704 758 vera

313 787 514 839 poffumus
530 787 739 839 judicare?
772 788 897 839 Leges
926 787 1130 824 statuimus
1160 800 1229 839 per
1248 787 1330 825 vim
1350 795 1390 825 et
1416 794 1552 824 contra
1571 786 1702 839 auspi—

313 853 373 890 cia
405 853 514 898 latas,
547 853 670 905 iisque
703 866 773 890 nec
807 853 1002 905 populum
1035 866 1105 890 nec
1138 853 1296 905 plebem
1328 853 1479 890 teneri:
1511 866 1609 891 num
1641 866 1702 890 eas

314 919 464 957 restitui
485 919 588 971 poffe
609 918 773 956 censetis
793 920 806 956 ?
839 918 1065 957 Sestertium
1095 918 1233 971 septies
1254 917 1400 957 millies
1421 918 1593 957 avertiffe
1613 919 1702 956 An-

313 986 471 1023 tonium
492 986 668 1037 pecuniae
689 985 858 1037 publicae
875 984 1118 1037 judicavistis
1139 1000 1147 1023 :
1180 999 1277 1023 num
1307 984 1442 1023 fraude
1472 986 1616 1037 poterit
1637 998 1703 1023 ca-

313 1063 395 1088 rere
428 1050 631 1103 peculatus
651 1051 664 1087 ?
701 1051 979 1088 Immunitates
1015 1051 1062 1088 ab
1097 1064 1143 1088 eo
1177 1050 1403 1089 civitatibus
1420 1080 1430 1096 ,
1467 1050 1702 1095 sacerdotia,

313 1130 445 1168 regna,
476 1117 709 1155 venierunt:
743 1130 841 1154 num
875 1116 1047 1168 figentur
1081 1116 1210 1154 rursus
1239 1130 1292 1155 eae
1322 1117 1478 1162 tabulae,
1509 1130 1603 1169 quas
1635 1130 1703 1156 vos

313 1181 478 1220 decretis
500 1181 632 1219 vestris
654 1181 832 1220 refixistis
852 1183 865 1219 ?

369 1247 443 1285 VI.
468 1246 589 1299 Qod
605 1247 631 1284 fi
647 1260 703 1292 ea,
721 1261 807 1300 quae
823 1247 1084 1292 decrevimus,
1101 1247 1281 1293 obruere,
1299 1261 1397 1285 num
1412 1247 1530 1286 etiam
1546 1261 1704 1286 memo-

314 1313 413 1351 riam
434 1327 564 1351 rerum
585 1313 726 1358 delere,
758 1313 958 1366 possumus
978 1315 991 1350 ?
1023 1313 1194 1365 Qando
1222 1314 1331 1352 enim
1351 1314 1604 1353 obliviscetur
1624 1315 1707 1352 ulla

314 1378 531 1432 posteritas,
563 1379 677 1431 cujus
700 1379 839 1418 scelere
861 1381 901 1417 in
921 1378 995 1417 hac
1015 1379 1174 1418 vestitus
1195 1378 1372 1418 foeditate
1391 1379 1583 1419 fuerimus
1601 1381 1614 1418 ?
1646 1381 1706 1418 Ut

314 1446 595 1483 centurionum
616 1435 783 1497 legionis
815 1446 970 1483 Martiae
990 1445 1197 1483 Brundufii
1218 1445 1398 1497 profusus
1420 1446 1573 1498 sanguis
1594 1446 1703 1484 elua-

314 1521 393 1557 tur,
426 1526 522 1550 num
553 1512 632 1549 elui
662 1512 888 1564 praedicatio
917 1512 1159 1550 crudelitatis
1190 1512 1345 1564 potest?
1378 1514 1436 1551 Ut
1456 1512 1584 1551 media
1603 1526 1704 1564 prae-

314 1587 488 1623 teream;
521 1592 608 1630 quae
628 1578 792 1616 vetustas
813 1578 927 1616 tollet
947 1592 1111 1630 operum
1132 1579 1235 1616 circa
1256 1578 1459 1617 MutInam
1489 1588 1586 1616 tetra
1615 1591 1704 1616 mo-

316 1653 519 1688 numenta,
552 1643 703 1681 sceleris
726 1644 885 1690 indicia,
917 1644 1193 1697 latrociniique
1213 1643 1402 1696 vestigia?

371 1710 482 1748 Huic
504 1710 627 1762 igitur
646 1711 878 1763 importuno
907 1720 1024 1763 atque
1050 1712 1208 1764 impuro
1236 1710 1435 1763 parricidae
1457 1710 1554 1763 quid
1579 1709 1703 1749 habe-

315 1789 421 1821 muS,
450 1790 519 1829 per
547 1777 653 1815 Deos
686 1777 957 1816 immortales!
989 1777 1097 1829 quod
1124 1776 1403 1815 remittamus?
1435 1778 1500 1814 An
1530 1777 1706 1815 Galliam

317 1842 516 1887 ultimam,
537 1851 576 1880 et
597 1843 845 1881 exercitum?
875 1842 986 1895 Qid
1006 1842 1059 1880 est
1079 1842 1199 1887 aliud,
1223 1856 1302 1880 non
1323 1856 1459 1895 pacem
1480 1841 1620 1887 facere,
1643 1842 1706 1880 sed

316 1907 472 1946 differre
503 1907 688 1946 bellum?
720 1923 791 1947 nec
825 1909 952 1947 solum
979 1922 1186 1962 prorogare
1213 1908 1379 1954 bellum,
1411 1908 1474 1946 sed
1495 1908 1708 1946 concedere

314 1974 434 2012 etiam
454 1974 690 2012 victoriam?
723 1977 787 2013 An
822 1975 889 2014 ille
920 1989 999 2014 non
1032 1975 1184 2020 vicerit,
1217 1988 1452 2027 quacunque
1479 1975 1709 2013 conditione

315 2039 356 2076 in
388 2038 490 2077 hanc
521 2040 659 2077 urbem
692 2054 786 2078 cum
820 2040 895 2078 suis
927 2040 1109 2079 venerit?
1141 2041 1275 2078 Armis
1304 2053 1410 2078 nunc
1437 2040 1571 2079 omnia
1596 2049 1707 2079 tene-

315 2117 404 2142 mus
422 2122 434 2149 ς
465 2105 694 2143 auctoritate
714 2105 887 2144 valemus
910 2105 1129 2158 plurimum
1146 2123 1158 2151 ς
1181 2105 1321 2144 absunt
1343 2114 1401 2144 tot
1421 2105 1565 2159 perditi
1585 2106 1705 2151 cives,

316 2167 513 2208 nefarium
544 2170 666 2208 secuti
696 2170 865 2210 ducem:
899 2179 1028 2210 tamen
1059 2185 1196 2210 eorum
1224 2185 1305 2218 ora,
1336 2171 1545 2217 sermones,
1576 2171 1646 2224 qui
1664 2172 1707 2209 in

318 2235 416 2274 urbe
445 2248 494 2273 ex
523 2248 569 2273 eo
604 2249 769 2275 numero
799 2237 924 2276 relicti
956 2238 1060 2283 sunt,
1091 2236 1191 2276 ferre
1223 2251 1302 2276 non
1337 2237 1553 2291 poffumus.
1596 2237 1708 2289 Qid

318 2300 499 2346 censetis,
530 2314 624 2339 cum
646 2311 705 2341 tot
727 2317 805 2342 uno
826 2313 1002 2358 tempore
1023 2305 1264 2357 irruperint3
1297 2318 1367 2342 nos
1399 2317 1505 2343 arma
1533 2303 1709 2356 posueri-

320 2379 409 2405 mus
427 2385 438 2412 3
472 2366 532 2405 illi
561 2381 640 2405 non
669 2369 868 2421 posuerint
887 2371 905 2409 ?‘
931 2384 1062 2411 nonne
1083 2384 1152 2410 nos
1174 2370 1313 2410 nostris
1333 2371 1504 2410 consiliis
1525 2370 1646 2409 victos
1666 2369 1709 2408 iu

317 2442 557 2487 perpetuum
578 2433 662 2472 fore
680 2437 694 2473 ?

403 2500 656 2540 ToM.VI.
1307 2500 1411 2539 lii
