2076 2860
493 193 573 244 284
846 192 922 232 IN
981 191 1046 230 M.
1106 190 1533 230 ANTONIUM

492 295 561 347 qui
584 294 694 332 istam
711 295 838 346 legem
855 292 1178 344 excogitaverunt
1193 293 1205 329 ?
1229 293 1288 330 Ut
1303 291 1410 330 enim
1427 290 1593 343 quisque
1609 289 1888 331 sordidiffimus

492 361 704 405 videbitur,
724 362 777 398 ita
796 359 1050 397 libentiffime
1065 358 1265 396 severitate
1281 357 1489 410 judicandi
1509 357 1637 395 sordes
1658 357 1741 395 suas
1762 357 1888 402 eluet;

491 428 779 479 laborabitque,
798 435 842 464 ut
861 425 1034 464 honestis
1052 425 1220 463 decuriis
1242 425 1375 478 potius
1397 424 1540 476 dignus
1561 423 1752 470 videatur,
1770 437 1889 477 quam

491 493 533 531 in
556 502 686 545 turpes
703 493 792 543 jure
813 492 1028 544 conjectus.

547 559 621 596 IX.
646 558 783 595 Altera
799 557 1048 610 promulgata
1062 557 1126 595 lex
1142 556 1209 602 est,
1226 566 1270 595 ut
1283 565 1322 594 et
1335 556 1382 594 de
1397 556 1436 594 vi
1450 564 1489 594 et
1503 555 1548 593 de
1564 554 1760 608 majestate
1777 553 1888 592 dam-

491 624 573 662 nati
594 624 639 661 ad
661 624 857 677 populum
878 632 1107 676 provocent,
1140 623 1166 661 fi
1187 623 1326 660 velint.
1369 622 1468 660 Haec
1491 631 1626 659 utrum
1646 620 1806 659 tandem
1827 620 1890 658 lex

491 690 560 735 est,
592 704 639 727 an
662 690 798 742 legum
818 690 1002 727 omnium
1023 688 1223 727 dissolutio
1243 689 1255 725 ?
1288 688 1390 740 Qis
1412 687 1520 725 enim
1541 687 1593 725 est
1613 686 1746 732 hodie,
1777 686 1890 738 cujus

491 756 643 794 interfit
664 755 774 794 istam
793 755 923 807 legem
944 756 1124 793 manere?
1144 755 1278 793 Nemo
1294 767 1381 791 reus
1398 753 1451 791 est
1472 752 1552 791 istis
1573 752 1749 805 legibus;
1773 764 1890 789 nemo

491 822 561 867 est,
593 836 712 875 quem
733 820 915 860 futurum
937 830 1148 874 putemus:
1181 820 1299 858 armis
1321 819 1428 857 enim
1449 819 1550 871 gesta
1570 830 1776 871 nunquam
1797 831 1890 870 pro-

493 887 596 926 fecto
618 889 658 926 in
674 888 877 940 judicium
897 888 1158 926 vocabuntur.
1200 888 1257 924 At
1278 899 1335 924 res
1356 885 1572 938 popularis.
1610 884 1777 923 Utinam
1798 883 1891 936 qui-

493 955 585 993 dem
605 955 724 993 vellet
744 956 776 992 is
798 954 950 1007 aliquid
970 954 1043 993 effe
1063 953 1251 1008 populare
1270 953 1277 991 !
1311 966 1447 992 omnes
1475 953 1583 991 enim
1604 953 1690 1005 jam
1716 951 1820 990 cives
1845 949 1893 988 de

494 1021 722 1074 reipublicae
749 1020 871 1058 salute
897 1034 975 1058 una
1000 1030 1039 1058 et
1066 1028 1200 1059 mente
1226 1028 1265 1057 et
1291 1032 1387 1058 voce
1414 1018 1681 1058 consentiunt.
1714 1018 1814 1069 Qae
1838 1015 1893 1054 est

492 1087 618 1140 igitur
633 1086 701 1124 ista
716 1086 911 1139 cupiditas
933 1087 1015 1138 ejus
1036 1086 1135 1138 legis
1155 1084 1339 1129 ferendae,
1362 1098 1448 1137 quae
1470 1082 1761 1136 turpitudinem
1781 1081 1891 1122 sum-

492 1166 601 1192 mam
627 1151 783 1197 habeat,
815 1152 981 1204 gratiam
1002 1151 1155 1189 nullam
1174 1151 1187 1188 ?
1220 1149 1331 1202 Qid
1352 1150 1459 1187 enirn
1481 1149 1650 1202 turpius,
1682 1161 1802 1202 quam
1820 1148 1894 1201 qui

493 1218 734 1272 majestatem
758 1218 897 1272 populi
925 1218 1098 1256 Romani
1126 1231 1195 1270 per
1221 1217 1303 1255 vim
1330 1216 1545 1260 minuerit,
1577 1229 1695 1259 eum,
1727 1215 1891 1252 damna-

493 1294 583 1323 tum
598 1284 777 1337 judicio,
808 1283 856 1323 ad
875 1297 960 1324 eam
981 1283 1104 1337 ipsam
1124 1283 1207 1322 vim
1226 1282 1390 1327 reverti,
1421 1289 1582 1334 propter
1602 1293 1722 1333 quam
1742 1280 1893 1332 fitjure

494 1350 700 1388 damnatus
720 1351 733 1388 ?

551 1418 625 1457 Sed
657 1417 754 1471 quid
785 1417 898 1470 plura
929 1416 976 1456 de
1007 1416 1093 1469 lege
1124 1415 1313 1470 disputo?
1346 1415 1451 1468 quafi
1478 1428 1569 1453 vero
1596 1413 1637 1451 id
1663 1421 1813 1466 agatur,
1846 1421 1892 1452 ut

495 1485 704 1538 quisquam
725 1493 926 1537 provocet.
959 1483 1005 1522 Id
1026 1484 1176 1536 agitur,
1208 1483 1249 1521 id
1270 1482 1415 1528 fertur,
1447 1495 1496 1520 ne
1516 1481 1605 1534 quis
1627 1480 1792 1519 omnino
1813 1493 1889 1519 un-

495 1565 615 1604 quam
632 1551 712 1588 istis
730 1538 891 1603 legibu}
902 1563 988 1588 reus
1005 1549 1087 1588 fiat.
1111 1549 1214 1601 Qis
1232 1550 1340 1588 enim
1360 1558 1427 1587 aut
1443 1547 1641 1587 accusator
1661 1556 1741 1585 tam
1757 1558 1890 1584 amens

495 1616 723 1669 reperietur,
755 1617 846 1669 qui,
878 1630 942 1654 reo
974 1615 1252 1660 condemnato,
1284 1615 1407 1667 objici
1440 1614 1476 1652 se
1507 1612 1761 1651 multitudini
1792 1625 1890 1650 con-

494 1683 618 1722 duetae
639 1683 733 1721 velit
752 1683 765 1719 ?
796 1691 862 1720 aut
877 1682 1025 1734 judex,
1057 1683 1126 1734 qui
1148 1695 1259 1719 reum
1280 1681 1463 1719 damnare
1483 1679 1620 1718 audeat
1635 1708 1645 1724 ,
1678 1687 1722 1716 ut
1743 1677 1823 1731 ipse
1843 1676 1891 1715 ad

494 1762 627 1801 operas
649 1748 903 1786 mercenari-as
925 1747 1053 1786 statim
1074 1746 1322 1799 protrahatur
1341 1747 1354 1784 ?
1387 1747 1483 1787 Non
1515 1745 1638 1797 igitur
1664 1743 1892 1796 provocatio

495 1814 564 1852 ista
585 1814 669 1865 lege
690 1813 830 1857 datur;
865 1813 926 1850 scd
957 1813 1041 1852 duae
1062 1813 1235 1850 maxime
1255 1812 1436 1849 salutares
1458 1811 1562 1863 leges
1585 1809 1891 1863 quaestionesque

496 1872 706 1919 tolluntur.
741 1878 851 1929 Qid
872 1878 924 1915 est
944 1878 1051 1916 aliud
1072 1878 1194 1929 igitur
1214 1877 1411 1915 adhortari
1431 1877 1707 1920 adolescentes,
1739 1884 1784 1913 ut
1804 1884 1890 1913 tur-

497 1945 666 1990 bulenti,
699 1953 742 1981 ut
764 1943 944 1989 sediti0fi‚
974 1952 1017 1981 ut
1038 1943 1243 1995 perniciosi
1266 1943 1368 1981 cives
1390 1942 1513 1980 velint
1533 1941 1634 1982 effe?
1667 1942 1799 1993 Qam
1819 1954 1890 1979 au-

497 2021 578 2050 tem
594 2010 640 2048 ad
662 2009 888 2062 rc1publicae
906 2009 1051 2062 pestem
1072 2008 1182 2047 furor
1199 2009 1430 2047 tribunitius
1453 2008 1607 2060 impelli
1630 2020 1708 2045 non
1730 2007 1890 2059 poterit,

496 2078 559 2117 his
580 2076 730 2115 duabus
752 2076 1047 2128 quaestionibus‚
1079 2075 1126 2114 de
1146 2076 1184 2114 vi
1205 2085 1243 2113 et
1263 2075 1309 2113 de
1331 2075 1540 2128 majestate,
1572 2073 1733 2112 sublatis
1752 2074 1766 2111 ?

554 2143 680 2195 Qid,
712 2142 818 2195 quod
839 2142 1051 2196 obrogatur
1072 2142 1226 2194 legibus
1250 2141 1423 2187 Caesaris,
1455 2155 1541 2194 quae
1556 2140 1716 2193 jubent,
1738 2140 1788 2184 ei,
1820 2140 1891 2192 qui

497 2211 545 2248 de
576 2210 640 2253 vi,
672 2209 848 2260 itemque
879 2208 940 2252 ei,
973 2208 1042 2260 qui
1069 2207 1278 2259 majestatis
1299 2207 1504 2244 damnatus
1528 2207 1597 2251 fit,
1629 2219 1727 2258 aqua
1747 2214 1785 2243 et
1806 2205 1892 2258 igni

497 2275 712 2315 interdici?
744 2273 889 2326 quibus
922 2287 1016 2311 cum
1048 2274 1274 2325 provocatio
1306 2273 1433 2318 datur,
1466 2286 1596 2311 nonne
1624 2273 1705 2310 aeta
1732 2271 1891 2309 Caesaris

497 2340 802 2383 rescinduntur?
835 2341 934 2392 Qae
966 2339 1128 2392 quidem
1160 2353 1257 2392 ego,
1292 2340 1422 2377 Patres
1455 2338 1694 2391 conscripti,
1726 2338 1797 2390 qui
1824 2337 1893 2375 illa

497 2421 701 2461 nunquam
733 2408 919 2460 probavi,
952 2407 1005 2444 ita
1032 2405 1289 2444 conservanda
1314 2406 1532 2444 concordiae
1553 2405 1664 2443 causa
1683 2404 1890 2442 arbitratus

499 2476 597 2522 sum,
622 2483 665 2513 ut
687 2487 763 2513 non
787 2473 920 2520 modo,
943 2485 1037 2526 quas
1058 2473 1168 2511 vivus
1188 2472 1313 2512 Caesar
1328 2472 1432 2525 leges
1455 2471 1615 2516 tulisset,
1638 2467 1889 2511 infirmandas
