2076 2860
352 194 424 233 116
667 192 770 230 DE
843 186 1423 229 PROVINCIIS

347 293 593 337 decrevistis,
627 304 806 336 numero,
839 299 884 328 ut
905 290 1057 328 nemini
1080 304 1158 328 uno
1180 304 1227 329 ex
1250 291 1371 336 bello,
1404 289 1568 336 honore,
1593 299 1636 328 ut
1657 303 1747 329 om-

348 360 444 397 nino
466 358 631 396 nemini.
666 358 748 395 Cur
770 356 895 409 igitur
914 358 1120 409 expectem
1141 355 1349 395 hominem
1369 356 1559 410 aliquem,
1594 357 1664 410 qui
1685 370 1749 394 me

347 439 441 464 cum
464 425 533 463 illo
550 425 589 462 in
607 424 773 476 gratiam
795 422 978 461 reducat?
998 423 1175 462 Reduxit
1193 423 1288 462 ordo
1304 423 1580 477 ampliffimus,
1598 433 1636 462 et
1653 422 1749 462 ordo

346 492 393 537 is,
421 492 490 544 qui
511 490 564 528 est
583 499 621 528 et
643 489 797 542 publici
818 489 985 534 confilii,
1009 499 1047 528 et
1068 503 1250 529 meorum
1271 491 1455 529 omnium
1476 490 1747 535 confiliorum‚

346 559 478 597 auitos
507 566 546 595 et
577 556 775 609 princeps.
809 556 890 594 Vos
922 556 1076 609 sequor,
1109 557 1241 595 Patres
1272 556 1503 610 conscripti,
1534 556 1646 595 vobis
1673 555 1747 595 ob-

346 633 538 677 tempero,
565 622 677 661 vobis
698 621 906 661 affentior:
940 622 1025 675 qui,
1058 622 1249 675 quamdiu
1272 624 1320 662 C.
1347 623 1506 662 Caesaris
1528 623 1689 661 consilia
1708 622 1748 661 in

346 689 550 744 republica
569 702 649 728 non
669 689 843 728 maxime
863 688 1111 742 diligebatis,
1143 703 1208 728 me
1228 704 1387 743 quoque
1407 703 1502 728 cum
1524 690 1594 728 illo
1617 689 1749 728 minus

346 758 607 810 conjunctum
626 755 818 795 videbatis
838 771 847 795 z
880 755 1132 810 posteaquam
1160 756 1276 795 rebus
1297 756 1413 809 gestis
1436 764 1588 794 mentes
1610 755 1749 794 vestras

345 823 645 876 voluntatesque
665 822 842 862 mutastis
858 852 869 868 ,
901 837 965 861 me
994 837 1073 861 non
1095 823 1224 861 solum
1245 824 1435 863 comitem
1456 822 1529 862 effe
1550 822 1751 862 sententiae

347 889 492 935 vestrae,
524 889 588 927 sed
607 889 727 927 etiam
749 888 1006 934 laudatorem,
1038 888 1202 927 vidistis.

402 957 477 995 XI.
513 955 585 993 Sed
606 955 704 1008 quid
724 955 791 1000 est,
810 955 918 1008 quod
939 956 980 993 in
997 954 1069 993 hac
1091 955 1203 993 causa
1223 955 1396 993 maxime
1415 955 1599 994 homines
1621 955 1751 994 admi-

348 1032 483 1061 rentur
501 1031 540 1060 et
561 1020 848 1075 reprehendant
868 1036 1003 1061 meum
1027 1022 1237 1061 confilium
1253 1052 1263 1067 ‚
1296 1035 1389 1060 cum
1419 1036 1492 1074 ego
1514 1022 1619 1060 idem
1641 1031 1753 1061 antea

348 1089 474 1128 multa
494 1088 733 1127 decreverim
749 1118 759 1134 ,
791 1102 877 1141 quae
903 1089 1028 1141 magis
1059 1088 1105 1126 ad
1138 1087 1313 1127 hominis
1336 1088 1572 1141 dignitatem
1588 1118 1598 1134 ,
1632 1102 1752 1142 quam

347 1155 393 1193 ad
416 1155 643 1208 reipublicae
665 1155 941 1201 necessitatem,
965 1156 1206 1208 pertinerent
1226 1157 1238 1193 ?
1267 1155 1608 1208 Supplicationem
1630 1155 1752 1209 quin-

350 1221 478 1259 decim
502 1221 657 1259 dierum
678 1221 831 1259 decrevi
854 1221 1043 1260 sententia
1064 1235 1163 1260 mea.
1213 1221 1461 1274 Reipublicae
1482 1221 1569 1259 satis
1592 1231 1671 1260 erat
1694 1230 1752 1260 tot

350 1288 519 1334 dierum,
553 1298 650 1340 quot
682 1289 730 1327 C.
755 1289 914 1327 Mario:
952 1289 1041 1326 Diis
1069 1288 1363 1326 immortalibus
1387 1301 1466 1326 non
1498 1297 1578 1325 erat
1610 1288 1755 1341 exigua

349 1354 484 1392 eadem
505 1355 715 1406 gratulatio
732 1385 742 1400 ,
775 1369 860 1408 quae
890 1369 937 1394 ex
959 1355 1144 1393 maximis
1168 1354 1297 1393 bellis.
1346 1355 1453 1407 Ergo
1475 1354 1542 1392 ille
1565 1354 1764 1393 cumulus·

349 1421 502 1460 dierum
524 1420 698 1460 hominis
721 1421 773 1459 est
794 1421 980 1475 dignitati
1003 1423 1191 1460 tributus.

407 1489 452 1526 In
475 1501 555 1540 quo
576 1501 649 1541 ego
667 1518 677 1534 ,
711 1503 790 1542 quo
812 1489 971 1527 consule
993 1488 1207 1534 referente,
1240 1489 1417 1542 primum
1439 1488 1576 1526 decem
1598 1489 1752 1526 dierum

351 1555 585 1607 supplicatio
607 1555 760 1594 decreta
786 1557 863 1595 Cn.
889 1556 1095 1609 Pompeio,
1128 1554 1368 1594 Mithridate
1398 1554 1620 1600 i11terfe6to,
1652 1568 1752 1593 con-

350 1621 531 1673 smitoque
553 1621 835 1660 Mithridatico
857 1621 977 1667 bello,
1010 1623 1122 1675 cujus
1145 1621 1336 1660 sententia
1355 1622 1532 1674 primum
1555 1621 1754 1673 duplicata

350 1688 401 1725 est
419 1687 655 1740 supplicatio
672 1687 900 1734 consularis,
922 1687 1044 1740 (mihi
1060 1689 1168 1727 enim
1184 1688 1271 1726 estis
1289 1688 1433 1733 affenfi‚
1453 1702 1560 1733 cum,
1579 1687 1754 1740 ejusdem

352 1755 531 1807 Pompeii
553 1755 678 1792 literis
700 1755 888 1799 recitatis,
906 1754 1096 1792 confectis
1118 1755 1306 1792 omnibus
1328 1755 1539 1792 maritimis
1561 1754 1752 1793 terrestri-

353 1820 501 1872 busque
535 1820 677 1864 bellis,
715 1819 1044 1872 supplicationem
1077 1819 1232 1857 dierum
1264 1819 1476 1857 duodecim
1510 1820 1751 1871 decrevistis)

353 1887 436 1923 sum
460 1887 537 1923 Cn.
563 1885 744 1937 Pompeii
767 1886 954 1923 virtutem
975 1895 1013 1941 et
1035 1886 1157 1923 animi
1183 1884 1502 1937 magnitudinem
1523 1885 1751 1931 admiratus,

352 1952 458 2004 quod
477 1982 487 1997 ,
521 1965 612 1989 cum
635 1951 714 2004 ipse
735 1952 883 1989 caeteris
905 1951 1093 1989 omnibus
1115 1951 1205 1989 effet
1226 1951 1337 1989 omni
1360 1950 1509 1990 honore
1529 1952 1721 1990 antelatus
1741 1981 1750 1997 ,

353 2019 585 2071 ampliorem
608 2017 800 2056 honorem
822 2018 934 2059 alteri
956 2019 1181 2064 tribuebat,
1214 2032 1333 2071 quam
1355 2017 1435 2071 ipse
1463 2027 1542 2056 erat
1563 2018 1753 2057 consecu-

356 2097 431 2124 tus.
477 2086 584 2137 Ergo
617 2086 657 2123 in
692 2086 760 2123 illa
792 2085 1092 2138 supplicatione,
1126 2081 1244 2138 quam
1277 2098 1350 2137 ego
1383 2085 1552 2130 decrevi,
1584 2099 1641 2123 res
1676 2086 1757 2138 ipsa

356 2152 502 2190 tributa
523 2151 575 2188 est
606 2151 695 2189 Diis
722 2151 1032 2196 immortalibus,
1064 2161 1102 2189 et
1123 2153 1319 2203 majorum
1341 2151 1546 2196 institutis,
1579 2160 1617 2188 et
1640 2151 1754 2190 utili-

357 2218 422 2255 tati
448 2217 700 2269 reipublicae:
736 2217 797 2254 sed
826 2217 997 2269 dignitas
1019 2218 1244 2262 verborum,
1278 2217 1420 2262 honos,
1455 2226 1492 2255 et
1515 2218 1681 2263 novitas,
1716 2228 1755 2256 et

356 2297 541 2322 numerus
564 2283 731 2328 dierum,
765 2284 923 2321 Caesaris
947 2284 1063 2336 ipsius
1086 2284 1191 2321 laudi
1213 2284 1425 2337 gloriaeque
1446 2284 1644 2322 conceffus
1667 2284 1734 2324 est.

412 2350 599 2388 Relatum
629 2349 682 2388 est
711 2350 757 2387 ad
789 2364 858 2387 nos
890 2364 1014 2402 nuper
1042 2350 1088 2388 de
1110 2350 1303 2403 stipendio
1324 2351 1548 2389 exercitus:
1583 2365 1661 2389 non
1684 2351 1752 2388 de·-

355 2418 457 2456 crevi
481 2417 607 2455 solum
622 2447 632 2462 ‚
665 2417 727 2455 scd
748 2418 890 2462 etiam,
924 2426 967 2455 ut
988 2431 1055 2455 vos
1078 2417 1335 2455 decerneretis
1352 2447 1362 2463 ,
1397 2418 1595 2463 laboravi;
1628 2418 1755 2456 multa

357 2484 671 2523 diffentientibus
695 2484 903 2538 respondi;
930 2484 1133 2524 scribendo
1154 2484 1262 2523 affui.
1284 2486 1394 2523 Tum
1417 2499 1576 2538 quoque
1598 2483 1755 2523 homiui
