2076 2860
528 121 664 161 PRO
724 121 774 160 L.
838 120 1051 161 CORN.
1113 119 1361 159 BALBO.
1575 135 1649 175 149

245 222 336 262 dem
356 222 452 262 huic
467 252 479 269 ,
510 236 632 276 quam
661 222 708 260 ad
726 221 950 260 'minimam
980 219 1160 258 fraudem
1176 249 1187 266 ‚
1220 219 1380 258 Caesaris
1404 218 1649 258 familiaritas

244 290 370 328 valere
391 290 556 328 debeat?
581 289 784 341 Cognovit
804 287 1050 326 adolescens:
1074 287 1226 340 placuit
1245 286 1403 325 homini
1424 286 1650 340 prudentis-

244 354 369 394 fimo:
401 355 443 392 in
474 355 627 393 summa
655 354 877 392 amicorum
907 354 1021 407 copia
1045 367 1139 392 cum
1160 352 1470 392 familiariffimis
1492 353 1576 405 ejus
1598 352 1652 391 est

243 421 466 474 adaequatus
483 421 525 460 in
546 431 735 475 praetura:
759 421 800 459 in
822 421 1029 460 consulatu
1050 419 1279 474 praefedtum
1301 419 1461 459 fabrum
1481 419 1648 458 detulit:

243 488 455 526 confilium
474 486 651 526 hominis
673 487 870 541 probavit,
889 486 1010 525 fidem
1026 486 1080 525 est
1096 487 1345 540 complexus,
1367 486 1499 525 officia
1517 485 1651 524 obser-

241 555 496 608 vantiamque
516 555 672 593 dilexit.
698 555 794 593 Fuit
814 553 882 592 hic
903 554 1127 592 multorum
1148 554 1210 592 illi
1231 554 1414 592 laborum
1431 552 1558 591 socius
1575 552 1650 590 ali-

241 621 420 674 quando:
440 622 493 660 est
508 620 663 660 fortaffe
679 635 787 659 nunc
804 621 1093 660 nonnullorum
1109 621 1303 674 particeps
1326 619 1647 658 commodorum.

242 689 342 741 Qae
364 688 529 742 quidem
552 689 578 727 fi
599 688 695 727 huic
716 687 921 727 obfuerint
942 687 1045 741 apud
1065 701 1133 726 vos
1149 717 1161 732 ,
1193 701 1273 725 non
1299 687 1484 739 intelligo
1500 716 1510 731 ,
1543 686 1652 739 quod

242 753 396 793 bonum
417 754 606 807 cuiquam
628 755 673 793 fit
693 754 797 807 apud
819 755 913 792 tales
935 755 1038 792 viros
1061 752 1334 806 profuturum.

299 820 387 866 Sed,
410 821 600 873 quoniam
622 822 672 859 C.
687 820 813 858 Caesar
833 819 938 857 abest
958 819 1196 872 longissime,
1215 828 1333 872 atque
1350 819 1391 856 in
1408 818 1455 856 iis
1473 817 1526 856 est
1543 832 1650 856 nunc

242 886 364 932 locis,
397 901 483 940 quae
504 887 663 939 regione
683 886 820 924 orbem
845 895 1034 924 terrarum
1051 915 1061 930 ‚
1094 886 1209 923 rebus
1241 885 1350 923 illius
1380 884 1496 938 gestis
1518 885 1648 937 impe-

242 954 347 992 rium
368 953 508 1006 populi
529 953 719 998 Romani,
743 953 968 999 definiunt;
992 953 1131 998 nolite,
1155 967 1223 1006 per
1246 954 1352 991 Deos
1375 952 1619 990 immortales
1638 952 1645 989 !

240 1020 429 1071 Judices,
460 1018 570 1058 hunc
600 1020 661 1058 illi
691 1019 878 1058 acerbum
909 1020 1099 1058 nuntium
1121 1019 1221 1057 velle
1242 1018 1433 1072 perferri,
1466 1028 1511 1056 ut
1533 1018 1649 1056 suum

240 1086 470 1141 praefeftum
492 1086 665 1133 fabrum,
685 1096 728 1126 ut
748 1086 957 1126 hominem
978 1087 1050 1125 fibi
1071 1087 1312 1125 cariffimum
1333 1096 1372 1124 et
1392 1086 1647 1124 familiariffi-

240 1167 369 1200 mum,
402 1168 483 1192 non
504 1153 555 1192 ob
577 1154 696 1207 ipfius
717 1153 879 1207 aliquod
901 1153 1107 1199 defletum,
1140 1153 1204 1192 sed
1225 1153 1276 1192 ob
1299 1153 1408 1191 suam
1438 1152 1647 1191 familiari-

240 1229 378 1266 tatem,
395 1220 529 1259 vestris
546 1220 769 1273 opprefi‘um
793 1220 995 1258 sententiis
1016 1219 1163 1258 audiat.
1187 1218 1439 1257 Miseremini
1461 1220 1559 1271 ejus,
1579 1218 1649 1270 qui

240 1300 321 1325 non
343 1286 390 1324 de
411 1286 478 1325 suo
499 1296 662 1339 peccato
676 1316 687 1332 ,
720 1286 783 1324 sed
808 1286 856 1324 de
875 1285 995 1338 hujus
1018 1286 1164 1324 summi
1185 1296 1224 1324 et
1245 1285 1445 1324 clariffimi
1467 1285 1540 1322 viri
1562 1283 1645 1322 fac-

241 1363 308 1399 to;
342 1367 422 1392 non
443 1353 490 1392 de
511 1354 645 1406 aliquo
666 1354 849 1399 crimine,
881 1352 960 1398 sed,
983 1353 1162 1406 periculo
1184 1353 1267 1398 suo,
1291 1352 1338 1390 de
1360 1352 1525 1405 publico
1541 1353 1645 1404 jure,

239 1419 454 1473 disceptat:
488 1420 596 1473 quod
611 1421 678 1472 jus
700 1420 727 1458 fi
750 1421 828 1458 Cn.
853 1420 1069 1472 Pompeius
1091 1419 1302 1472 ignoravit,
1336 1419 1362 1457 fi
1385 1419 1448 1457 M.
1475 1418 1645 1462 Craffus,

239 1486 266 1524 fi
299 1487 368 1539 Q
386 1487 579 1525 Metellus
596 1515 606 1531 ,
639 1486 666 1524 fi
701 1487 777 1525 Cn.
813 1486 1027 1538 Pompeius
1060 1495 1170 1538 pater
1184 1515 1194 1530 ‚
1228 1485 1254 1523 fi
1287 1486 1336 1523 L.
1369 1485 1475 1536 Sylla
1489 1513 1500 1529 ,
1532 1485 1558 1521 fi
1594 1484 1642 1521 L.

240 1552 410 1597 Craffus,
443 1553 469 1590 fi
493 1553 542 1591 C.
567 1552 737 1597 Marius,
770 1552 795 1589 fi
818 1551 986 1596 senatuS,
1019 1551 1045 1588 fi
1067 1551 1239 1603 populus
1262 1551 1484 1595 Romanus,
1517 1549 1543 1586 fi
1574 1550 1643 1601 qui

238 1618 286 1656 de
307 1631 347 1658 re
368 1618 487 1656 slmili
502 1617 748 1670 judicarunt,
781 1618 807 1655 fi
829 1616 1009 1655 foederati
1034 1617 1191 1669 populi,
1223 1616 1250 1654 fi
1281 1616 1391 1660 socii,
1424 1616 1450 1653 s1
1482 1615 1542 1652 illi
1573 1629 1643 1653 an-

240 1685 345 1738 tiqui
366 1684 526 1730 Latini;
550 1683 693 1729 videte,
712 1697 761 1721 ne
782 1684 921 1721 utilius
943 1683 1055 1721 vobis
1077 1692 1115 1721 et
1135 1682 1336 1721 honestius
1359 1682 1405 1720 fit
1425 1682 1506 1719 illis
1529 1682 1644 1720 duci-

239 1752 313 1790 bus
343 1765 492 1796 errare,
525 1764 645 1803 quam
675 1749 753 1788 hoc
774 1749 959 1802 magistro
979 1749 1140 1788 erudiri.
1186 1749 1258 1787 Sed
1274 1779 1285 1795 ‚
1317 1749 1343 1787 fi
1366 1749 1412 1786 de
1433 1758 1540 1786 certo
1555 1778 1566 1794 ‚
1599 1748 1645 1786 de

238 1817 470 1871 perspicuo,
503 1816 550 1854 de
582 1816 697 1861 utili,
730 1815 777 1853 de
808 1815 999 1868 probato,
1032 1814 1079 1852 de
1105 1814 1286 1867 judicato
1316 1814 1428 1852 vobis
1455 1815 1544 1866 jure
1576 1813 1648 1851 effe

238 1882 561 1922 constituendum
581 1883 722 1921 videtis
741 1901 752 1927 ;
786 1882 910 1920 nolite
931 1882 1199 1927 committere,
1232 1890 1276 1919 ut
1303 1881 1343 1919 in
1367 1895 1407 1919 re
1429 1890 1509 1919 tam
1532 1880 1643 1918 inve-

236 1959 359 1989 terata
378 1950 598 2003 quidquam
619 1949 712 1987 novi
733 1948 922 1987 sentiatis.
957 1948 1084 1986 Simul
1106 1958 1145 1986 et
1166 1947 1234 1985 illa
1248 1977 1259 1993 ,
1291 1947 1453 1999 Judices
1470 1977 1481 1992 ,
1511 1947 1645 1985 omnia

237 2026 327 2056 ante
347 2017 484 2055 oculos
506 2016 649 2054 vestros
678 2015 917 2068 proponite:
952 2015 1130 2067 primum
1160 2014 1233 2052 esse
1260 2027 1397 2053 omnes
1419 2015 1538 2052 etiam
1561 2013 1645 2065 post

239 2092 409 2122 mortem
432 2097 515 2122 reos
537 2082 766 2121 clariffimos
788 2081 879 2119 illos
900 2081 1003 2119 viros
1019 2110 1030 2126 ,
1063 2081 1133 2134 qui
1158 2079 1367 2119 foederatos
1390 2081 1548 2119 civitate
1571 2079 1643 2117 do„

239 2158 407 2194 narunt;
432 2149 573 2187 deinde
595 2148 787 2192 senatum,
811 2147 880 2200 qui
903 2147 1069 2200 persaepe
1090 2146 1168 2185 hoc
1183 2147 1405 2200 judicavit5
1431 2146 1642 2199 populum,

240 2215 429 2267 quijuffit
443 2234 454 2260 5
468 2214 638 2267 judices,
658 2214 727 2266 qui
743 2213 1142 2266 approbarunt.Tum
1159 2213 1278 2251 etiam
1295 2212 1397 2251 illud
1413 2212 1643 2266 cogitatote‚

240 2281 290 2319 fic
312 2282 440 2319 vivere
460 2295 503 2319 ac
524 2281 659 2319 vixiffe
681 2280 931 2326 Cornelium,
964 2290 1023 2326 ut,
1054 2294 1149 2319 cum
1177 2280 1361 2319 omnium
1389 2289 1643 2334 peccatorum

239 2347 470 2401 quaestiones
493 2347 580 2393 sint,
614 2361 692 2386 non
715 2347 973 2387 dervitiorum
995 2347 1154 2386 suorum
1176 2360 1307 2401 poena,
1331 2346 1395 2385 sed
1417 2347 1463 2385 de
1484 2345 1642 2384 virtutis
