2076 2860
723 135 1299 181 PHILIPPICA
1376 133 1432 171 II.
1697 142 1776 181 299

377 250 588 289 consilium
611 253 801 299 peterent,
824 256 944 296 quam
964 254 985 278 a
1006 240 1081 278 suis
1100 239 1112 276 ?
1136 246 1174 276 et
1195 236 1291 274 foriS
1314 234 1465 288 potiuS,
1489 245 1610 285 quam
1631 230 1777 269 domo?

380 316 492 369 Qid
512 317 524 352 ?
558 315 608 352 C.
632 311 796 355 Caffius,
828 310 869 347 in
899 322 943 346 ea
962 306 1115 344 familia
1135 312 1263 347 natus,
1295 316 1382 355 quae
1404 314 1483 339 non
1505 298 1626 337 modo
1647 297 1780 335 domi-

380 392 534 424 natum,
567 377 630 416 sed
653 391 699 414 ne
721 375 941 429 potentiam
962 372 1141 424 quidem,
1164 368 1397 421 cujusquam
1418 365 1518 409 ferre
1539 363 1685 417 potuit,
1717 376 1781 401 me

381 449 596 490 auctorem,
628 443 759 487 credo,
782 439 1033 478 defideravit:
1067 436 1137 489 qui
1158 435 1278 473 etiam
1299 433 1377 471 fine
1397 431 1459 470 his
1481 429 1698 469 clariffimis
1718 428 1781 466 vi-

381 514 433 551 ris
462 511 565 550 hanc
598 523 680 547 rem
710 509 750 545 in
783 505 928 544 Cilicia
954 504 1000 543 ad
1021 502 1165 541 ostium
1188 499 1363 539 fluminis
1386 497 1518 550 Cydni
1539 494 1779 539 confecisset,

382 579 408 617 fi
438 578 507 616 ille
536 575 583 614 ad
612 588 698 613 eam
729 574 870 626 ripam,
902 583 1021 623 quam
1043 567 1311 610 constituerat,
1344 578 1423 603 non
1453 563 1499 601 ad
1529 561 1780 606 contrariam,

383 659 496 685 naves
519 641 740 697 appulisset.
770 642 847 678 Cn.
868 637 1098 677 Domitium
1120 648 1199 673 non
1222 633 1342 686 patris
1364 630 1562 674 interitus,
1585 628 1783 666 clariffimi

384 713 475 757 viri,
508 724 587 749 non
617 707 803 748 avunculi
834 719 955 750 mors,
987 717 1064 742 non
1088 701 1270 756 spoliatio
1291 698 1511 751 dignitatiS,
1543 696 1590 733 ad
1618 708 1780 747 recupe-

383 778 543 817 randam
563 776 801 817 libertatem,
835 771 897 810 sed
919 783 1004 809 mea
1023 767 1246 810 auctoritas,
1278 763 1481 802 excitavit.
1516 763 1580 799 An
1603 761 1652 799 C.
1676 762 1780 798 Tre-

386 845 508 884 bonio
537 857 610 895 ego
640 841 817 895 persuasi,
850 839 914 876 cui
946 851 993 875 ne
1017 834 1172 874 suadere
1193 832 1357 886 quidem
1377 830 1488 869 ausus
1510 828 1658 867 effem?
1691 829 1785 879 Qo

386 913 505 951 etiam
526 910 716 961 majorem
737 907 772 944 ei
794 903 1013 957 respublica
1033 901 1198 953 gratiam
1219 898 1349 942 debet,
1376 897 1445 949 qui
1466 896 1689 933 libertatem
1710 907 1783 947 po-

384 977 472 1030 puli
488 974 660 1013 Romani
677 972 793 1010 unius
810 969 993 1009 amicitiae
1009 965 1242 1021 pi‘aeposuit5
1266 963 1527 1016 depulsorque
1543 961 1784 1005 dominatus,

385 1055 505 1095 quam
526 1039 734 1094 particep5,
753 1037 824 1075 effe
841 1036 997 1074 maluit.
1021 1035 1087 1072 An
1105 1031 1323 1071 L.Tullius
1347 1028 1513 1067 Cimber
1533 1041 1596 1066 me
1617 1027 1670 1066 est
1689 1040 1784 1065 auc-

386 1118 515 1148 torem
544 1106 698 1144 secutus
719 1105 731 1142 ?
764 1116 885 1156 quem
915 1114 988 1153 ego
1015 1099 1141 1151 magis
1162 1095 1293 1135 fecisse
1314 1095 1425 1132 illam
1445 1108 1528 1132 rem
1550 1093 1636 1132 sum
1656 1092 1785 1130 admi-

388 1183 492 1213 ratus
508 1204 519 1219 ,
551 1185 671 1226 quam
699 1170 898 1209 faeturum
925 1166 1060 1221 putavi
1080 1181 1089 1204 :
1122 1163 1337 1202 admiratus
1369 1161 1454 1199 sum
1475 1169 1607 1199 autem
1627 1159 1679 1198 ob
1701 1173 1787 1197 eam

387 1240 556 1283 causam,
589 1237 711 1290 quod,
744 1237 956 1273 immemor
976 1231 1278 1274 beneficiorum,
1311 1241 1464 1266 memor
1486 1227 1620 1280 patriae
1639 1225 1785 1264 fuifl‘et.

391 1305 503 1358 Qid
535 1304 632 1342 duos
667 1301 865 1346 Servilios,
899 1299 1036 1337 Cascas
1065 1297 1209 1341 dicam,
1241 1309 1289 1333 an
1318 1292 1496 1332 Ahalas?
1527 1301 1566 1332 et
1592 1291 1665 1331 hos
1693 1305 1788 1330 auc-

389 1373 548 1412 toritate
568 1383 654 1408 mea
674 1368 803 1407 censes
824 1366 1013 1405 excitatos
1036 1364 1184 1417 potius,
1207 1375 1325 1414 quam
1347 1349 1506 1398 'caritate
1528 1359 1754 1412 reipublicae
1773 1361 1787 1396 ?

392 1441 582 1491 Longum
616 1435 669 1474 est
703 1433 884 1488 persequi
920 1441 1077 1470 caeteros
1098 1445 1106 1468 :
1145 1429 1264 1482 idque
1299 1426 1528 1480 reipublicae
1558 1425 1789 1479 praeclarum

394 1505 507 1545 fuiffe
529 1513 610 1542 tam
631 1501 795 1545 multos,
828 1499 919 1551 ipsis
939 1496 1171 1550 gloriosum.

449 1570 545 1607 XII.
570 1569 640 1611 At,
659 1563 995 1619 quemadmodum
1018 1575 1081 1599 me
1101 1559 1321 1611 coarguerit
1341 1557 1464 1596 homo
1485 1566 1639 1602 acutus,
1656 1569 1789 1595 recor-

394 1635 559 1675 damini.
594 1632 741 1671 Caesare
762 1629 984 1674 interfecto,
1008 1627 1155 1680 inquit,
1179 1623 1308 1663 statim
1330 1632 1541 1661 cruentum
1561 1622 1638 1660 alte
1658 1623 1790 1662 extol-

395 1702 480 1741 lens
503 1701 567 1738 M.
592 1700 736 1737 Brutus
758 1696 990 1750 pugionem,
1023 1694 1259 1731 Ciceronem
1282 1688 1519 1727 nominatim
1541 1687 1790 1733 exclamavit,

395 1778 513 1822 atque
532 1766 568 1804 ei
589 1772 854 1818 recuperatam
875 1762 1098 1799 libertatem
1114 1758 1168 1796 est
1188 1756 1420 1810 gratulatus.
1445 1755 1529 1792 Cur
1544 1753 1646 1792 mihi
1666 1754 1790 1807 potis-

396 1835 540 1873 fimum
559 1833 572 1870 ?
605 1829 727 1883 Qod
754 1827 925 1867 sciebam
943 1827 956 1863 ?
989 1824 1107 1869 Vide,
1140 1837 1188 1861 ne
1207 1822 1277 1860 illa
1297 1820 1409 1859 causa
1428 1819 1550 1858 fuerit
1569 1820 1793 1872 appellandi

395 1914 476 1945 me,
507 1897 631 1952 quod,
663 1909 756 1934 cum
784 1908 867 1933 rem
895 1890 1057 1945 geffiffet
1085 1887 1334 1928 consimilem
1355 1887 1470 1925 rebus
1491 1886 1555 1931 iis,
1587 1899 1682 1938 quas
1714 1886 1794 1939 ipse

397 1966 598 2020 gesseram,
621 1977 684 2002 me
706 1960 951 2015 potiffimum
973 1957 1130 1996 testatus
1148 1956 1215 2001 est,
1239 1955 1275 1993 se
1297 1953 1487 1993 aemulum
1508 1965 1685 1990 mearum
1706 1952 1793 1991 lau-

398 2033 496 2071 dum
516 2028 699 2070 extitisse.
738 2029 806 2066 Tu
827 2034 959 2063 autem
980 2023 1164 2061 omnium
1185 2020 1404 2059 stultiffime
1426 2032 1505 2057 non
1527 2018 1734 2071 intelligis,
1766 2018 1793 2056 fi

401 2097 467 2143 id,
499 2096 607 2150 quod
638 2108 701 2132 me
727 2093 856 2144 arguis
872 2120 883 2136 ‚
914 2089 1076 2128 voluiss'e
1106 2087 1275 2126 interfici
1298 2086 1487 2124 Caesarem
1503 2114 1515 2129 ,
1546 2085 1696 2123 crimen
1719 2084 1792 2129 fit;

401 2164 535 2208 etiam,
567 2163 742 2199 laetatum
771 2158 844 2196 effe
873 2166 1000 2195 morte
1032 2155 1206 2200 Caesaris,
1238 2155 1388 2192 crimen
1409 2152 1513 2190 effe?
1547 2150 1658 2202 Qid
1687 2150 1795 2188 enim

403 2228 561 2267 interest
581 2228 684 2265 inter
705 2224 895 2263 suasorem
915 2222 1007 2261 facti
1023 2252 1033 2268 ,
1065 2232 1103 2260 et
1130 2221 1381 2274 probatorem
1401 2220 1413 2256 ?
1445 2227 1511 2256 aut
1532 2217 1629 2270 quid
1650 2215 1767 2254 refert
1782 2246 1792 2261 ,

406 2305 542 2334 utrum
563 2293 757 2331 voluerim
778 2291 882 2336 fieri,
914 2304 959 2328 an
982 2289 1172 2342 gaudeam
1193 2288 1341 2326 factum
1361 2287 1374 2324 ?
1407 2285 1557 2337 Ecquis
1578 2283 1631 2322 est
1652 2284 1796 2335 igitur,

405 2372 443 2401 te
473 2369 654 2412 excepto,
686 2367 724 2396 et
751 2358 801 2396 iis
822 2357 892 2410 qui
922 2357 1039 2394 illum
1061 2369 1219 2408 regnare
1239 2353 1476 2406 gaudebant,
1508 2350 1577 2403 qui
1607 2349 1707 2386 illud
1729 2357 1795 2385 aut

404 2428 490 2467 fieri
521 2425 692 2465 noluerit
706 2453 717 2472 ,
749 2433 815 2464 aut
843 2422 992 2463 factum
1013 2421 1247 2474 improbarit
1267 2421 1279 2457 ?
1314 2420 1466 2457 Omnes
1488 2429 1579 2469 ergo
1601 2415 1640 2453 in
1662 2413 1794 2466 culpa.

1355 2483 1385 2520 P
1417 2495 1441 2534 p
1474 2493 1495 2521 2
