2076 2860
444 207 521 245 402
797 192 876 232 IN
935 192 1000 232 M.
1061 192 1489 233 ANTONIUM

445 295 552 349 quod
574 295 683 334 nulla
702 295 740 333 vi
762 294 912 333 moveri
933 307 1061 347 neque
1081 293 1202 332 deleri
1224 294 1349 347 potest
1368 309 1377 332 ε
1414 303 1532 347 atque
1554 304 1598 332 ut
1618 304 1755 338 caetera
1774 309 1843 334 ex·-

446 364 698 414 tinguuntur,
718 361 767 399 sic
785 361 962 413 sepulcra
977 361 1080 398 fiunt
1101 361 1303 406 sanctiora,
1321 361 1524 400 vetustate.
1548 363 1753 414 Augeatur
1769 363 1847 415 igi-

447 438 510 466 tur
531 428 601 465 isto
622 428 740 465 etiam
762 426 912 464 honore
934 427 966 465 is
989 427 1062 472 vir,
1094 428 1161 465 cui
1191 427 1328 465 nullus
1357 426 1485 474 honor
1516 428 1639 466 tribui
1669 442 1749 466 non
1778 428 1848 466 de-

447 494 553 531 bitus
577 493 702 545 potest
722 508 729 531 :
763 493 865 544 grati
887 493 1005 531 fimus
1027 493 1068 531 in
1089 494 1173 545 ejus
1195 502 1322 531 morte
1344 493 1575 539 decoranda,
1609 494 1675 532 cui
1696 494 1850 533 nullam

442 561 525 612 jam
547 560 663 597 aliam
685 559 851 611 gratiam
872 558 1015 597 referre
1036 559 1237 612 pofi'umus
1257 574 1265 597 :
1300 568 1460 597 notetur
1479 560 1601 597 etiam
1627 560 1691 598 M.
1715 561 1848 599 Anto-

447 625 519 669 nii,
543 624 738 662 nefarium
761 625 913 663 bellum
933 625 1122 677 gerentis,
1146 625 1327 663 scelerata
1347 624 1520 664 audacia.
1554 625 1632 663 His
1650 625 1755 663 enim
1773 625 1847 664 ho-

448 691 610 729 noribus
632 690 778 729 habitis
803 692 907 729 Serv.
933 691 1125 744 Sulpicio,
1158 690 1369 744 repudiatae
1391 692 1619 744 reje&aeque
1640 691 1849 744 legationis

449 757 496 794 ab
519 757 699 794 Antonio
720 757 898 795 manebit
919 757 1140 795 testificatio
1162 757 1412 809 sempiterna.

507 823 602 861 VH,
637 824 745 874 Qas
767 823 818 860 ob
840 837 898 861 res
920 824 974 861 ita
994 823 1132 861 censeo
1151 839 1159 861 :
1187 830 1214 846 “
1234 824 1340 860 CUM
1366 824 1471 861 Serv.
1492 822 1707 875 Sulpicius,
1726 823 1848 875 QF.

452 896 480 911 “
505 889 712 934 Lemonia,
731 888 880 934 Rufus,
899 889 1140 927 difficillimo
1161 889 1390 941 reipublicae
1407 898 1600 942 tempore,
1617 889 1726 941 gravi
1746 888 1851 942 peri-

454 962 481 978 ‘⁴
504 955 717 1007 culosoque
738 955 880 993 morbo
900 955 1077 1001 affeCffls,
1109 955 1383 1007 auctoritatem
1408 955 1575 1000 senatus,
1608 955 1852 1007 salutemque

454 1028 482 1044 “
505 1022 748 1074 reipublicae,
766 1023 856 1060 vitae
878 1022 950 1060 suae
971 1022 1238 1075 praeposuerit,
1258 1030 1472 1073 contraque
1493 1022 1575 1058 vim
1595 1022 1853 1072 gravitatem-

455 1094 483 1109 “
506 1102 583 1140 que
601 1088 731 1126 morbi
752 1088 1016 1133 contenderit,
1035 1097 1080 1126 ut
1099 1088 1141 1125 in
1158 1087 1277 1125 castra
1293 1087 1477 1132 Antonii,
1496 1100 1576 1138 quo
1592 1086 1744 1125 senatus
1761 1101 1853 1125 eum

455 1161 483 1175 “
506 1154 676 1199 miserat,
700 1154 944 1206 perveniret;
978 1153 1101 1206 isque,
1124 1167 1218 1191 cum
1233 1154 1317 1205 jam
1338 1166 1460 1205 prope
1481 1152 1599 1190 castra
1620 1153 1793 1199 veniffet,
1816 1153 1855 1191 vi

458 1225 487 1242 “
511 1220 643 1257 morbi
664 1219 878 1272 oppreffus,
909 1219 1033 1258 vitam
1054 1219 1227 1256 amiserit
1255 1219 1296 1255 in
1317 1219 1493 1256 maximo
1514 1218 1743 1270 reipublicae
1763 1233 1856 1257 mu-

459 1293 486 1308 “
510 1299 627 1332 nere3
660 1286 821 1338 ejusque
841 1299 947 1323 mors
968 1284 1227 1323 consentanea
1246 1285 1336 1322 vitae
1361 1284 1496 1329 fuerit,
1529 1284 1760 1322 sanffiffime
1779 1283 1856 1323 ho-

459 1359 488 1374 “
512 1351 797 1403 nestisfimeque
818 1353 934 1397 affi‘rae,<
947 1352 988 1389 in
1010 1364 1088 1403 qua
1108 1351 1205 1403 saepe
1226 1364 1371 1403 magno
1393 1350 1480 1388 usui
1500 1350 1728 1404 reipublicae
1751 1352 1857 1391 Serv.

461 1425 490 1441 “
514 1418 712 1470 Sulpicius
734 1426 772 1455 et
792 1418 966 1470 privatus
1000 1427 1039 1456 et
1071 1418 1113 1456 in
1145 1417 1436 1470 magistratibus
1469 1416 1617 1456 fuerit:
1651 1431 1745 1456 cum
1770 1418 1859 1456 talis

459 1490 488 1507 “
510 1485 570 1522 vir
599 1483 650 1521 ob
682 1484 973 1536 rempublicam
1001 1483 1042 1522 in
1073 1484 1271 1536 legatione
1302 1491 1473 1521 mortem
1505 1483 1676 1528 obierit,
1710 1483 1860 1522 senatui

459 1556 487 1572 “
509 1549 677 1601 placere,
710 1550 815 1588 Serv.
841 1549 1019 1602 Sulpicio
1046 1549 1213 1587 statuam
1233 1548 1450 1602 pedestrem
1471 1562 1617 1587 aeneam
1642 1549 1683 1586 in
1706 1549 1858 1587 Rostris

457 1621 486 1637 “
508 1628 556 1653 ex
577 1613 696 1667 hujus
718 1615 868 1653 ordinis
890 1615 1080 1653 sententia
1100 1615 1230 1660 statui,
1253 1615 1484 1667 circumque
1505 1628 1590 1652 eam
1610 1614 1775 1653 statuam
1795 1614 1859 1653 lo-

461 1686 490 1703 “
512 1693 606 1719 cum
627 1679 748 1726 ludis,
766 1680 1144 1733 gladiatoribusque,
1162 1680 1307 1719 liberos
1329 1679 1578 1733 posterosque
1594 1681 1677 1732 ejus
1698 1693 1862 1733 quoquo

460 1754 489 1770 “
511 1746 641 1785 versus
662 1747 780 1799 pedes
802 1748 982 1800 quinque
1002 1746 1160 1793 habere,
1183 1747 1292 1799 quod
1313 1747 1344 1785 is
1365 1746 1417 1785 ob
1439 1747 1730 1799 rempublicam
1750 1760 1860 1785 mor-

460 1818 488 1836 “
512 1821 593 1850 tem
609 1811 767 1858 obierit,
785 1826 950 1864 eamque
966 1813 1120 1851 causam
1138 1813 1178 1850 in
1197 1813 1272 1851 basi
1290 1813 1475 1851 inscribi:
1500 1814 1639 1865 utique
1657 1814 1705 1851 C.
1724 1813 1858 1857 Pansa,

462 1866 566 1915 “‘A.
591 1876 767 1922 Hirtius,
799 1877 994 1922 consules,
1026 1878 1123 1915 alter
1143 1878 1324 1923 ambove,
1353 1878 1380 1915 fi
1402 1879 1456 1916 eis
1478 1878 1669 1923 videatur,
1692 1877 1859 1930 quaesto-

462 1950 489 1965 “
513 1942 622 1980 ribus
643 1942 802 1981 urbanis
823 1943 1035 1996 imperent,
1054 1953 1097 1981 ut
1112 1957 1198 1981 eam
1216 1943 1336 1981 baslm
1356 1943 1602 1996 statuamque
1621 1942 1858 1989 faciendam,

462 2017 490 2032 ‘⁴
512 2017 551 2046 et
571 2008 612 2046 in
634 2008 785 2048 Rostris
806 2009 1063 2055 statuendam,
1087 2010 1245 2056 locent,
1277 2010 1496 2064 quantique
1517 2010 1746 2055 locaverint,
1771 2018 1858 2048 tan-

461 2082 488 2098 “
511 2083 593 2113 tam
621 2074 832 2127 pecuniam
861 2075 1101 2128 redemptori
1132 2075 1356 2115 solvendam
1384 2075 1756 2128 attribuendamque
1783 2089 1857 2114 cu-

463 2147 492 2164 “
516 2148 617 2179 rent.
662 2142 849 2194 Cumque
875 2151 988 2180 antea
1014 2142 1166 2181 senatus
1194 2143 1467 2181 auctoritatem
1488 2142 1595 2180 suam
1617 2142 1656 2179 in
1685 2142 1862 2180 virorum

462 2212 492 2230 “
512 2205 682 2245 fortium
710 2205 918 2246 funeribus
947 2208 1266 2262 ornamentisque
1298 2208 1508 2246 ostenderit
1525 2227 1536 2253 ς
1569 2208 1736 2261 placere,
1768 2221 1861 2255 eum

465 2278 494 2296 “
516 2285 637 2325 quam
667 2273 902 2326 ampliffime
934 2273 1116 2326 supremo
1148 2274 1211 2312 die
1243 2274 1311 2312 suo
1342 2274 1486 2313 efferri.
1530 2275 1598 2320 Et,
1631 2288 1725 2312 cum
1753 2274 1859 2311 Serv.

463 2343 493 2362 “
516 2338 731 2391 Sulpicius,
765 2340 891 2391 QF.
915 2339 1124 2386 Lemonia,
1157 2339 1305 2385 Rufus,
1329 2340 1382 2378 ita
1402 2340 1449 2378 de
1470 2339 1674 2393 republica
1694 2339 1859 2378 meritus

465 2411 494 2428 “
517 2405 584 2451 fit,
616 2414 662 2446 ut
691 2405 755 2446 his
790 2407 1033 2446 ornamentis
1068 2407 1243 2446 decorari
1277 2407 1415 2445 debeat
1431 2426 1443 2455 3
1477 2407 1653 2446 senatum
1682 2405 1861 2450 censere,
