2076 2860
656 193 807 232 PRO
868 192 1211 231 MILONE.
1559 205 1636 245 205

238 298 379 336 Romae
394 325 405 342 ,
438 295 483 334 P.
509 295 701 334 Clodium
728 294 799 332 illo
825 293 888 331 die
909 293 951 331 in
971 290 1130 331 Albano
1151 283 1381 331 mansurum
1402 291 1542 338 fuiffe;
1576 293 1640 331 sed

238 363 368 401 subito
389 362 426 400 ei
445 360 517 399 effe
539 362 767 399 nuntiatum
784 390 793 405 ‚
827 361 980 411 Cyrum
1009 359 1270 397 architeftum
1302 358 1373 397 effe
1403 369 1608 397 mortuum
1628 375 1637 397 :

238 429 371 480 itaque
392 427 566 465 Romam
587 435 745 478 repente
766 425 1006 464 constituisse
1026 425 1236 478 proficisci.
1272 425 1389 463 Dixit
1409 423 1486 462 hoc
1507 439 1639 463 comes

239 495 336 532 item
358 493 405 532 P.
428 492 565 532 Clodii
587 494 637 531 C.
663 492 845 531 Clodius.

294 560 454 598 XVIII.
478 559 634 604 Videte,
651 559 827 611 Judices,
845 567 1002 611 quantae
1023 572 1080 596 res
1103 558 1164 596 his
1187 557 1422 596 testimoniis
1445 559 1519 596 sint
1540 572 1638 596 con-

238 625 363 665 fec‘tae.
397 626 580 664 Primum
601 635 706 664 certe
727 626 915 664 liberatur
936 625 1058 670 Milo,
1091 639 1171 662 non
1192 639 1237 662 eo
1258 625 1421 662 confilio
1442 624 1640 677 profectus

238 692 325 737 effe,
344 701 389 730 ut
409 692 654 730 insidiaretur
675 693 715 730 in
737 693 798 729 via
820 691 987 730 Clodio:
1012 692 1160 744 quippe
1177 691 1246 743 qui
1267 691 1302 728 ei
1323 691 1463 728 obvius
1481 690 1639 729 futurus

238 759 406 796 omnino
438 772 518 796 non
551 768 646 797 erat.
680 758 837 796 Deinde
860 760 959 810 (non
991 758 1099 795 enim
1130 756 1259 801 video,
1292 770 1362 794 cur
1395 771 1471 794 non
1507 772 1641 795 meum

238 838 399 878 quoque
419 838 531 877 agam
553 824 779 877 negotium)
804 824 926 868 scitis,
959 823 1135 874 judices,
1167 822 1294 867 fuisse,
1327 824 1396 875 qui
1415 824 1458 861 in
1481 823 1553 861 hac
1576 838 1640 861 ro-

238 891 397 943 gatione
418 891 610 929 suadenda
630 891 820 934 dicerent,
854 889 1024 927 Milonis
1056 903 1175 927 manu
1206 890 1351 927 ccedem
1379 890 1451 928 effe
1473 889 1613 928 factam
1630 921 1640 935 ,

239 957 404 995 confilio
423 971 514 994 vero
535 957 694 1010 majoris
715 956 898 1009 alicujus.
937 955 1135 994 Videlicet
1156 970 1219 994 me
1241 957 1448 1001 latronem,
1481 971 1523 994 ac
1546 958 1640 994 fica—

239 1023 359 1067 rium,
382 1022 523 1074 abjecti
544 1021 727 1060 homines
748 1031 786 1060 et
807 1022 950 1074 perditi
972 1021 1257 1060 describebant.
1278 1024 1416 1074 Jacent
1433 1023 1509 1061 suis
1533 1023 1639 1061 testi-

240 1087 312 1125 bus
334 1088 389 1132 ii,
421 1088 491 1140 qui
513 1088 705 1126 Clodium
726 1098 870 1140 negant
892 1102 937 1125 eo
959 1087 1020 1125 die
1042 1089 1214 1126 Romam
1230 1118 1241 1133 ‚
1274 1089 1343 1126 nisi
1375 1089 1421 1126 de
1444 1090 1549 1140 Cyro
1570 1103 1639 1127 au—

239 1153 365 1199 disset,
387 1153 500 1192 fuiffe
521 1154 757 1192 rediturum.
792 1154 993 1207 Respiravi
1011 1169 1019 1192 :
1043 1154 1231 1192 liberatus
1253 1155 1339 1192 sum
1358 1171 1366 1193 z
1392 1169 1470 1193 non
1494 1169 1639 1200 vereor,

241 1234 304 1266 ne,
336 1220 444 1273 quod
465 1235 513 1258 ne
534 1220 717 1274 suspicari
738 1221 902 1274 quidem
923 1221 1137 1274 potuerim,
1169 1222 1300 1259 videar
1321 1221 1360 1259 id
1381 1222 1577 1274 cogitafl'e.

298 1287 422 1325 Nunc
442 1287 648 1339 persequar
664 1297 813 1326 caetera.
848 1288 956 1325 Nam
975 1288 1149 1325 occurrit
1171 1287 1297 1326 illud:
1322 1289 1451 1341 Igitur
1472 1303 1519 1326 ne
1542 1289 1640 1327 Clo—

240 1353 329 1391 dius
347 1353 509 1406 quidem
527 1353 573 1391 de
590 1353 739 1391 infidiis
760 1354 965 1406 cogitavit,
983 1354 1171 1406 quoniam
1193 1353 1271 1392 fuit
1288 1356 1328 1392 in
1352 1355 1510 1393 Albano
1528 1369 1640 1393 man—

241 1419 351 1457 surus
366 1449 378 1465 ,
410 1420 437 1457 fi
465 1419 628 1473 quidem
649 1421 825 1458 exiturus
847 1421 893 1458 ad
914 1420 1060 1459 caedem
1081 1435 1100 1458 e
1121 1421 1215 1458 villa
1236 1435 1313 1459 non
1337 1421 1480 1460 fuifl‘et.
1515 1423 1641 1459 Video

239 1486 350 1523 enim
370 1485 487 1524 illum
501 1516 512 1531 ,
544 1486 613 1538 qui
636 1486 781 1524 dicitur
802 1487 848 1524 de
871 1488 967 1538 Cyri
988 1497 1115 1525 morte
1136 1487 1341 1532 nuntiaffe,
1375 1502 1453 1526 non
1475 1488 1515 1525 id
1536 1503 1640 1527 nun-

241 1551 346 1589 tiaffe
362 1581 373 1596 ,
405 1551 468 1589 sed
497 1552 701 1590 Milonem
731 1553 1060 1605 appropinquare.
1094 1554 1201 1590 Nam
1221 1553 1319 1605 quid
1340 1554 1386 1591 de
1409 1555 1514 1605 Cyro
1535 1569 1640 1591 nun-

241 1617 369 1661 tiaret,
389 1630 508 1668 quem
531 1617 698 1654 Clodius
720 1618 850 1655 Roma
869 1617 1120 1669 proficiscens
1143 1618 1352 1670 reliquerat
1374 1621 1640 1657 morientem?

241 1683 334 1720 Una
353 1681 439 1720 fui:
463 1682 739 1721 testamentum
761 1683 875 1721 fimul
896 1683 1097 1736 obfignavi
1118 1697 1212 1722 cum
1234 1684 1379 1723 Clodio
1397 1700 1406 1723 t
1431 1685 1640 1723 testamen-

241 1758 330 1787 tum
351 1758 482 1787 autem
503 1750 632 1802 palam
654 1749 812 1794 fecerat,
835 1759 874 1788 et
895 1750 1012 1788 illum
1033 1749 1234 1795 heredem,
1263 1760 1302 1788 et
1323 1765 1400 1797 me,
1425 1752 1637 1805 scripserat.

242 1816 377 1867 Qem
393 1815 520 1868 pridie
536 1815 632 1853 hora
647 1816 761 1854 tertia
773 1816 945 1854 animam
962 1815 1160 1854 efflantem
1177 1817 1406 1869 reliquiffet,
1423 1832 1515 1856 eum
1532 1832 1640 1857 rnor-

241 1891 358 1919 tuum
378 1880 564 1933 postridie
584 1880 680 1919 hora
700 1881 853 1920 decima
873 1881 1043 1935 denique
1063 1884 1098 1920 ei
1120 1883 1376 1921 nuntiabatur
1395 1885 1408 1921 ?

297 1947 415 1985 XIX.
449 1949 550 1999 Age,
574 1947 619 1985 fit
640 1949 694 1986 ita
714 1947 863 1986 factum
883 1964 890 1986 ε
915 1962 1001 2000 quae
1022 1949 1146 1993 causa,
1170 1963 1240 1986 cur
1262 1950 1433 1988 Romam
1456 1964 1639 2003 propera-

241 2022 301 2050 'ret
319 2014 332 2050 ?
365 2026 434 2050 cur
455 2014 494 2050 in
518 2015 674 2051 noctem
697 2014 732 2052 se
753 2015 995 2065 conjiceret?
1028 2015 1126 2067 quid
1146 2015 1330 2054 afferebat
1351 2017 1461 2054 causa
1481 2017 1640 2056 festina·

243 2079 389 2116 tionis?
409 2079 529 2130 Qod
546 2078 656 2117 heres
671 2081 774 2117 erat?
794 2080 976 2118 Primum
992 2090 1071 2118 erat
1088 2080 1205 2127 nihil,
1224 2095 1295 2120 cur
1314 2093 1521 2135 properato
1542 2097 1640 2136 opus

241 2144 361 2182 effet:
395 2145 549 2190 deinde,
582 2146 608 2183 fi
639 2146 735 2198 quid
765 2145 870 2191 esset,
903 2147 1001 2199 quid
1032 2147 1190 2186 tandem
1211 2158 1304 2194 erat,
1337 2150 1444 2202 quod
1465 2165 1506 2189 ea
1529 2153 1642 2189 nocte

242 2210 429 2262 consequi
452 2210 598 2263 poffet3
623 2212 819 2249 amitteret
840 2221 986 2258 autem,
1006 2213 1030 2250 fi
1048 2213 1232 2266 postridie
1248 2229 1362 2253 mane
1379 2217 1551 2254 Romam
1572 2231 1639 2254 ve-

244 2275 388 2313 niffct?
421 2277 580 2328 Atque,
614 2285 658 2313 ut
688 2277 747 2314 illi
780 2280 993 2317 nocturnus
1019 2279 1065 2316 ad
1088 2280 1227 2318 urbem
1248 2281 1436 2320 adventus
1458 2283 1639 2320 vitandus

243 2342 392 2394 potiuS,
412 2356 530 2394 quam
552 2344 800 2394 expetendus?
814 2344 917 2390 fuit;
938 2346 988 2384 s1c
1009 2347 1175 2392 Miloni,
1199 2361 1292 2385 cum
1314 2348 1513 2386 infidiator
1533 2349 1637 2393 esset,

246 2408 271 2445 fi
293 2408 409 2445 illum
427 2408 473 2445 ad
492 2408 630 2446 urbem
651 2412 768 2448 noetu
789 2412 1029 2451 accessurum
1050 2413 1208 2459 sciebat,
1228 2414 1503 2452 subsidendum
1525 2425 1641 2466 atque

241 2474 528 2525 expectandum
551 2473 642 2513 fuit.
668 2476 817 2522 Noctu,
840 2477 1033 2516 invidioso
1055 2488 1092 2516 et
1112 2480 1231 2531 pleno
1251 2480 1448 2519 latronum
1472 2481 1511 2518 in
1535 2481 1635 2524 loco,
