2076 2860
442 222 520 262 340
794 210 871 248 IN
930 209 996 247 M.
1056 209 1484 248 ANTONIUM

440 310 644 349 audaciam
663 312 676 349 ?
709 311 771 348 Ex
792 308 854 348 his
877 318 984 348 totus
1005 309 1303 361 conglutinatus
1324 310 1405 349 est:
1430 310 1532 349 nihil
1553 320 1711 364 apparet
1732 311 1772 350 in
1793 326 1838 352 eo

439 377 672 429 ingenuum,
705 376 807 414 nihil
828 376 1090 422 moderatum,
1123 376 1225 414 nihil
1247 376 1414 429 pudens,
1446 377 1548 416 nihil
1570 378 1778 431 pudicum.

498 445 763 495 Qapropter,
786 443 974 494 quoniam
992 456 1048 480 res
1071 444 1111 480 in
1133 443 1172 480 id
1195 443 1404 481 discrimen
1426 443 1591 482 adducta
1610 444 1677 490 est,
1697 454 1833 483 utrum

442 508 510 546 ille
530 521 664 561 poenas
687 509 914 560 reipublicae
935 508 1032 552 luat,
1065 522 1112 545 an
1141 522 1211 546 nos
1239 508 1477 554 serviamus;
1510 510 1737 563 aliquando,
1769 524 1837 563 per

443 575 550 611 Deos
572 573 842 611 immortales!
879 574 1008 611 Patres
1039 573 1269 625 conscripti,
1300 575 1475 626 patrium
1503 575 1684 613 animum
1711 575 1839 614 virtu-

442 649 604 692 temque
624 640 840 692 capiamus,
873 648 917 677 ut
946 648 1013 677 aut
1042 638 1265 677 libertatem
1295 640 1495 692 propriam
1516 640 1691 678 Romani
1711 649 1750 678 et
1769 654 1839 692 ge-

443 706 547 744 neris
578 715 616 744 et
644 706 817 743 nominis
851 718 1142 758 recuperemuS,
1174 714 1241 743 aut
1270 714 1441 743 mortem
1471 706 1649 744 servituti
1676 715 1840 758 antepo-

444 786 599 812 namus.
642 773 791 817 Multa,
823 786 910 824 quae
940 773 982 809 in
1004 772 1126 810 libera
1147 772 1305 810 civitate
1326 771 1485 810 ferenda
1506 786 1585 810 non
1606 772 1740 818 essent,
1773 781 1839 810 tu-

445 839 582 884 limus,
613 848 652 877 et
673 838 834 891 perpefli
856 839 1018 877 sumus:
1051 839 1118 876 alii
1148 838 1213 891 spe
1242 838 1514 891 recuperandae
1535 838 1744 884 libertatis,
1775 838 1843 876 alii

444 906 603 945 vivendi
625 906 747 944 nimia
767 905 998 958 cupiditate.
1037 905 1124 950 Sed,
1156 905 1182 943 fi
1204 905 1273 943 illa
1293 905 1475 950 tulimus,
1508 919 1594 958 quae
1614 919 1685 943 nos
1707 905 1840 944 neces-

445 974 532 1012 fitas
564 972 665 1010 ferre
697 973 841 1025 coegit,
874 986 960 1024 quae
988 971 1044 1009 vis
1079 971 1257 1023 quaedam
1285 986 1384 1025 pene
1411 970 1569 1017 fatalis,
1603 986 1690 1024 quae
1712 981 1843 1010 tamen

446 1039 527 1093 ipsa
546 1053 626 1077 non
650 1039 815 1077 tulimus
836 1054 844 1076 :
878 1039 1047 1076 etiamne
1076 1037 1196 1090 hujus
1227 1038 1377 1090 impuri
1404 1038 1566 1076 latronis
1588 1037 1759 1077 feremus
1782 1046 1843 1077 te-

446 1106 656 1144 terrimum
676 1104 1069 1156 crudelissimumque
1089 1104 1340 1142 dominatum
1359 1104 1372 1141 ?

504 1173 601 1210 XII.
625 1171 734 1220 Qid
756 1170 822 1208 hic
844 1169 976 1214 faciet,
1000 1171 1026 1207 fi
1048 1171 1236 1222 potuerit,
1256 1170 1391 1215 iratus,
1410 1170 1494 1223 qui,
1513 1184 1607 1208 cum
1624 1170 1846 1209 succensere

448 1238 601 1277 nemini
622 1237 758 1290 pofl'et,
781 1237 967 1275 omnibus
991 1236 1104 1274 bonis
1126 1236 1246 1274 fuerit
1266 1237 1454 1275 inimicus
1473 1238 1485 1275 ?
1518 1237 1615 1289 quid
1636 1236 1703 1275 hic
1724 1238 1848 1276 viCtor

449 1319 529 1344 non
550 1304 724 1349 audebit,
747 1304 831 1356 qui,
864 1303 1016 1340 nullam
1037 1294 1199 1355 adeptus
1220 1303 1438 1348 vstioriam,
1472 1312 1578 1340 tanta
1598 1303 1740 1341 scelera
1759 1303 1845 1357 post

451 1371 611 1410 Caesaris
633 1370 841 1408 interitum
868 1368 1039 1406 fecerit?
1072 1368 1255 1413 refertam
1284 1370 1366 1421 ejus
1398 1369 1564 1407 domum
1593 1368 1846 1408 exhauserit?

449 1438 587 1477 hortos
609 1435 834 1489 compilarit
853 1436 865 1473 ?
898 1434 943 1476 ad
965 1435 1001 1472 se
1023 1448 1069 1472 ex
1090 1433 1152 1472 his
1173 1435 1307 1473 omnia
1327 1443 1557 1473 ornamenta
1578 1435 1845 1473 transtulerit?

451 1504 566 1543 caedis
588 1512 626 1541 et
648 1502 925 1540 incendiorum
945 1500 1100 1539 causam
1120 1502 1312 1554 quaefierit
1332 1515 1380 1539 ex
1401 1501 1539 1539 funere
1558 1502 1570 1538 ?
1603 1501 1757 1541 duobus
1779 1509 1846 1540 aut

451 1572 579 1610 tribus
618 1568 988 1608 senatus-consultis
1020 1567 1118 1606 bene
1149 1577 1189 1606 et
1219 1582 1240 1606 e
1272 1568 1475 1621 republica
1505 1567 1645 1613 factis,
1677 1568 1846 1621 reliquas

454 1652 511 1677 res
532 1637 579 1675 ad
608 1637 766 1675 lucrum
792 1635 1041 1688 praedamque
1062 1635 1331 1673 revocaverit?
1363 1633 1583 1672 vendiderit
1612 1634 1849 1673 immunita-

453 1715 510 1743 tes
530 1706 542 1742 ?
575 1704 752 1742 civitates
772 1702 996 1740 liberaverit
1015 1702 1028 1739 ?
1059 1702 1280 1754 provincias
1302 1700 1497 1739 universas
1519 1714 1566 1739 ex
1587 1701 1745 1753 imperii
1774 1713 1849 1753 po-

452 1770 539 1823 puli
560 1769 733 1808 Romani
748 1770 838 1820 jure
858 1767 1083 1806 sustulerit?
1104 1768 1238 1806 exules
1260 1767 1488 1805 reduxerit?
1519 1766 1631 1804 falsas
1653 1766 1772 1819 leges,
1795 1767 1846 1805 C.

455 1835 614 1873 Caesaris
648 1834 823 1878 nomine,
855 1843 893 1871 et
919 1832 1014 1870 falsa
1041 1832 1195 1871 decreta
1220 1834 1262 1870 in
1291 1846 1339 1870 aes
1368 1832 1578 1870 incidenda
1597 1841 1635 1870 et
1662 1833 1703 1870 in
1726 1832 1848 1885 Capi-

454 1901 553 1940 tolio
574 1899 729 1952 figenda
748 1899 956 1944 curaverit,
986 1911 1200 1952 earumque
1226 1911 1356 1936 rerum
1384 1898 1567 1936 omnium
1588 1897 1850 1936 domesticum

456 1975 675 2006 mercatum
705 1964 949 2002 instituerit?
980 1964 1131 2017 populo
1153 1965 1335 2002 Romano
1355 1964 1461 2016 leges
1491 1963 1755 2016 imposuerit?
1787 1977 1848 2002 ar-

457 2034 533 2073 mis
554 2043 592 2071 et
612 2031 796 2085 praefidiis
817 2030 1012 2084 populum
1033 2040 1072 2069 et
1092 2030 1337 2083 magistratus
1359 2029 1446 2068 foro
1466 2029 1676 2069 excluserit
1695 2031 1708 2067 ?
1740 2029 1850 2068 sena-

457 2110 544 2140 tum
561 2098 709 2151 stiparit
725 2098 908 2136 armatis?
930 2107 1098 2135 armatos
1116 2098 1156 2135 in
1173 2097 1272 2136 cella
1289 2096 1536 2142 Concordiae,
1559 2109 1652 2134 cum
1673 2096 1851 2135 senatum

457 2166 633 2210 haberet,
656 2163 882 2201 incluserit?
904 2163 951 2201 ad
972 2163 1146 2215 legiones
1168 2163 1434 2202 Brundufium
1455 2163 1697 2200 cucurrerit?
1720 2176 1767 2200 ex
1789 2161 1851 2200 his

456 2231 607 2284 optime
629 2229 837 2268 sentientes
858 2229 1107 2267 centuriones
1129 2229 1403 2281 jugulaverit?
1435 2241 1529 2266 cum
1559 2228 1734 2266 exercitu
1762 2228 1849 2266 Ro-

458 2311 564 2337 mam
585 2296 630 2335 fit
650 2296 697 2334 ad
717 2295 923 2334 interitum
945 2295 1135 2341 nostrum,
1164 2305 1202 2334 et
1223 2296 1270 2333 ad
1291 2295 1615 2348 disperditionem
1635 2294 1759 2339 urbis,
1781 2307 1850 2332 ve-

460 2366 542 2403 nire
571 2363 766 2402 conatus?
798 2363 933 2416 Atque
960 2362 1007 2407 is,
1039 2362 1086 2399 ab
1114 2360 1191 2400 hoc
1219 2363 1372 2414 impetu
1399 2361 1608 2399 abstradtus
1630 2359 1792 2399 consilio
1812 2368 1851 2398 et

459 2431 583 2483 copiis
617 2429 797 2474 Caesaris,
830 2428 1017 2468 consensu
1049 2437 1343 2475 veteranorum,
1374 2428 1520 2468 virtute
1551 2427 1773 2481 legionum,
1802 2438 1852 2464 ne
