2076 2860
338 191 410 241 148
807 185 1250 226 ORATIO

332 289 476 328 nostras
509 289 737 328 inimicitias
771 287 840 340 ipfi
873 287 976 325 inter
1007 299 1076 324 nos
1110 298 1305 338 geramus,
1336 283 1474 322 amicis
1503 282 1724 322 nostrorum

334 355 590 393 inimicorum
612 364 888 405 temperemus,
922 353 997 396 Ac,
1020 352 1047 389 fi
1069 364 1155 389 mea
1174 350 1380 388 auffiloritas
1402 349 1489 387 satis
1510 348 1613 401 apud
1634 347 1725 386 illos

336 420 378 458 in
398 419 472 458 hac
492 434 532 458 re
551 419 733 473 ponderis
755 417 929 463 haberet,
947 430 1040 456 cum
1057 431 1120 455 me
1141 416 1354 471 praesertim
1376 430 1506 454 rerum
1527 415 1723 459 varietate,

333 494 451 538 atque
473 485 540 523 usu
562 485 659 537 ipso,
673 485 756 535 jam
777 482 1009 536 perdod'mm
1030 483 1229 527 viderent,
1249 482 1367 520 etiam
1383 481 1431 519 ab
1453 481 1533 519 illis
1554 494 1618 518 eos
1640 493 1726 518 ma-

329 551 483 603 joribus
506 549 708 587 discordiis
731 562 946 587 avocarem.
998 548 1044 587 Id
1064 548 1172 586 enim
1193 548 1430 585 contendere
1450 546 1552 585 mihi
1573 545 1729 584 videtur

334 629 354 654 e
376 616 589 668 republica,
622 629 714 653 cum
736 615 775 652 id
801 614 999 658 defendas,
1031 613 1139 665 quod
1159 612 1232 650 effe
1261 613 1461 665 optimum
1490 612 1657 651 sentias:
1690 619 1730 648 et

334 681 375 718 id
395 680 563 719 fortium
583 681 772 726 virorum,
805 690 843 718 et
871 692 1105 732 magnorum
1126 678 1353 723 hominum,
1385 679 1535 730 semper
1564 677 1727 730 putavi:

336 760 464 800 neque
484 746 580 785 huic
602 761 778 800 unquam
800 746 939 791 labori,
956 746 1104 790 officio,
1123 744 1279 783 muneri
1295 743 1424 782 defui:
1449 744 1512 782 sed
1528 743 1733 781 contentio

336 812 490 851 tamdiu
510 812 658 865 sapiens
679 812 732 851 est
748 842 758 858 ,
790 812 980 866 quamdiu
1000 820 1067 850 aut
1087 810 1245 864 proficit
1265 809 1416 864 aliquid
1430 839 1441 855 ‚
1473 818 1540 848 aut
1553 838 1565 855 ,
1597 809 1624 847 fi
1651 821 1733 847 non

336 878 510 930 proficit,
542 891 620 916 non
641 877 748 916 obest
768 878 934 915 civitati.

397 943 610 981 Voluimus
644 943 837 996 quaedam‚
869 941 1162 987 contendimus,
1195 942 1345 994 experti
1379 941 1534 980 sumus:
1572 940 1736 980 obtenta

341 1020 421 1046 non
445 1008 549 1047 sunt.
574 1008 767 1047 Dolorem
788 1008 869 1053 alii,
901 1021 971 1047 nos
993 1007 1146 1045 luctum
1167 1020 1456 1060 moeroremque
1478 1006 1733 1059 suscepimus.

341 1074 426 1112 Cur
445 1087 500 1119 ea,
519 1088 605 1126 quae
627 1083 777 1113 mutare
798 1088 877 1113 non
899 1073 1115 1127 possumus,
1139 1072 1358 1111 convellere
1378 1072 1592 1117 malumus,
1615 1084 1736 1124 quam

342 1140 443 1179 tueri
462 1142 475 1179 ?
510 1142 559 1180 C.
583 1141 774 1181 Caesarem
795 1141 947 1180 senatus
968 1149 1007 1179 et
1027 1153 1167 1193 genere
1189 1139 1524 1192 supplicationum
1545 1137 1734 1191 ampliffi-

342 1221 410 1246 mo
430 1207 582 1246 ornavit
596 1237 608 1253 ,
639 1217 678 1247 et
698 1222 864 1247 numero
884 1207 1038 1246 dierum
1058 1220 1175 1246 novo.
1214 1206 1325 1245 Idem
1346 1208 1387 1244 in
1407 1206 1593 1259 angustiis
1615 1204 1738 1244 aerarii

342 1274 531 1312 vi&orem
551 1275 769 1313 exercitum
790 1274 982 1328 stipendio
1002 1273 1159 1319 affecit3
1183 1273 1406 1325 imperatori
1431 1273 1566 1310 decem
1588 1271 1736 1323 legatos

344 1339 544 1385 decrevit,
576 1340 661 1392 lege
692 1340 921 1393 Sempronia
949 1338 1238 1377 succedendum
1269 1352 1348 1377 non
1378 1338 1542 1376 censuit.
1581 1338 1739 1375 Harum

345 1418 418 1457 ego
439 1405 718 1443 sententiarum
738 1416 776 1444 et
801 1406 983 1458 princeps
1013 1414 1051 1442 et
1081 1405 1213 1442 audior
1242 1403 1301 1442 fui
1321 1420 1329 1443 :
1364 1417 1490 1456 neque
1510 1417 1574 1442 me
1594 1401 1738 1441 diffen-

346 1471 442 1509 fioni
472 1485 567 1509 meae
596 1471 765 1524 pristinae
796 1472 929 1524 putavi
959 1471 1091 1524 potius
1121 1470 1304 1516 assentiri,
1337 1484 1455 1523 quarn
1484 1469 1738 1522 praesentibus

348 1537 575 1590 reipublicae
591 1538 852 1590 temporibus,
869 1547 907 1575 et
924 1536 1158 1581 concordiae,
1176 1537 1399 1575 convenire.
1419 1536 1515 1574 Non
1532 1535 1637 1573 idem
1653 1534 1740 1572 aliis

347 1602 527 1641 videtur:
553 1601 641 1640 sunt
662 1602 814 1641 fortaffe
835 1603 876 1640 in
898 1602 1088 1640 sententia
1104 1601 1311 1640 firmiores.
1331 1600 1593 1653 Reprehendo
1611 1599 1741 1637 nemi-

349 1681 465 1713 nem3
490 1668 553 1706 sed
573 1668 753 1707 assentior
773 1683 852 1707 non
873 1669 1060 1707 omnibus
1080 1683 1088 1706 :
1113 1681 1239 1721 neque
1260 1667 1332 1706 effe
1353 1666 1607 1705 inconstantis
1629 1674 1741 1719 puto,

349 1734 580 1773 sententiam
602 1735 787 1788 aliquam,
807 1744 994 1788 tanquam
1009 1734 1170 1786 aliquod
1192 1735 1408 1787 navigium,
1431 1742 1548 1787 atque
1568 1732 1743 1778 cursum,

350 1814 397 1838 ex
420 1800 645 1852 rcipublicae
668 1800 891 1853 tempestate
912 1800 1119 1838 moderari.

408 1866 496 1910 Sed,
524 1865 554 1902 'fi
576 1865 645 1917 qui
667 1865 770 1910 sunt,
802 1866 948 1917 quibus
970 1865 1174 1903 infinitum
1196 1865 1241 1902 sit
1261 1864 1413 1910 odium,
1443 1865 1483 1902 in
1505 1878 1603 1916 quos
1626 1864 1742 1901 semel

355 1931 576 1983 susceptum
599 1930 642 1967 fit
658 1959 668 1975 ,
701 1943 799 1983 quos
820 1930 934 1968 video
954 1929 1259 1968 esse-nonnullos
1277 1948 1288 1974 ;
1321 1943 1415 1967 cum
1435 1929 1604 1967 ducibus
1625 1929 1714 1982 ipfis
1731 1957 1742 1974 ,

355 2011 433 2035 non
451 2010 544 2034 curn
560 1996 752 2035 comitatu
767 1996 1143 2049 adsectatoribusque,
1160 1995 1388 2048 confligant.
1406 1996 1521 2034 Illam
1537 1996 1644 2033 enim
1659 1994 1745 2033 for-

356 2058 444 2096 tass'e
465 2057 720 2110 pertinaciam
742 2058 940 2103 nonnulli,
962 2059 1151 2096 virtutem
1171 2057 1252 2102 alii,
1276 2058 1500 2110 putabunt;
1533 2055 1634 2094 hanc
1655 2070 1745 2094 vero

355 2125 608 2176 iniquitatem
638 2137 774 2162 omnes
805 2138 898 2162 cum
928 2124 1058 2177 aliqua
1087 2125 1316 2163 crudelitate
1346 2125 1612 2176 conjuntfihim.
1645 2123 1745 2169 Sed,

357 2190 383 2229 fi
414 2199 611 2227 certorum
641 2188 852 2228 hominum
882 2199 1033 2228 mentes
1063 2190 1173 2228 nulla
1200 2190 1349 2228 ratione
1373 2190 1537 2242 placare,
1568 2189 1745 2240 Judices,

357 2255 556 2308 poffumus
574 2273 585 2300 ;
618 2254 759 2293 vestros
781 2255 943 2307 quidem
963 2256 1114 2294 animos
1136 2265 1238 2294 certe
1259 2255 1496 2294 confidimus
1511 2284 1522 2300 ,
1554 2268 1634 2293 non
1658 2267 1746 2293 ora-

359 2322 465 2360 tione
488 2321 626 2367 nostra,
659 2321 721 2359 sed
741 2321 986 2360 humanitate
1006 2322 1140 2367 vestra,
1171 2322 1242 2360 effe
1263 2323 1448 2374 placatos.

416 2387 615 2426 XXVIII.
648 2387 758 2440 Qid
779 2388 885 2427 enim
907 2387 959 2426 est
974 2417 984 2433 ‚
1016 2401 1086 2426 cur
1114 2401 1192 2426 non
1222 2388 1353 2441 potius
1378 2388 1425 2426 ad
1447 2387 1639 2427 summam
1660 2386 1746 2425 lau-
