2076 2860
587 195 728 234 PRO
789 195 853 234 M.
918 194 1355 233 MARCELLO.
1599 209 1676 250 247

267 296 323 336 est
343 295 544 335 credibilis
567 304 700 334 tantus
725 296 767 333 in
789 294 873 332 ullo
893 293 1019 340 furor,
1052 304 1112 340 ut,
1144 309 1225 348 quo
1246 295 1346 334 duce
1367 297 1502 334 omnia
1522 296 1677 335 summa

268 365 315 403 fit
335 363 514 416 adeptus,
536 361 656 415 hujus
677 363 802 401 vitam
823 375 903 399 non
924 370 1138 414 anteponat
1159 362 1249 402 suae.
1273 364 1329 401 At
1349 363 1376 402 fi
1399 364 1457 401 tui
1479 363 1582 402 nihil
1604 377 1674 402 co-

267 431 398 483 gitant
418 429 572 468 sceleris
588 457 600 475 ,
632 429 852 468 cavendum
873 428 927 467 est
941 458 953 474 ,
984 442 1034 466 ne
1055 429 1154 482 quid
1174 429 1347 469 inimici.
1391 431 1474 484 Qi
1494 433 1506 469 ?
1539 445 1676 469 omnes

268 496 378 536 enim
397 495 468 548 qui
488 495 667 542 fuerunt,
699 505 767 534 aut
788 495 854 534 sua
873 495 1088 548 pertinacia
1109 497 1233 535 vitam
1253 497 1481 543 amiserunt,
1515 508 1582 535 aut
1612 508 1679 536 tua

268 562 538 602 misericordia
564 563 814 601 retinuerunt
829 582 842 608 5
880 571 923 600 ut
954 571 1022 600 aut
1054 562 1158 600 nulli
1190 563 1381 617 supersint
1408 565 1455 602 de
1484 564 1675 610 inimicis,

269 639 351 675 aut,
383 631 453 683 qui
475 629 768 683 superfuerunt,
800 629 1023 668 amiciffimi
1045 629 1134 668 fint.

327 696 403 735 Sed
423 705 579 742 tamen,
612 711 705 735 cum
726 697 768 734 in
789 696 932 734 animis
953 695 1169 734 hominum
1191 704 1307 734 tantae
1328 695 1485 735 latebrae
1508 697 1581 735 sint
1597 727 1607 742 ‚
1640 706 1679 736 et

268 764 370 802 tanti
402 763 565 803 receffus
582 793 592 809 ‚
625 777 836 816 augeamus
858 763 945 801 sane
965 763 1229 816 suspicionem
1250 772 1360 801 tuam
1379 778 1389 801 :
1422 763 1538 801 fimul
1569 765 1677 802 enim

270 830 505 883 augebimus
527 840 566 868 et
585 830 852 883 diligentiam.
895 830 1005 868 Nam
1025 830 1114 883 quis
1136 829 1189 867 est
1209 830 1395 868 omnium
1417 839 1498 868 tam
1519 831 1678 883 ignarus

271 910 405 936 rerum
419 927 430 943 ,
463 906 544 935 tam
564 896 672 935 rudis
694 897 735 934 in
757 896 987 949 republica,
1021 906 1101 934 tam
1123 895 1225 934 nihil
1255 910 1432 949 unquam
1453 910 1525 935 nec
1546 897 1594 935 de
1616 898 1680 936 sua

271 976 345 1001 nec
366 962 414 1000 de
434 963 642 1000 communi
664 962 786 1001 salute
807 963 986 1015 cogitans
1002 993 1013 1008 ‚
1046 963 1116 1016 qui
1149 977 1229 1001 non
1263 963 1462 1016 intelligat
1476 993 1487 1009 ,
1521 973 1588 1002 tua
1620 965 1679 1002 sa-

270 1030 354 1067 lute
382 1029 579 1067 contineri
606 1028 729 1075 suam,
761 1038 801 1067 et
827 1043 876 1067 ex
903 1030 1022 1068 unius
1057 1039 1126 1068 tua
1151 1030 1230 1067 vita
1261 1030 1431 1083 pendere
1459 1031 1678 1069 omnium?

270 1095 474 1148 Equidem
494 1095 541 1133 de
563 1106 600 1134 te
621 1095 703 1134 dies
725 1096 949 1149 noctesque,
982 1105 1026 1134 ut
1047 1096 1186 1142 debeo,
1219 1097 1414 1149 cogitanS,
1443 1097 1551 1135 casus
1574 1098 1678 1136 dun-

269 1170 377 1201 taxat
397 1161 609 1208 humanos,
627 1172 667 1200 et
687 1163 859 1201 incertos
881 1173 1043 1201 eventus
1066 1163 1318 1209 valetudinis,
1337 1174 1375 1201 et
1398 1174 1543 1203 naturae
1565 1178 1678 1202 com-

271 1229 405 1267 munis
426 1228 700 1281 fragilitatem,
723 1229 938 1268 extimesco
955 1249 966 1274 ;
1000 1229 1209 1281 doleoque,
1242 1244 1336 1268 cum
1359 1230 1579 1282 respublica
1600 1232 1679 1269 im<

273 1295 452 1333 mortalis
473 1294 546 1333 effe
566 1295 730 1341 debeat,
762 1309 848 1334 earn
879 1297 919 1333 in
951 1296 1069 1334 unius
1101 1297 1279 1334 mortalis
1307 1297 1439 1334 anima
1459 1297 1677 1336 consistere.

275 1361 315 1399 Si
336 1375 427 1399 vero
448 1361 495 1399 ad
515 1361 711 1400 humanos
732 1362 856 1407 casus,
875 1362 1124 1414 incertosque
1141 1372 1303 1400 eventus
1320 1363 1574 1409 valetudinis,
1598 1364 1680 1402 sce-

274 1426 365 1466 leris
386 1428 507 1466 etiam
527 1428 686 1466 accedat
714 1428 1024 1481 insidiarumque
1045 1428 1272 1474 consenfi0;
1306 1443 1427 1482 quem
1461 1431 1595 1468 Deum
1610 1460 1622 1475 ‚
1656 1430 1680 1468 fi

274 1494 424 1547 cupiat,
456 1492 643 1548 opit‘ulari
665 1495 768 1548 poffe
790 1496 1019 1549 reipublicae
1040 1496 1244 1533 credamus
1265 1498 1277 1534 ἓ

329 1561 449 1599 VIII.
484 1562 633 1599 Omnia
652 1561 742 1599 sunt
763 1561 971 1599 excitanda
991 1562 1081 1606 tibi,
1107 1563 1155 1599 C.
1178 1561 1316 1606 Caesar,
1341 1561 1425 1606 uni,
1449 1576 1536 1613 quae
1551 1563 1681 1614 jacere

275 1627 409 1672 sentis,
442 1627 539 1664 belli
559 1628 677 1680 ipsius
700 1628 869 1680 impetu,
902 1627 1009 1680 quod
1040 1627 1187 1665 necefi‘e
1217 1627 1310 1673 fuit,
1343 1629 1533 1681 perculsa,
1565 1638 1682 1681 atque

274 1691 489 1745 prostrata:
522 1693 976 1746 constituendajudicia,
1001 1693 1216 1732 revocanda
1236 1693 1347 1739 fides,
1371 1695 1681 1747 comprimendae

275 1757 478 1804 libidines,
510 1759 759 1812 propaganda
779 1759 930 1797 soboles
951 1774 959 1797 :
993 1759 1142 1804 omnia,
1175 1773 1262 1812 quae
1283 1759 1430 1812 dilapsa
1444 1761 1526 1812 jam
1552 1760 1678 1798 fluxe-

275 1834 394 1871 runt,
426 1825 563 1863 severis
585 1826 742 1878 legibus
764 1826 973 1863 vincienda
994 1825 1097 1864 sunt.
1140 1827 1235 1864 Non
1259 1825 1337 1864 fuit
1359 1827 1617 1864 recusandum
1639 1827 1679 1864 in

274 1899 386 1930 tanto
412 1891 522 1929 civili
553 1891 683 1936 bello,
716 1901 906 1944 tantoque
936 1892 1164 1931 animorum
1194 1892 1352 1937 ardore,
1384 1901 1422 1930 et
1453 1906 1677 1938 armorum,

275 1957 375 2010 quin
390 1957 559 2009 quaffata
578 1958 812 2012 respublica,
833 1959 1064 2011 quicunque
1086 1958 1182 1996 belli
1203 1968 1364 1996 eventus
1388 1957 1532 2004 fuisset,
1556 1960 1683 1997 multa

276 2023 455 2076 perderet
475 2033 513 2062 et
540 2034 770 2062 ornamenta
790 2024 995 2076 dignitatis
1012 2054 1022 2069 ,
1055 2034 1093 2062 et
1122 2024 1295 2077 praefidia
1325 2024 1546 2064 stabilitatis
1579 2027 1678 2070 sure-5

277 2090 483 2143 multaque
502 2100 666 2143 uterque
688 2091 768 2128 dux
789 2089 934 2128 faceret
955 2101 1125 2129 armatus
1139 2121 1150 2137 ‚
1184 2106 1270 2144 quae
1292 2091 1397 2130 idem
1420 2102 1575 2144 togatus
1598 2093 1681 2130 fieri

278 2155 553 2208 prohibuisset.
587 2159 686 2208 Qae
717 2157 880 2208 quidem
911 2171 1018 2196 nunc
1048 2158 1123 2196 tibi
1153 2160 1287 2196 omnia
1310 2158 1404 2197 belli
1425 2160 1587 2197 vulnera
1608 2174 1680 2197 cu-

279 2221 397 2259 randa
417 2221 505 2259 sunt
525 2237 532 2259 :
567 2222 728 2273 quibus,
760 2232 899 2275 praeter
919 2233 971 2269 te,
1004 2224 1153 2262 mederi
1174 2239 1291 2263 nemo
1312 2225 1452 2277 potest.

336 2288 473 2339 Itaque
495 2287 605 2325 illam
634 2297 743 2326 tuam
770 2289 1098 2342 praeclariffimam
1125 2300 1164 2329 et
1195 2291 1513 2344 sapientissimam
1543 2305 1679 2328 vocem

279 2353 427 2391 invitus
449 2351 602 2391 audivi:
627 2353 715 2392 satis
738 2363 775 2392 te
795 2354 864 2392 diu
885 2356 946 2394 vel
968 2366 1116 2395 naturae
1136 2357 1285 2402 vixisse,
1308 2357 1369 2394 vel
1390 2356 1539 2408 glori-<rx
1565 2357 1677 2399 Satis,

280 2418 306 2456 fi
327 2420 381 2456 ita
401 2419 480 2463 vis,
514 2428 658 2457 naturae
679 2419 857 2466 fortaffe;
891 2421 991 2460 addo
1011 2423 1130 2461 etiam
1146 2453 1157 2468 ,
1190 2423 1215 2460 fi
1237 2423 1365 2475 placet
1379 2452 1389 2467 ,
1422 2423 1556 2474 gloriae
1576 2436 1583 2458 :
1617 2431 1653 2458 at
1668 2451 1677 2465 ,

280 2485 387 2537 quod
407 2485 630 2524 maximum
651 2485 718 2530 est,
741 2488 874 2539 patriae
895 2497 999 2527 certe
1020 2502 1173 2540 parum.
1202 2489 1334 2540 Qare
1355 2490 1510 2531 omitte,
1535 2488 1677 2538 qualo,
