2076 2860
407 228 478 269 172
883 211 1322 249 ORATIO

403 313 444 350 in
465 310 542 349 hoc
562 310 698 348 ordine
713 339 723 355 ,
753 309 960 347 hoc-meus
982 307 1101 345 etiam
1122 307 1272 359 collega
1286 336 1297 352 ‚
1330 306 1508 344 dicebat:
1542 319 1668 358 neque
1688 305 1795 343 enim

404 378 613 430 quisquam
644 375 768 428 potest
800 374 1018 411 exercitum
1045 387 1200 426 cupere,
1233 382 1440 425 aperteque
1468 381 1611 425 petere,
1644 380 1687 409 ut
1715 384 1794 409 non

404 452 587 496 praetexat
608 440 866 492 cupiditatem
887 438 1097 491 triumphi.

462 507 581 558 Qod
602 506 627 543 fi
654 514 691 543 te
721 504 872 542 senatus
900 504 1148 556 populusque
1175 504 1379 541 Romanus
1406 512 1472 541 aut
1500 517 1578 541 non
1606 510 1795 555 appeten-

405 583 501 618 tem,
519 581 585 609 aut
600 571 718 609 etiam
736 570 991 614 recusantem,
1009 570 1162 607 bellum
1178 569 1382 621 suscipere,
1400 570 1618 607 exercitum
1639 568 1794 611 ducere,

406 636 614 689 coegiffet3
648 645 778 674 tamen
800 644 879 673 erat
899 634 1052 686 angusti
1073 634 1195 672 animi
1215 642 1331 686 atque
1352 633 1516 678 demifli,
1534 633 1630 685 justi
1651 632 1796 670 trium-

405 703 476 756 phi
496 702 688 741 honorem
709 711 825 754 atque
846 701 1080 752 dignitatem
1100 708 1366 738 contemnere.
1399 700 1506 738 Nam
1522 728 1532 743 .
1565 708 1608 737 ut
1628 697 1797 736 levitatis

406 769 459 807 est
474 799 485 814 ,
517 769 674 806 inanem
694 767 880 820 aucupari
901 780 1100 805 rumorem
1114 795 1125 811 ,
1157 774 1201 804 ut
1221 778 1357 804 omnes
1379 765 1536 802 umbras
1557 765 1677 802 etiam
1696 762 1799 801 falsae

406 835 541 888 gloriae
562 834 793 879 consectari5
813 834 862 871 fic
883 833 978 871 levis
1000 832 1054 871 est
1073 833 1210 877 animi,
1233 832 1365 870 lucem
1386 831 1711 883 splendoremque
1731 828 1800 867 fu-

407 901 568 953 gientis,
585 900 729 953 justam
749 900 932 952 gloriam,
950 899 1020 951 qui
1040 898 1094 936 est
1114 897 1264 936 fructus
1286 911 1382 935 verae
1401 896 1558 935 virtutis
1579 894 1799 934 honestiffi-

408 980 513 1012 mus,
545 966 761 1018 repudiare.
795 966 901 1003 Cum
932 977 1037 1009 vero,
1069 977 1149 1002 non
1181 963 1300 1002 modo
1332 976 1411 1001 non
1438 962 1658 1015 postulante
1685 969 1802 1013 atque

409 1042 590 1085 cogente,
608 1032 672 1070 sed
691 1032 818 1069 invito
838 1041 954 1084 atque
974 1029 1165 1083 oppresso,
1188 1030 1336 1074 senatu,
1355 1043 1433 1066 non
1454 1028 1574 1066 modo
1594 1028 1706 1066 nullo
1726 1041 1801 1079 po-

410 1099 496 1151 puli
517 1098 691 1136 Romani
711 1097 838 1134 studio
852 1126 863 1142 ,
895 1096 958 1134 sed
979 1096 1090 1133 nullo
1111 1094 1260 1133 ferente
1281 1094 1509 1146 suffragium
1530 1094 1680 1139 libero,
1707 1105 1800 1145 pro-

410 1165 540 1202 vincia
561 1164 635 1202 tibi
656 1163 725 1201 ista
744 1163 1040 1215 manupretium
1060 1161 1180 1199 fuerit
1201 1175 1279 1199 non
1300 1160 1435 1199 eversae
1456 1174 1524 1212 per
1544 1169 1596 1205 te,
1627 1159 1691 1198 sed
1711 1174 1802 1212 per-

412 1231 502 1268 ditae
523 1230 692 1268 civitatis
709 1247 721 1274 ς
753 1242 926 1281 cumque
957 1228 1139 1265 omnium
1173 1237 1333 1265 tuorum
1361 1226 1551 1264 scelerum
1572 1224 1654 1264 haec
1676 1226 1804 1278 pactio

411 1295 601 1340 extiterit,
620 1303 678 1339 ut,
697 1294 722 1332 fi
744 1304 787 1332 tu
809 1304 932 1332 totam
953 1293 1242 1345 rempublicam
1263 1291 1420 1330 nefariis
1441 1291 1659 1329 latronibus
1681 1291 1803 1329 tradi-

413 1361 524 1400 diffes
540 1392 550 1406 ‚
583 1361 819 1399 Macedonia
840 1360 914 1398 tibi
935 1360 985 1398 ob
1007 1374 1091 1398 earn
1112 1373 1193 1397 rem
1209 1389 1220 1404 ,
1252 1358 1397 1412 quibus
1421 1368 1463 1396 tu
1484 1358 1630 1396 finibus
1655 1358 1774 1396 velles
1790 1387 1803 1403 ,

413 1428 637 1466 redderetur
649 1446 661 1473 3
681 1441 773 1465 cum
789 1426 1042 1464 exhauriebas
1061 1426 1237 1464 aerarium
1247 1444 1258 1471 ;
1278 1439 1371 1463 cum
1387 1425 1549 1462 orbabas
1566 1424 1722 1462 Italiam
1732 1426 1802 1477 ju-

413 1502 597 1538 ventute;
621 1506 715 1530 cum
731 1506 835 1530 mare
856 1491 1108 1530 vastiffimum
1129 1490 1260 1528 hieme
1281 1490 1485 1528 tranfibas:
1509 1490 1535 1527 s1
1553 1488 1806 1542 triumphum

413 1559 707 1603 contemnebas,
739 1572 824 1611 quae
846 1567 898 1603 te,
930 1557 1061 1610 praedo
1081 1556 1352 1601 amentiffime‚
1384 1555 1453 1594 nifi
1474 1555 1610 1609 praedae
1635 1569 1678 1593 ac
1699 1555 1804 1607 rapi-

416 1639 567 1670 narum,
589 1625 784 1677 cupiditas
807 1634 887 1662 tam
907 1638 1007 1663 caeca
1027 1624 1228 1676 rapiebat?

472 1691 569 1729 Non
589 1690 642 1729 est
663 1691 864 1742 integrum
886 1690 964 1728 Cn.
988 1689 1180 1742 Pompeio
1201 1689 1363 1727 confilio
1378 1690 1462 1741 jam
1483 1689 1542 1727 uti
1565 1697 1648 1727 tuo.
1685 1689 1806 1726 Erra-

416 1757 471 1795 vit
502 1757 626 1794 enim.
664 1756 760 1793 Non
792 1755 959 1806 gustarat
991 1755 1102 1792 istam
1136 1764 1243 1792 tuam
1275 1754 1583 1807 philosophiam.
1616 1756 1697 1793 Ter
1722 1755 1807 1807 jam

416 1823 537 1877 homo
554 1821 692 1858 stultus
711 1819 986 1871 triumphavit.
1005 1819 1146 1864 Craffe,
1165 1819 1286 1871 pudet
1303 1833 1366 1857 me
1383 1821 1456 1858 tui.
1474 1821 1583 1872 Qid
1600 1821 1666 1865 est,
1682 1820 1805 1872 quod,

416 1887 596 1926 confeEtO
627 1885 984 1923 formidolofiffimo
1017 1885 1136 1929 bello,
1169 1898 1354 1923 coronam
1386 1885 1497 1923 illam
1529 1886 1699 1923 lauream
1732 1886 1807 1923 tibi

416 1964 618 2006 tantopere
650 1952 806 1990 decerni
838 1952 1007 1990 volueris
1029 1948 1060 1989 'a
1092 1951 1255 1989 senatu?
1288 1952 1333 1990 P.
1362 1952 1514 1997 Servili,
1546 1952 1804 2003 QMetelle,

418 2022 467 2058 C.
491 2020 629 2064 Curio,
657 2018 702 2056 P.
726 2016 926 2062 Africane,
950 2031 1020 2055 cur
1040 2031 1117 2055 non
1140 2016 1248 2055 hunc
1269 2017 1426 2055 audistis
1449 2027 1528 2055 tam
1549 2018 1710 2056 doctum
1730 2018 1806 2056 ho-

418 2087 567 2126 minem
583 2114 593 2129 ,
626 2093 705 2122 tam
725 2083 924 2122 eruditum
940 2113 950 2128 ,
982 2083 1089 2136 prius
1111 2097 1230 2136 quarn
1251 2083 1291 2121 in
1314 2083 1430 2122 istum
1451 2097 1620 2122 errorem
1641 2084 1806 2122 induce-

419 2151 590 2191 remini?
624 2151 672 2187 C.
698 2149 766 2201 ipsi
800 2150 997 2193 Pontino,
1030 2149 1234 2187 necessario
1265 2162 1380 2194 me0,
1407 2150 1489 2201 jam
1520 2163 1598 2187 non
1624 2149 1676 2186 est
1699 2151 1806 2187 inte-

418 2229 556 2268 grum:
582 2214 839 2266 religionibus
856 2215 962 2252 enim
984 2214 1168 2267 susceptis
1191 2215 1418 2267 impeditur.
1441 2216 1476 2252 Ο
1495 2215 1631 2253 stultos
1655 2215 1807 2253 Camil-

421 2283 493 2327 los,
517 2281 674 2324 Curios,
700 2280 916 2324 Fabricios,
941 2280 1156 2325 Calatinos,
1181 2281 1396 2333 Scipiones,
1421 2281 1649 2326 Marcellos,
1672 2282 1807 2320 Maxi-

421 2362 504 2386 mos
523 2347 529 2384 !
556 2349 591 2384 Ο
614 2355 810 2384 amentem
832 2346 999 2384 Paulum
1020 2346 1026 2383 Σ
1052 2346 1240 2384 rusticum
1262 2347 1438 2385 Marium
1456 2347 1462 2385 !
1489 2348 1637 2386 nullius
1658 2348 1810 2386 confilii

423 2425 544 2468 patres
566 2413 726 2451 istorum
748 2413 956 2450 amborum
976 2413 1198 2458 consulum,
1231 2414 1299 2466 qui
1321 2413 1617 2466 triumpharunt
1636 2414 1643 2451 !

478 2479 607 2518 XXV.
643 2479 729 2523 Sed,
762 2479 948 2531 quoniam
980 2479 1172 2531 praeterita
1197 2488 1346 2517 mutare
1368 2493 1444 2518 non
1468 2480 1681 2533 possumus,
1713 2479 1810 2531 quid:
