2076 2860
724 173 873 210 PRO
934 170 1275 213 MILONE.
1626 182 1696 207 201

298 276 437 329 gloria,
461 289 548 328 quae
568 273 747 326 quotidie
768 273 984 324 augebatur
1005 271 1232 323 frangendis
1255 269 1455 308 furoribus
1480 268 1701 313 Clodianis,

292 345 375 396 jam
409 352 535 380 morte
569 340 704 378 Clodii
736 339 894 378 cecidit.
928 339 1010 376 Vos
1043 338 1175 390 adepti
1207 337 1309 382 estis,
1342 351 1390 374 ne
1421 350 1541 389 quem
1572 336 1702 374 civem

299 408 525 446 metueretis
543 422 551 444 :
584 405 651 443 1116
673 406 998 444 exercitationem
1019 404 1193 448 virtutis,
1216 403 1536 455 suffragationem
1556 401 1701 439 consu—

297 474 420 518 latus,
452 472 608 511 fontem
629 486 842 524 perennem
863 471 998 523 gloriae
1020 471 1118 514 suae,
1150 469 1336 522 perdidit.
1372 470 1509 521 Itaque
1530 468 1700 505 Milonis

297 540 544 584 consulatus,
577 539 667 592 qui,
700 540 790 576 vivo
824 538 984 582 Clodio,
1017 535 1240 575 labefa<5h1ri
1274 550 1353 574 non
1386 544 1558 588 poterat,
1591 547 1701 572 rnor—

299 616 366 644 tuo
388 606 558 658 denique
580 606 720 643 tentari
742 613 895 657 coeptus
918 603 984 641 est.
1005 603 1101 641 Non
1123 602 1243 640 modo
1264 602 1387 654 igitur
1407 599 1509 638 nihil
1532 599 1698 652 prodest,

298 672 359 710 sed
382 672 490 710 obest
510 672 644 716 etiam,
678 671 723 708 P.
749 670 885 709 Clodii
905 683 1011 707 mors
1034 668 1200 706 Miloni.

353 739 409 776 At
430 738 553 776 valuit
574 736 726 781 odium,
758 735 855 774 fecit
876 736 1011 779 iratus,
1044 733 1140 772 fecit
1160 733 1364 777 inimicuS‚
1397 731 1475 770 fuit
1504 732 1608 770 ultor
1636 734 1700 770 in·-

292 804 432 855 juriae,
466 803 629 855 punitor
661 802 808 839 doloris
842 801 914 839 sui.
948 799 1085 852 Qid,
1117 799 1144 836 fi
1176 797 1286 842 haec,
1320 811 1399 835 non
1432 797 1522 835 dico
1554 798 1702 848 majora

298 868 461 907 fuerunt
482 870 523 906 in
545 867 706 912 Clodio,
733 879 854 919 quam
875 867 915 904 in
938 865 1110 909 Milone,
1143 863 1207 902 sed
1227 864 1268 901 in
1290 863 1361 901 illo
1383 864 1569 907 maxima,
1593 863 1703 900 nulla

297 935 339 973 in
361 934 463 972 hoc?
482 933 579 986 quid
596 933 716 971 vultis
733 932 928 985 amplius?
949 931 1059 982 Qid
1080 930 1188 968 enim
1209 929 1346 968 odiffet
1363 929 1554 968 Clodium
1576 929 1698 973 Milo,

297 1001 468 1053 segetem
500 1014 543 1037 ac
576 999 780 1036 materiam
812 998 886 1036 suae
918 997 1076 1050 gloriae,
1109 1006 1248 1050 praeter
1278 996 1356 1034 1106
1388 996 1504 1034 civile
1537 995 1699 1039 odium,

297 1081 378 1119 quo
399 1079 536 1104 omnes
559 1064 762 1117 improbos
784 1063 942 1101 odimus
962 1064 975 1101 ?
1000 1062 1072 1101 Ille
1093 1072 1173 1100 erat
1194 1072 1238 1100 ut
1258 1061 1410 1107 odisset,
1434 1062 1610 1115 primum
1631 1061 1700 1099 de-

295 1134 491 1173 fensorem
521 1133 655 1171 salutis
687 1146 784 1171 meae
801 1151 813 1177 5
847 1131 989 1170 deinde
1017 1140 1242 1169 vexatorem
1271 1129 1431 1175 furoris,
1463 1129 1703 1168 domitorem

296 1215 498 1240 armorum
531 1200 692 1238 suorum
710 1219 720 1245 3
754 1199 950 1253 postremo
985 1199 1104 1237 etiam
1139 1197 1403 1236 accusatorem
1438 1197 1552 1235 suum
1571 1212 1580 1235 :
1614 1211 1700 1235 reus

295 1268 404 1306 enim
437 1266 629 1311 Milonis,
661 1266 747 1318 lege
780 1266 929 1310 Plotia,
961 1263 1041 1303 fuit
1074 1263 1264 1309 Clodius,
1296 1263 1426 1316 quoad
1459 1262 1573 1301 vixit.
1607 1263 1702 1314 Qo

298 1333 458 1372 tandem
479 1334 613 1371 animo
632 1331 710 1370 hoc
733 1342 946 1384 tyrannum
966 1330 1094 1370 tulisse
1114 1330 1274 1369 creditis
1295 1332 1307 1369 ?
1340 1339 1536 1383 quantum
1562 1329 1701 1368 odium

297 1401 423 1445 illius,
454 1409 508 1444 et,
540 1400 581 1437 in
602 1398 766 1437 homine
787 1399 946 1451 injusto,
979 1411 1099 1451 quam
1119 1398 1239 1436 etiam
1254 1397 1407 1450 justum
1427 1398 1439 1434 ?

354 1467 470 1505 XIV.
504 1465 726 1518 Reliquum
746 1464 813 1510 est,
834 1474 878 1503 ut
893 1466 977 1517 jam
998 1464 1115 1502 illum
1138 1472 1275 1501 natura
1295 1463 1413 1516 ipsius
1434 1461 1698 1503 consuetudo-

296 1547 374 1586 que
395 1531 593 1576 defendat,
616 1531 724 1569 hunc
746 1541 878 1569 autem
900 1530 983 1568 haec
1004 1530 1139 1568 eadem
1156 1539 1391 1581 coarguant:
1415 1528 1517 1566 nihil
1534 1541 1603 1580 per
1618 1529 1702 1566 vim

298 1611 476 1651 unquam
497 1597 664 1635 Clodius
678 1625 689 1641 ‚
721 1597 856 1633 omnia
877 1608 943 1647 per
965 1595 1047 1632 vim
1069 1594 1191 1632 Milo.
1224 1594 1335 1645 Qid
1356 1607 1449 1645 ergo
1464 1622 1474 1638 ,
1507 1592 1667 1643 Judices
1685 1594 1698 1631 ?

297 1678 392 1706 cum
411 1662 673 1702 moerentibus
694 1661 806 1700 vobis
829 1661 925 1699 urbe
945 1659 1048 1704 66111,
1066 1659 1319 1712 judiciumne
1341 1658 1458 1697 timui
1478 1660 1490 1695 ?
1519 1672 1598 1696 11011
1620 1658 1699 1696 ser-

298 1744 383 1777 vos,
415 1744 495 1769 non
517 1742 636 1774 arma,
669 1742 748 1766 non
769 1728 852 1766 vim
872 1728 885 1765 ?
918 1728 1018 1778 Qae
1038 1725 1169 1764 fuiffet
1198 1726 1321 1778 igitur
1341 1725 1452 1763 causa
1473 1724 1699 1763 restituendi

298 1798 392 1842 mei,
419 1796 489 1834 nifi
511 1796 545 1834 ei
565 1794 697 1833 fuiffet
717 1793 859 1846 injusta
878 1792 1063 1844 ejiciendi
1082 1793 1094 1829 ?
1128 1792 1249 1829 Diem
1273 1790 1389 1836 mihi,
1421 1790 1553 1836 credo,
1585 1791 1697 1829 dixe-

295 1873 380 1901 rat:
413 1861 585 1900 multam
605 1861 819 1912 irrogarat:
852 1859 1046 1896 actionem
1068 1857 1351 1910 perduellionis
1379 1856 1627 1895 intenderat:
1661 1866 1699 1895 et

297 1927 414 1973 mihi,
446 1927 623 1979 Judices,
655 1927 697 1964 in
718 1925 828 1964 causa
848 1933 915 1963 aut
936 1923 1056 1962 vestra
1074 1924 1191 1969 mala,
1223 1933 1291 1962 aut
1319 1936 1405 1961 mea
1434 1936 1504 1961 nec
1534 1923 1697 1975 praecla-

296 1994 458 2039 riffima,
490 1994 609 2031 etiam
633 1992 836 2045 judicium
864 1990 1090 2029 timendum
1119 1989 1212 2028 fuit.
1247 1990 1476 2034 Servorum,
1508 1998 1546 2027 et
1576 2002 1694 2041 egen-

295 2061 399 2098 tium
419 2060 590 2104 civium,
622 2068 661 2096 et
681 2057 992 2096 facinorosorum
1014 2056 1131 2094 armis
1158 2069 1266 2094 meos
1289 2056 1391 2093 cives
1405 2084 1415 2100 ‚
1449 2055 1546 2093 meis
1568 2055 1697 2093 confi-

297 2126 361 2164 liis
382 2125 646 2179 periculisque
666 2124 849 2169 servatos,
881 2137 952 2176 pro
973 2137 1036 2161 me
1057 2123 1180 2175 objici
1201 2123 1327 2160 1101111.

352 2192 449 2230 Vidi
469 2192 577 2230 enim
593 2220 602 2234 ‚
634 2190 715 2229 vidi
736 2190 844 2229 hunc
865 2190 995 2243 ipsum
1017 2190 1355 2242 QHortenfium
1370 2219 1381 2234 ,
1414 2189 1549 2227 lumen
1571 2198 1609 2227 et
1630 2202 1694 2227 or-

300 2268 530 2296 namentum
566 2257 792 2310 reipublicae
808 2287 819 2303 ‚
851 2271 950 2310 pene
985 2257 1155 2296 interfici
1191 2257 1388 2295 servorum
1424 2269 1543 2293 manu
1559 2285 1569 2299 ,
1603 2269 1695 2294 cum

300 2323 402 2362 mihi
423 2323 562 2362 adeffet
581 2338 589 2361 ι
623 2337 700 2376 qua
719 2324 761 2362 in
783 2324 898 2362 turba
919 2325 967 2363 C.
992 2324 1202 2368 Vibienus,
1237 2323 1400 2367 senator,
1424 2323 1482 2360 vir
1502 2322 1694 2374 optimus,

299 2404 393 2429 cum
412 2388 490 2428 hoc
510 2402 604 2427 cum
633 2389 723 2428 effet
753 2404 843 2436 una,
875 2392 929 2429 ita
957 2390 1010 2428 est
1039 2391 1251 2435 mulcatus,
1285 2399 1328 2427 ut
1357 2390 1478 2427 vitam
1509 2387 1692 2426 amiserit.

300 2459 438 2510 Itaque
459 2456 617 2509 quando
636 2457 745 2496 illius
766 2457 896 2510 postea
915 2458 989 2497 fica
1009 2458 1089 2503 illa,
1113 2471 1232 2510 quam
1253 2471 1273 2495 a
1289 2456 1462 2494 Catilina
1482 2463 1694 2507 acceperat,

385 2524 460 2561 To
476 2535 528 2561 M.
561 2522 635 2561 VI.
1311 2522 1343 2558 C
1375 2534 1395 2557 c
