2076 2860
489 180 566 206 270
968 163 1417 200 ORATIO

515 205 525 220 l

487 268 705 306 exercitum
727 280 817 304 eum
839 273 975 302 contra
997 271 1033 300 te
1053 276 1245 315 magnum
1266 262 1513 316 comparaffe.
1540 264 1603 302 De
1623 264 1799 303 exercitu
1820 265 1884 304 di-

487 350 574 373 cam
596 335 788 377 breviter,
822 341 864 369 ut
885 340 1034 369 caetera.
1084 331 1304 381 Nunquam
1332 343 1393 368 eas
1415 331 1545 383 copias
1575 345 1642 370 rex
1671 332 1885 384 Dejotarus

486 402 641 446 habuit,
660 399 804 452 quibuS
827 396 970 435 inferre
992 396 1143 434 bellum
1166 397 1314 449 populo
1333 397 1515 434 Romano
1536 398 1683 449 poffet5
1707 398 1770 436 sed
1792 399 1884 451 qui-

487 469 558 506 bus
582 468 676 505 fines
699 465 785 503 suos
808 464 854 501 ab
876 463 1172 501 excursionibus
1192 462 1367 501 hostium
1388 473 1426 501 et
1446 464 1663 503 latrociniis
1687 474 1883 511 tueretur,

485 545 523 574 et
544 532 846 587 imperatoribus
869 530 1006 568 nostris
1028 530 1174 568 auxilia
1194 531 1383 568 mitteret.
1429 531 1563 583 Atque
1592 540 1703 569 antea
1722 532 1886 584 quidem

485 603 650 654 majores
672 600 802 652 copias
824 598 923 636 aiere
944 605 1122 649 poterat:
1156 610 1262 634 nunc
1284 598 1443 648 exiguas
1466 597 1531 634 vix
1554 598 1654 635 tueri
1675 597 1815 651 potest.

541 670 597 706 At
618 667 722 705 misit
743 665 789 703 ad
812 665 983 703 Caelium
1004 662 1133 701 nescio
1154 677 1300 716 quem3
1330 663 1392 700 sed
1413 677 1492 707 e03‚
1515 677 1613 715 quos
1635 664 1754 710 mifit,
1777 663 1887 718 quod

483 735 539 772 ire
562 735 790 777 noluerunt,
814 732 853 769 in
876 730 1034 768 vincula
1054 730 1240 782 conjecit.
1267 730 1361 767 Non
1385 743 1515 782 quaero
1536 745 1655 782 quam
1676 731 1886 769 verifimile

486 801 545 845 fit,
568 809 634 838 aut
656 813 734 837 non
755 797 929 836 habuiffe
951 810 1098 848 regem,
1130 809 1229 849 quos
1252 797 1453 840 mitterem
1486 806 1553 833 aut
1573 810 1653 842 eos,
1683 810 1782 849 quos
1804 797 1885 835 mi-

486 865 609 910 fiffet,
642 879 721 903 non
750 862 940 916 paruiffe;
974 871 1065 907 aut,
1098 863 1167 914 qui
1196 861 1301 899 dieto
1322 861 1523 899 audientes
1552 862 1592 899 in
1616 871 1722 900 tanta
1746 876 1786 900 re
1806 876 1888 901 non

486 932 667 978 fuissent,
700 945 764 969 eos
786 931 936 969 vinctos
958 930 1090 982 potius
1107 958 1118 974 ‚
1151 942 1271 981 quam
1293 939 1449 967 necatos
1471 928 1597 968 fuiffe.
1632 929 1704 967 Sed
1726 939 1856 968 tamen
1872 958 1883 974 ,

486 1013 580 1037 cum
600 999 647 1037 ad
669 998 839 1037 Caelium
861 997 1060 1041 mittebat,
1080 1005 1214 1034 utrum
1231 995 1385 1033 causam
1406 995 1516 1033 illam
1537 996 1681 1034 vietam
1702 996 1775 1034 effe
1795 996 1884 1034 nes-

485 1066 639 1110 ciebat,
672 1079 718 1103 an
749 1064 919 1102 Caelium
947 1062 1065 1101 istum
1087 1076 1277 1114 magnum
1308 1061 1514 1100 hominem
1536 1063 1731 1114 putabat?
1764 1076 1885 1115 quem

486 1132 661 1185 profecto
684 1132 730 1177 is,
762 1132 831 1184 qui
853 1130 1003 1182 optime
1024 1128 1173 1166 nostros
1195 1127 1377 1166 homines
1400 1129 1524 1173 novit,
1552 1129 1612 1166 vel
1634 1129 1727 1181 quia
1747 1128 1884 1174 noffet,

486 1200 546 1237 vel
569 1200 661 1252 quia
682 1212 760 1236 non
784 1197 905 1235 nosset
920 1227 930 1241 ‚
962 1204 1249 1234 contemneret.
1282 1194 1451 1233 Addidit
1472 1195 1590 1233 etiam
1612 1196 1736 1241 illud,
1769 1196 1884 1248 equi-

487 1276 543 1305 tes
566 1280 645 1304 non
665 1266 839 1319 optimos
860 1263 1013 1302 mififfe.
1037 1264 1214 1307 Veteres,
1237 1261 1368 1307 cred0‚
1393 1262 1540 1300 Caesar:
1574 1261 1677 1300 nihil
1699 1262 1747 1299 ad
1768 1272 1887 1302 tuum

485 1333 709 1386 equitatum
729 1347 737 1370 :
771 1330 835 1369 sed
856 1330 961 1368 mis1t
981 1343 1029 1367 ex
1051 1329 1097 1366 iis
1111 1358 1122 1373 ,
1155 1342 1253 1380 quos
1274 1327 1436 1373 habuit,
1471 1327 1629 1366 eleetos.
1663 1328 1735 1366 Ait
1755 1328 1887 1367 nescio

483 1414 606 1452 quem
627 1413 675 1438 ex
695 1413 741 1436 eo
770 1410 961 1441 numero,
994 1395 1147 1433 servum
1171 1393 1413 1447 judicatum.
1458 1395 1555 1433 Non
1576 1394 1771 1433 arbitror:
1805 1409 1887 1434 non

485 1466 644 1504 audivi:
679 1465 741 1503 sed
771 1465 812 1503 in
841 1477 913 1508 eo,
945 1463 1065 1501 etiam
1095 1462 1121 1500 fi
1151 1460 1374 1506 accidisset,
1406 1460 1566 1513 culpam
1599 1462 1700 1514 regis
1732 1461 1887 1500 nullam

485 1531 598 1570 fuifl‘e
617 1532 837 1570 arbitrarer.

541 1600 616 1639 IX.
649 1598 794 1636 Alieno
826 1606 958 1634 autem
990 1609 1010 1633 a
1043 1603 1081 1632 te
1112 1594 1245 1633 animo
1276 1593 1370 1632 fuit.
1403 1593 1652 1646 Qomodo?
1685 1593 1887 1646 Spei-avit,

484 1665 626 1711 credo,
659 1664 840 1702 difficiles
872 1663 947 1701 tibi
976 1661 1226 1700 Alexandriae
1256 1661 1340 1699 fore
1369 1661 1498 1699 exitus
1529 1669 1689 1714 propter
1714 1660 1886 1713 regionis

485 1742 690 1777 naturam,
723 1740 761 1769 et
784 1729 976 1768 fluminis.
1020 1729 1077 1766 At
1106 1742 1152 1766 eo
1183 1727 1267 1781 ipso
1298 1736 1475 1781 tempore
1504 1727 1715 1781 pecuniam
1745 1726 1883 1773 dedit;

485 1799 705 1836 exercitum
726 1797 853 1840 aluit;
876 1796 926 1840 ei,
950 1808 1070 1846 quem
1092 1794 1191 1832 Afiae
1212 1793 1454 1846 praefeceras,
1478 1794 1588 1832 nulla
1607 1794 1648 1831 in
1670 1808 1710 1832 re
1731 1791 1883 1839 defuit;

486 1864 561 1902 tibi
582 1863 720 1901 victori
741 1876 820 1900 non
842 1861 969 1899 solum
990 1860 1038 1897 ad
1058 1858 1278 1912 hospitium
1294 1888 1305 1904 ,
1337 1859 1400 1896 sed
1425 1858 1473 1896 ad
1493 1859 1719 1912 periculum
1738 1859 1857 1898 etiam
1872 1887 1884 1904 ,

484 1939 602 1983 atque
622 1929 668 1967 ad
689 1929 813 1967 aciem
829 1958 839 1973 ,
872 1925 1008 1979 praesto
1028 1925 1132 1964 fuit.-
1167 1926 1355 1963 Secutum
1380 1925 1433 1962 est
1455 1924 1608 1963 bellurn
1629 1924 1882 1964 Africanum.

486 1999 635 2035 Graves
657 1996 703 2033 de
724 2004 762 2033 te
782 2007 958 2033 rumores
980 1992 1112 2046 sparfi3
1137 1992 1207 2046 qui
1227 1992 1346 2030 etiam
1363 1991 1557 2030 furiosum
1578 1992 1696 2030 illurn
1713 1992 1885 2031 Caelium

485 2064 770 2103 excitaverunt.
794 2063 887 2114 Qo
909 2070 997 2098 tum
1017 2073 1108 2112 erga
1129 2068 1166 2097 te
1187 2073 1253 2097 rex
1274 2059 1407 2097 animo
1423 2058 1526 2097 fuit?
1549 2059 1619 2112 qui
1639 2059 1885 2098 auctionatus

487 2130 547 2176 fit,
580 2130 734 2182 seseque
754 2128 968 2181 exspoliare
990 2126 1188 2172 maluerit,
1219 2139 1338 2178 quam
1360 2125 1435 2164 tibi
1456 2126 1666 2179 pecuniam
1688 2139 1768 2164 non
1790 2126 1883 2164 sub-'

486 2196 718 2236 ministrare.
751 2195 807 2233 At
827 2208 886 2239 eo,
919 2193 1066 2245 inquit,
1096 2201 1273 2246 ternpore
1294 2192 1377 2246 ipso
1398 2192 1577 2231 Nicaeam
1599 2191 1885 2246 Ephesumque

487 2263 691 2308 mittebat,
723 2262 791 2314 qui
813 2274 988 2299 rumores
1009 2259 1220 2298 Africanos
1241 2261 1491 2312 exciperent,
1523 2269 1562 2298 et
1582 2259 1762 2298 celeriter
1781 2260 1828 2298 ad
1849 2260 1887 2299 se

488 2330 690 2369 referrent.
715 2330 867 2382 Itaque,
885 2341 979 2366 curn
999 2326 1090 2366 effet
1105 2327 1142 2365 ei
1162 2328 1406 2373 nuntiatum,
1429 2328 1661 2366 Domitium
1680 2326 1887 2380 naufragio

487 2396 638 2449 periiffe
653 2425 665 2442 ,
697 2405 734 2434 te
764 2396 804 2433 in
826 2394 983 2433 castello
1003 2393 1270 2432 circumsideri
1288 2412 1298 2439 3
1331 2392 1379 2431 de
1401 2393 1586 2432 Domitio
1607 2393 1710 2432 dixit
1730 2393 1884 2433 versum

491 2466 678 2504 Graecum
706 2462 842 2502 eadem
870 2461 1086 2508 sententia,
1117 2474 1196 2515 qua
1217 2460 1336 2500 etiarn
1358 2473 1428 2499 nos
1449 2458 1641 2500 habemus
1662 2459 1854 2499 Latinum
1872 2471 1881 2497 ε
