2076 2860
440 186 463 223 0
915 159 1358 213 ORATIO

441 280 642 332 integritas
678 272 941 328 provincialis,
983 272 1096 322 cujus
1131 283 1202 322 ego
1239 283 1363 322 nuper
1397 269 1437 307 in
1473 268 1710 308 Nlacedonia
1742 269 1823 307 vidi

439 347 612 398 vestigia,
644 356 720 381 non
743 339 862 393 pressa
881 339 1017 376 leviter
1038 337 1084 374 ad
1112 337 1246 388 exigui
1278 336 1597 389 praedicationem
1619 337 1822 388 temporis,

440 413 503 451 sed
536 412 612 449 fixa
642 409 687 447 ad
720 406 953 445 memoriam
980 404 1087 441 illius
1114 403 1326 456 provinciae
1348 403 1639 455 sempiternam.
1674 403 1824 440 Verum

440 479 522 517 haec
544 478 596 514 ita
617 483 900 528 praetereamus,
933 479 976 508 ut
998 478 1127 508 tamen
1149 470 1346 507 intuentes
1368 479 1405 507 et
1427 469 1680 522 respectantes
1702 469 1825 506 relin-

438 555 618 597 quamus.
1719 542 1723 548 ¹

494 611 567 647 VI.
601 606 664 645 Ad
687 605 947 648 tribunatum,
980 602 1072 654 quia
1092 600 1171 654 ipse
1192 601 1238 638 ad
1260 601 1334 639 sese
1349 602 1433 653 jam
1455 601 1606 640 dudum
1628 609 1756 645 vocat,
1787 608 1826 638 et

439 672 733 729 quodammodo
760 669 938 708 absorbet
964 667 1181 706 orationem
1204 680 1347 712 meam,
1379 676 1567 706 contento
1587 667 1714 706 studio
1735 681 1828 705 cur-

440 743 562 793 suque
578 739 793 778 veniamus.
810 736 873 774 De
886 747 966 787 quo
982 733 1144 786 quidem
1161 733 1365 770 tribunatu
1381 733 1436 771 ita
1451 733 1603 772 dictum
1618 747 1639 771 a
1655 735 1826 786 QHor-

442 807 562 846 tensio
577 836 587 851 ‚
621 814 663 843 ut
692 804 774 855 ejus
802 801 925 839 oratio
953 813 1031 837 non
1053 798 1317 836 defenfionem
1338 798 1458 837 modo
1478 800 1696 837 criminum
1717 798 1830 837 vide·

442 881 547 911 retur
568 870 783 912 continere,
816 866 878 905 sed
899 866 1017 903 etiam
1039 864 1229 902 memoria
1250 863 1368 916 digna
1388 863 1492 908 esset,
1525 865 1585 902 uti
1604 872 1644 902 et
1665 863 1827 916 reipub-

442 939 527 976 licae
548 934 778 989 capeffendae
799 932 1069 970 auctoritatem
1090 929 1420 982 disciplinamque
1439 929 1718 983 praescriberet..
1754 928 1829 968 Sed

440 1013 587 1048 tamen,
618 1001 807 1055 quoniam
828 999 1049 1037 tribunatus
1072 995 1234 1049 quidem
1256 1004 1362 1034 totus
1384 996 1429 1034 P.
1454 996 1576 1034 Sextii
1598 995 1701 1034 nihil
1722 995 1830 1033 aliud

442 1071 512 1107 nisi
535 1081 679 1107 nomen
700 1079 835 1105 meum
855 1064 1087 1116 causamque
1108 1062 1303 1107 sustinuit,
1336 1061 1543 1100 necessario
1563 1061 1666 1100 mihi
1687 1061 1734 1100 de
1761 1061 1830 1100 iis-

441 1136 533 1174 dem
555 1135 668 1172 rebus
690 1132 762 1170 esse
781 1131 961 1175 arbitror,
980 1130 1006 1168 fi
1028 1142 1107 1167 non
1128 1128 1311 1166 subtilius
1333 1128 1628 1181 disputandum,
1651 1136 1689 1166 at
1709 1136 1829 1173 certe,

441 1201 618 1252 Judices,
650 1198 847 1236 dolentius
881 1195 1179 1249 deplorandum.
1213 1195 1303 1246 Qa
1330 1194 1370 1232 in
1398 1194 1573 1233 oratione
1603 1194 1629 1232 fi
1660 1193 1829 1246 asperius

442 1269 483 1305 in
505 1267 693 1320 quosdam
714 1264 894 1303 homines
917 1261 1050 1300 invehi
1072 1262 1213 1300 vellem
1228 1291 1239 1306 ,
1271 1261 1360 1313 quis
1390 1275 1468 1299 non
1497 1260 1754 1306 concederet,
1787 1268 1832 1298 ut

440 1347 522 1378 eos,
554 1345 724 1385 quorum
745 1329 897 1369 sceleris
918 1328 1049 1367 furore
1069 1327 1236 1365 violatus
1257 1327 1387 1372 effem,
1410 1327 1516 1365 vocis
1539 1327 1720 1365 libertate
1739 1339 1832 1378 per·-

442 1399 670 1450 stringerem
691 1398 702 1434 ?
736 1396 808 1434 Sed
828 1409 940 1448 agam
961 1393 1173 1438 moderate,
1204 1402 1243 1431 et
1263 1392 1383 1445 hujus
1405 1394 1537 1446 potius
1560 1392 1730 1446 tempori
1751 1391 1831 1430 ser-

442 1466 561 1510 viam,
593 1476 712 1516 quam
733 1462 859 1500 dolori
880 1474 983 1499 meo.
1025 1460 1063 1497 Si
1085 1460 1155 1512 qui
1181 1459 1338 1497 occulte
1358 1472 1380 1497 a
1399 1459 1520 1497 salute
1540 1459 1668 1497 nostra
1686 1457 1831 1496 diffen-

442 1532 564 1575 tiunt,
596 1529 739 1567 lateant
757 1543 765 1565 :
800 1528 825 1565 fi
847 1527 917 1579 qui
938 1525 1117 1564 fecerunt
1137 1525 1288 1578 aliquid
1314 1524 1541 1577 aliquando,
1571 1533 1690 1577 atque
1710 1522 1834 1562 iidem

442 1610 548 1633 nunc
580 1603 708 1632 tacent
738 1602 776 1631 et
805 1592 1027 1644 quiescunt,
1060 1604 1130 1628 nos
1158 1604 1318 1643 quoque
1340 1591 1457 1628 fimus
1479 1591 1624 1629 obliti:
1658 1590 1684 1628 s1
1705 1589 1834 1643 quise

441 1661 614 1699 offerunt
631 1659 854 1703 insolenter,
869 1667 908 1695 et
924 1656 1174 1701 insectantur,
1189 1656 1318 1708 quoad
1331 1655 1424 1694 ferri
1440 1665 1643 1708 poterunt,
1658 1654 1833 1708 perfere-

444 1740 556 1769 mus;
577 1738 702 1776 neque
724 1735 965 1775 quemquam
985 1721 1159 1759 offendet
1178 1722 1303 1758 oratio
1324 1735 1424 1766 mea,
1442 1722 1513 1759 nisi
1535 1722 1605 1774 qui
1626 1721 1662 1760 se
1684 1722 1739 1759 ita
1757 1721 1832 1760 ob-

444 1791 594 1834 tulerit,
627 1799 669 1827 ut
691 1789 730 1826 in
751 1801 843 1826 eum
866 1800 943 1825 non
965 1786 1148 1831 invasiffe,
1181 1785 1244 1823 sed
1265 1785 1480 1831 incurriffe,
1510 1787 1726 1825 videamur.
1761 1787 1834 1824 Sed

446 1856 590 1895 necesse
611 1854 663 1893 est
679 1884 688 1899 ,
720 1863 931 1906 antequam
952 1852 998 1890 de
1020 1852 1223 1890 tribunatu
1246 1852 1290 1890 P.
1316 1851 1439 1889 Sextii
1460 1851 1587 1890 dicere
1615 1852 1804 1905 incipiam
1820 1881 1832 1898 ,

445 1936 508 1960 me
531 1930 659 1959 totum
681 1919 886 1972 superioris
908 1918 999 1955 anni
1021 1917 1246 1969 reipublicae
1268 1915 1517 1969 naufragium
1537 1931 1732 1970 exponere
1750 1933 1758 1955 :
1792 1918 1833 1956 in

445 2002 526 2040 quo
546 1986 785 2039 colligendo,
808 1999 850 2022 ac
872 1983 1079 2022 reficienda
1100 1983 1220 2021 salute
1240 1984 1461 2029 communi,
1480 1984 1614 2022 omnia
1634 1984 1834 2037 reperien-

446 2064 510 2092 tur
532 2054 575 2092 P.
601 2052 721 2090 Sextii
744 2052 859 2096 dieta,
891 2050 1003 2095 fasta,
1035 2049 1208 2095 contilia,
1240 2049 1396 2088 versata.

502 2120 596 2157 VII.
631 2119 772 2156 Fuerat
797 2117 864 2154 ille
884 2129 1007 2154 annus
1030 2116 1069 2153 in
1092 2116 1319 2168 reipublicae
1340 2129 1484 2168 magno
1505 2124 1633 2161 motu,
1665 2125 1703 2154 et
1724 2116 1832 2155 mul-

447 2194 578 2222 torum
594 2185 748 2228 timore,
765 2192 950 2235 tanquam
969 2182 1142 2220 intentus
1159 2195 1270 2220 arcus
1292 2182 1332 2219 in
1355 2195 1418 2220 me
1439 2195 1580 2227 unum,
1600 2182 1697 2220 ficut
1714 2183 1835 2236 vulgo

446 2251 570 2303 ignari
594 2263 721 2287 rerum
751 2249 1040 2301 loquebantur;
1074 2262 1112 2286 re
1134 2248 1295 2300 quidem
1316 2261 1404 2286 vera
1423 2248 1463 2285 in
1487 2248 1704 2287 universam
1727 2263 1833 2287 rem-

447 2317 664 2369 publicam,
683 2314 924 2353 traduftione
939 2314 986 2352 ad
1007 2314 1164 2367 plebem
1185 2313 1391 2352 furibundi
1413 2313 1588 2353 hominis
1609 2328 1652 2353 ac
1674 2315 1832 2368 perditi,

446 2382 548 2421 mihi
585 2382 685 2427 irati,
724 2381 785 2419 sed
820 2381 948 2419 multo
983 2381 1108 2419 acrius
1143 2381 1215 2419 otii
1250 2390 1288 2419 et
1323 2381 1549 2419 communis
1585 2381 1717 2419 salutis
1754 2382 1834 2419 ini-

447 2448 557 2487 mici.
591 2449 714 2487 Hunc
736 2447 794 2485 vir
813 2447 1042 2486 clarissimus
1056 2477 1066 2493 ,
1098 2446 1303 2500 mihique,
1336 2447 1474 2487 multis
1496 2448 1832 2502 repugnantibus,
