2076 2860
671 130 1373 173 FRAGMENTA.
1640 146 1722 189 495

324 248 429 280 rum,
462 244 612 288 patrem
628 234 762 281 suum,
794 235 1061 288 Obfignaverat
1091 236 1261 282 stateras,
1291 249 1352 275 eas
1384 235 1457 275 fibi
1488 235 1722 277 inimicitias

323 315 404 339 non
425 301 632 355 susceptas,
664 302 727 340 sed
748 301 900 348 relatas,
932 302 1009 341 &c.

678 441 838 480 POST
892 453 1049 480 TREs
1103 454 1370 483 PARTES.

381 559 600 599 Praesertim
620 574 714 599 cum
743 560 1018 614 propinquitas
1049 570 1088 600 et
1117 562 1324 601 celebritas
1351 563 1431 602 loci
1462 563 1726 617 suspicionem

326 626 478 665 defidiae
500 626 628 672 tollat,
660 636 727 666 aut
747 626 991 680 cupiditatis.

849 767 1204 816 SEQUITUR.

384 885 484 923 Haec
515 897 611 922 cum
642 892 687 922 tu
717 883 889 936 effugere
921 898 1001 923 non
1035 884 1236 937 potuisses,
1268 886 1482 924 contendes
1518 895 1650 925 tamen
1685 896 1725 926 et

331 949 560 1002 postulabis,
583 959 627 988 ut
648 949 712 988 M.
730 950 918 989 AEmilius
939 965 1034 989 curn
1054 950 1120 988 sua
1140 950 1331 1003 dignitate
1351 953 1478 997 omni,
1496 966 1589 990 curn
1607 954 1726 1005 patris

330 1015 536 1060 memoria,
568 1029 662 1054 cum
696 1016 755 1053 avi
790 1016 929 1067 gloria,
961 1016 1241 1062 sordidiffimae,
1273 1016 1485 1064 leviflimae,
1517 1019 1727 1058 vaniffimae

328 1082 454 1133 genti,
485 1093 544 1127 ac,
575 1095 698 1135 prope
718 1080 862 1127 dicam,
893 1082 1043 1134 pellitis
1066 1081 1243 1128 testibus,
1275 1085 1555 1122 condonetur?

610 1232 789 1269 VERs.
838 1244 868 1269 A
916 1243 1278 1270 NOV1SSIMO
1326 1245 1448 1272 CLX.

390 1349 581 1402 Undique
615 1348 717 1387 mihi
752 1348 999 1402 suppeditat,
1044 1348 1151 1401 quod
1186 1363 1258 1403 pro
1292 1350 1357 1390 Μ.
1396 1352 1538 1391 Scauro
1573 1352 1730 1398 dicam,

334 1429 575 1468 quocunque
610 1429 690 1454 non
725 1414 844 1454 modo
879 1429 1005 1460 mens,
1036 1428 1175 1453 verum
1210 1416 1328 1455 etiam
1363 1419 1471 1456 oculi
1502 1418 1731 1458 inciderint.

336 1482 458 1520 Curia
489 1481 556 1519 illa
587 1481 635 1519 de
665 1482 886 1534 gravissimo
913 1482 1138 1534 principatu
1162 1483 1282 1535 patris
1304 1481 1595 1538 fortiffimoque
1616 1484 1731 1523 testa-

336 1556 416 1585 tur.
464 1548 513 1585 L.
551 1547 631 1599 ipse
666 1547 884 1593 Metellus,
921 1561 1012 1586 avus
1047 1547 1194 1600 hujus,
1230 1548 1481 1588 sanetiffimos
1519 1552 1625 1589 Deos
1661 1551 1732 1588 illo

339 1612 577 1651 constituiffe
611 1613 654 1650 in
684 1613 834 1666 templo
867 1613 1035 1658 videtur,
1068 1614 1110 1650 in
1144 1613 1270 1652 vestro
1300 1616 1525 1668 conspedffl,
1556 1616 1733 1668 Judice8‚

339 1688 383 1717 ut
404 1678 568 1717 salutem
588 1692 609 1716 a
628 1679 739 1717 vobis
762 1679 915 1732 nepotis
938 1679 995 1717 sui
1017 1679 1334 1732 deprecarentur.

755 1961 875 1999 PRo
925 1962 977 1999 A.
1021 1961 1332 1999 GABINIO.

399 2079 542 2119 Hmn.
574 2081 683 2134 Apol.
706 2080 878 2135 advetfics
897 2080 1105 2134 Rufinum]
1138 2083 1226 2135 Ego
1255 2095 1350 2121 cum
1378 2096 1516 2122 omnes
1543 2084 1735 2123 amicitias

345 2146 507 2185 tuendas
530 2147 681 2200 semper
700 2149 834 2201 putavi
855 2149 1007 2187 summa
1026 2149 1217 2201 religione
1235 2158 1275 2188 et
1296 2150 1386 2195 fide,
1420 2159 1506 2189 tum
1527 2165 1587 2190 eas
1608 2152 1738 2189 maxi-

347 2226 426 2257 me,
458 2227 544 2265 quae
565 2214 684 2252 essent
704 2228 752 2253 ex
773 2216 996 2254 inimicitiis
1018 2225 1205 2255 revocatae
1237 2217 1278 2254 in
1311 2218 1475 2269 gratiam
1496 2233 1504 2256 z
1537 2227 1742 2271 propterea

348 2279 455 2332 quod
487 2280 650 2332 integris
683 2282 869 2321 amicitiis
900 2283 1079 2321 officium
1114 2284 1413 2337 praetermiffum
1447 2285 1738 2337 imprudentiae,

348 2346 430 2390 vel,
464 2355 507 2383 ut
541 2347 695 2398 gravius
732 2349 1048 2401 interpretemur,
1080 2351 1355 2403 negligentiae,
1387 2351 1634 2389 excusatione
1669 2350 1738 2387 de-

349 2410 552 2451 fenditur:
587 2412 672 2465 post
691 2414 864 2454 reditum
884 2416 926 2454 in
947 2415 1113 2469 gratiam
1137 2417 1164 2455 fi
1191 2416 1288 2470 quid
1318 2416 1371 2455 est
1403 2416 1667 2462 commissum,
1698 2413 1739 2453 id
