2076 2860
519 168 654 207 PRO
716 169 765 206 L.
828 167 1041 205 CORN.
1104 167 1350 205 BALBO.
1568 182 1641 219 141

241 261 441 308 inaudita,
473 262 557 301 fore
578 263 673 301 huic
695 272 739 301 ut
759 263 807 300 ab
836 263 907 300 1110
928 262 1153 315 periculum
1175 272 1369 300 crearetur
1384 291 1394 308 ,
1427 261 1646 314 graviffima

240 339 328 367 tum
349 330 390 367 in
411 329 529 367 istum
551 330 680 368 civem
701 330 816 367 suum
838 329 1029 368 Gaditani
1049 329 1409 367 senatus-consulta
1429 328 1624 366 fecerunt.

297 396 435 434 Potuit
456 397 581 448 magis
603 396 751 434 fundus
773 397 945 449 populus
969 396 1190 434 Gaditanus
1212 396 1312 442 fieri,
1338 396 1546 448 (quoniam
1568 395 1646 434 hoc

240 476 479 515 magnopere
507 463 697 501 delee'tare
728 463 866 514 verbo)
900 463 925 501 fi
959 473 1048 501 tum
1078 463 1124 501 fit
1155 462 1319 508 fundus,
1352 476 1446 501 cum
1478 463 1574 501 scita
1602 476 1646 500 ac

234 529 336 581 juffa
366 528 494 567 nostra
524 529 590 568 sua
624 530 815 568 sententia
849 530 1109 583 comprobat,
1141 543 1262 582 quam
1297 543 1391 567 cum
1425 528 1647 581 hospitium

239 594 352 641 fecit,
383 605 426 633 ut
445 605 484 634 et
505 597 663 634 civitate
684 596 802 634 illum
823 606 1024 634 mutatum
1044 595 1117 634 effe
1137 595 1340 641 fateretur,
1362 605 1401 634 et
1415 596 1482 648 jus
1505 596 1646 633 civita-

241 663 291 700 tis
312 662 464 701 honore
493 663 766 715 digniffimum
791 664 1020 716 judicaret?
1053 663 1201 700 Potuit.
1221 663 1366 700 certius
1397 662 1647 715 interponere

235 728 438 780 judicium
459 729 673 767 voluntatis
696 729 770 767 suae
785 759 796 774 ‚
828 743 949 781 quam
979 742 1073 767 cum
1097 728 1218 766 etiam
1239 727 1503 766 accusatorem
1525 727 1645 780 hujus

242 794 369 832 multa
389 803 427 832 et
447 808 564 847 poena
584 795 770 832 multavit
789 796 802 832 ?
836 795 973 832 Potuit
1003 794 1128 846 magis
1160 793 1208 831 de
1234 807 1273 831 re
1288 793 1467 846 judicare
1482 823 1493 838 ,
1526 808 1647 846 quam

241 874 337 898 cum
357 859 404 898 ad
424 860 594 898 vestrum
609 860 812 913 judicium
832 860 936 898 cives
958 859 1216 912 ampliffimos
1238 859 1398 912 legavit,
1431 859 1542 897 testes
1568 859 1647 898 hu-

238 926 305 979 jus
320 927 437 978 juris,
469 926 558 964 vitae
583 926 816 971 laudatores,
847 927 1017 978 periculi
1039 926 1337 978 deprecatores?
1371 926 1535 964 Etenim
1558 927 1646 978 quis

243 992 296 1031 est
318 1002 397 1030 tam
419 992 580 1031 demens
596 1022 606 1038 ,
639 993 738 1046 quin
760 993 899 1030 sentiat
914 1022 924 1038 ‚
952 994 1018 1045 jus
1046 992 1124 1030 1106
1147 993 1356 1031 Gaditanis
1378 992 1450 1030 effe
1471 993 1645 1030 retinen-

243 1059 340 1096 dum
356 1088 366 1104 ,
399 1073 447 1097 ne
474 1059 734 1112 interseptum
756 1060 801 1097 s1t
822 1060 869 1097 iis
892 1060 966 1097 iter
986 1069 1177 1112 perpetuo
1197 1059 1245 1097 ad
1264 1058 1342 1097 hoc
1363 1059 1650 1112 ampliflimum

243 1126 454 1178 praemium
475 1126 645 1164 civitatis
665 1141 673 1164 ε
707 1135 745 1164 et
767 1139 1004 1178 magnopere
1029 1126 1077 1163 iis
1099 1125 1172 1164 effe
1191 1125 1424 1170 laetandum,
1454 1125 1573 1178 hujus
1596 1126 1645 1164 L.

246 1192 425 1230 Cornelii
446 1192 762 1232 benevolentiam
783 1206 874 1245 erga
895 1193 982 1230 suos
1004 1206 1201 1230 remanere
1224 1192 1405 1230 Gadibus
1420 1211 1431 1237 3
1465 1192 1653 1244 gratiam}

245 1266 284 1295 et
305 1256 535 1295 facultatem
555 1257 879 1302 commendandi,
903 1258 942 1294 in
965 1257 1038 1295 hac
1059 1258 1218 1295 civitate
1238 1257 1402 1295 versari?
1422 1258 1524 1308 Qis
1541 1258 1651 1295 enim

246 1323 423 1362 nostrum
444 1322 511 1369 est,
534 1324 599 1362 cui
621 1338 699 1362 non
722 1324 790 1362 illa
810 1324 947 1362 civitas
970 1323 1015 1362 fit
1035 1322 1155 1377 hujus
1177 1323 1319 1368 studio,
1343 1337 1450 1369 cura,
1474 1323 1648 1376 diligen-

246 1391 314 1439 tia,
346 1390 692 1430 commendatior?

301 1459 416 1497 XIX.
451 1459 613 1497 Omitto
632 1460 789 1513 quantit:
811 1460 1052 1498 ornamentis
1073 1459 1270 1512 populum
1291 1458 1410 1496 istum
1433 1460 1481 1497 C.
1508 1459 1650 1503 Caesar,

244 1538 341 1564 cum
369 1525 460 1563 esset
490 1525 531 1563 in
562 1526 756 1578 Hispania
786 1535 941 1578 praetor‚
972 1525 1160 1570 affecerit,
1194 1525 1471 1562 controverfias
1495 1525 1648 1568 sedarit,

241 1593 331 1643 jura
346 1591 521 1643 ipsorum
538 1592 723 1643 permiffu
740 1592 927 1636 statuerit,
947 1592 1201 1629 inveteratam
1215 1591 1416 1642 quondam
1432 1590 1650 1628 barbariam

247 1671 296 1695 ex
318 1656 608 1695 Gaditanorum
629 1657 807 1695 moribus
829 1656 1116 1709 disciplinaque
1136 1656 1297 1701 delerit,
1329 1656 1482 1694 summa
1502 1657 1543 1693 in
1565 1670 1649 1694 eam

247 1724 466 1769 civitatem,
498 1722 617 1776 hujus
639 1732 792 1776 rogam,
824 1723 950 1761 studia
969 1733 1008 1760 et
1029 1723 1220 1761 beneficia
1240 1723 1469 1761 contulerit.
1515 1723 1653 1760 Multa

247 1799 447 1843 praetereo‚
466 1804 552 1842 quae
574 1790 752 1842 quotidie
773 1789 905 1826 labore
925 1787 1045 1840 hujus
1067 1797 1106 1826 et
1126 1788 1270 1834 studio,
1291 1798 1358 1826 aut
1379 1789 1561 1833 omnino,
1584 1798 1652 1826 aut

247 1864 352 1894 certe
372 1855 545 1900 facilius,
567 1855 877 1908 consequuntur.
912 1855 1049 1906 Itaque
1070 1863 1109 1892 et
1129 1853 1268 1892 adsunt
1288 1854 1487 1906 principes
1509 1854 1650 1891 civita-

248 1923 314 1968 tis,
337 1931 376 1960 et
396 1921 639 1960 defendunt:
673 1935 819 1966 amore,
843 1930 886 1959 ut
907 1921 1022 1959 suum
1044 1921 1197 1965 civem5
1231 1920 1471 1965 testimonio,
1496 1930 1539 1958 ut
1560 1920 1650 1958 nos-

250 1997 383 2034 trum3
415 1988 548 2026 officio
563 2018 574 2034 ,
607 1998 651 2026 ut
680 2002 728 2026 ex
759 1987 1003 2026 nobiliffimo
1021 1987 1099 2025 civi
1121 1987 1400 2025 sane‘tiffimum
1421 1986 1618 2039 hospitem
1637 2006 1648 2031 5

249 2053 392 2100 studio,
424 2042 468 2092 ut
489 2053 833 2106 diligentiffimum
855 2052 1098 2090 defensorem
1119 2052 1424 2090 commodorum
1447 2052 1620 2090 suorum.

305 2121 367 2158 Ac
383 2150 393 2164 ,
426 2134 474 2158 ne
504 2120 573 2172 ipsi
604 2119 793 2158 Gaditani
813 2119 1052 2157 arbitrentur
1066 2149 1077 2164 ‚
1110 2132 1337 2172 quanquam
1359 2119 1472 2157 nullo
1493 2121 1649 2156 incom-

251 2186 371 2224 modo
392 2187 639 2231 afficiantur,
671 2187 696 2224 fi
728 2187 844 2224 liceat
870 2200 1008 2224 eorum
1036 2187 1139 2224 cives
1167 2187 1326 2224 virtutis
1355 2186 1466 2223 causa
1493 2187 1533 2223 in
1560 2185 1650 2223 nos-

252 2248 353 2290 tram
373 2254 576 2291 civitatem
597 2254 728 2290 venire
742 2282 754 2299 ,
786 2263 917 2291 tamen
945 2253 1021 2292 hoc
1052 2253 1136 2306 ipso
1157 2252 1322 2291 inferius
1344 2252 1415 2290 ess'e
1437 2252 1550 2290 suum
1573 2252 1650 2290 foe-

252 2318 340 2362 dus,
369 2332 489 2371 quam
510 2327 765 2364 caeterorum5
790 2319 1022 2357 consolabor
1041 2328 1079 2357 et
1099 2319 1176 2356 hos
1195 2319 1398 2372 praesentes
1419 2319 1522 2356 viros
1544 2319 1650 2370 opti-

254 2397 355 2428 mos,
384 2393 424 2421 et
444 2384 554 2422 illam
576 2383 837 2423 fideliffimam
857 2395 974 2438 atque
993 2385 1268 2423 amiciffimam
1288 2384 1401 2422 nobis
1423 2384 1623 2421 civitatem
1641 2399 1648 2421 ε

254 2450 369 2490 simul
402 2460 441 2489 et
472 2464 566 2497 vos,
599 2464 678 2489 non
711 2451 961 2504 ignoratum,
994 2451 1182 2503 judices,
1214 2451 1460 2504 admonebo,
1493 2463 1572 2502 quo
1606 2449 1652 2489 de
