2076 2860
669 149 808 187 PRO
871 148 935 187 M.
999 149 1260 188 cAEL10.
1618 166 1673 205 97

265 257 344 282 non
366 243 698 296 praetermitteret,
721 241 762 280 id
784 240 907 279 homo
928 241 1105 280 eruditus
1128 241 1169 279 in
1191 241 1340 280 infidiis
1361 241 1572 280 dofftiffimi
1593 240 1669 280 ho-

266 311 386 348 minis
408 307 732 347 diffimulandum
753 316 908 360 putaret
927 308 941 345 ?

322 375 395 414 Sed
415 389 487 414 cur
506 375 656 414 diutius
678 388 746 413 vos
762 405 772 419 ,
804 374 966 425 Judices
983 404 994 419 ‚
1028 383 1142 412 teneo
1162 376 1174 412 ?
1209 375 1332 428 Ipsius
1357 376 1481 428 jurati
1507 375 1669 428 religio-

265 455 358 480 nem
377 442 729 494 au&oritatemqi1e
750 441 957 494 percipite,
976 450 1093 493 atque
1109 442 1244 480 omnia
1259 442 1471 495 diligenter
1492 441 1672 480 testimo-

265 508 324 546 nii
343 509 460 546 verba
479 508 720 561 cognoscite.
754 508 897 546 Recita
917 507 1189 546 testimonium
1211 509 1391 547 Lucceii.
1422 510 1670 547 TESTIMO-

267 589 390 614 NIUM
415 576 631 614 Luem-211.
666 574 777 627 Qid
797 575 1010 628 expectatis
1032 575 1204 627 amplius
1225 576 1237 613 ?
1269 589 1316 612 an
1338 575 1511 628 aliquam
1533 588 1672 614 vocem

263 643 411 695 putatis
434 643 557 696 ipsam
578 656 650 695 pro
671 642 708 680 se
729 641 899 687 causam,
922 650 961 679 et
982 642 1202 687 veritatem,
1226 641 1330 694 poffe
1351 643 1538 680 mittere?
1572 643 1671 680 Haee

262 709 317 748 est
337 710 576 748 innocentiae
595 708 791 755 defenfio,
824 707 907 747 haec
928 709 1046 761 ipfius
1069 708 1189 747 causae
1210 709 1335 747 oratio
1351 738 1361 754 ,
1393 708 1476 747 haec
1498 723 1575 746 una
1595 723 1672 747 vox

264 777 455 815 veritatis.
498 777 544 814 In
567 776 734 814 crimine
755 775 839 828 ipso
860 774 971 812 nulla
991 774 1160 827 suspicio
1181 774 1234 812 est
1249 804 1259 820 ‚
1292 784 1331 813 et
1361 775 1402 813 in
1434 790 1473 814 re
1494 774 1597 814 nihil
1619 776 1673 814 est

264 844 514 897 argumenti:
539 844 580 881 in
601 843 777 895 negoti0‚
805 841 913 893 quod
933 844 1064 880 aetum
1085 842 1157 880 effe
1178 842 1340 888 dicitur,
1373 843 1533 882 nullum
1553 843 1671 882 vesti-

264 912 378 964 gium
410 910 614 955 sermonis,
647 909 740 953 loci,
774 909 964 962 temporis
984 924 992 947 :
1026 923 1145 947 nemo
1178 910 1282 948 testis
1298 940 1309 955 ‚
1342 924 1460 949 nemo
1491 911 1672 949 conscius

265 978 494 1016 nominatur
513 992 520 1015 :
555 985 687 1014 totum
709 975 860 1013 crimen
881 975 1082 1028 profertur
1102 990 1149 1014 ex
1170 976 1348 1021 inimica,
1376 992 1423 1015 ex
1444 977 1601 1023 infami,
1625 992 1673 1016 ex

265 1044 431 1090 crudeli,
463 1058 511 1082 ex
532 1042 764 1088 facinorosa,
791 1057 839 1081 ex
860 1042 1071 1081 libidinosa
1091 1043 1211 1082 domo
1229 1059 1238 1083 ε
1272 1044 1414 1083 domus
1436 1054 1567 1083 autem
1589 1045 1671 1091 illa,

266 1125 352 1164 quae
374 1120 520 1149 tentata
540 1110 682 1148 scelere
703 1109 775 1147 isto
796 1109 945 1148 nefario
976 1109 1124 1148 dicitur
1138 1140 1149 1155 ‚
1181 1111 1298 1164 plena
1324 1111 1378 1149 est
1405 1112 1644 1164 integritatis
1661 1141 1671 1157 ,

265 1178 404 1224 officii,
427 1177 654 1230 religionis:
678 1191 727 1215 ex
748 1190 826 1229 qua
846 1175 967 1214 domo
988 1177 1175 1215 recitatur
1194 1178 1307 1216 vobis
1324 1178 1580 1231 jurejurando
1602 1178 1673 1216 de-

266 1245 397 1282 vin&a
416 1244 622 1281 auctoritas
643 1259 651 1282 ε
686 1253 730 1280 ut
751 1257 809 1280 res
830 1243 999 1280 minime
1020 1243 1237 1281 dubitanda
1258 1245 1298 1282 in
1320 1245 1578 1282 contentione
1599 1259 1673 1297 po-

267 1320 397 1356 natur,
431 1319 566 1348 utrum
588 1310 804 1355 temeraria,
837 1323 997 1362 procax,
1030 1310 1127 1348 irata
1153 1310 1299 1348 mulier
1328 1310 1480 1349 finxisse
1505 1313 1672 1357 crimen,

268 1391 316 1416 an
336 1378 479 1430 gravis,
502 1377 668 1430 sapiens,
687 1376 987 1429 moderatusque
1008 1378 1067 1415 vir
1088 1377 1266 1430 religiose
1289 1377 1561 1417 testimonium
1582 1378 1673 1417 dix-

267 1444 348 1490 iffe,
380 1444 571 1483 videatur.

325 1511 485 1550 XXIII.
520 1510 742 1562 Reliquum
771 1510 826 1548 est
850 1510 974 1562 igitur
994 1511 1146 1548 crimen
1169 1510 1215 1548 de
1246 1525 1423 1549 veneno:
1458 1513 1570 1563 cujus
1601 1525 1675 1564 ego

269 1590 396 1628 neque
426 1577 673 1629 principium
703 1577 904 1620 invenire,
939 1590 1065 1627 neque
1094 1577 1271 1614 evolvere
1293 1578 1470 1621 exitum,
1503 1577 1672 1628 poffum.

271 1644 371 1695 Qae
391 1641 470 1681 fuit
491 1643 599 1681 enim
620 1641 731 1680 causa
745 1671 755 1686 ,
789 1642 1050 1694 quamobrem
1075 1642 1137 1680 isti
1157 1642 1318 1680 mulieri
1338 1656 1536 1681 venenum
1556 1643 1676 1681 vellet

270 1710 358 1748 dare
380 1710 555 1748 Caelius?
590 1710 654 1748 Ne
683 1722 823 1747 aurum
854 1709 1063 1746 redderet?
1096 1723 1193 1747 num
1223 1710 1394 1762 petivit?
1428 1711 1493 1748 Ne
1523 1710 1676 1749 crimen

268 1776 432 1815 haereret
448 1777 462 1814 ?
479 1789 578 1814 num
599 1776 688 1828 quis
710 1776 888 1827 objecit?
911 1789 1009 1814 num
1029 1775 1119 1828 quis
1140 1775 1310 1829 denique
1330 1775 1480 1815 fecisset
1500 1777 1675 1816 mentio-

269 1857 378 1889 nem,
410 1843 437 1881 s1
457 1841 524 1881 hic
546 1842 698 1881 nemini
718 1856 864 1881 nomen
887 1842 1083 1881 detulisset
1102 1844 1114 1880 ?
1149 1843 1259 1895 Qin
1281 1843 1400 1882 etiam
1422 1843 1677 1883 Herennium

269 1910 399 1949 dicere
418 1908 576 1948 audistis
589 1939 602 1956 ,
634 1910 755 1948 verbo
776 1909 812 1948 se
833 1909 1045 1948 molestum
1076 1923 1155 1948 non
1185 1909 1369 1949 futurum
1389 1909 1503 1949 fuiffe
1524 1911 1648 1950 Caelio
1663 1941 1674 1957 ‚

267 1977 340 2017 nifi
359 1976 507 2016 iterum
526 1976 663 2016 eadem
683 1977 730 2015 de
747 1990 787 2015 re
807 1976 876 2015 suo
896 1975 1082 2015 familiari
1102 1976 1282 2017 absoluto
1303 1991 1448 2016 nomen
1470 1977 1536 2016 hic
1558 1978 1675 2017 detu-

268 2043 384 2084 liffet.
428 2043 631 2083 Credibile
659 2043 713 2082 est
732 2043 882 2096 igitur,
915 2052 1072 2082 tantum
1100 2042 1254 2082 facinus
1276 2045 1428 2083 nullam
1449 2045 1501 2083 ob
1523 2045 1677 2084 causam

269 2110 343 2149 effe
362 2110 644 2150 commissum?
677 2119 716 2148 et
745 2123 812 2148 vos
844 2123 923 2148 non
952 2098 1092 2148 videtis
1115 2110 1212 2163 fingi
1235 2111 1387 2149 sceleris
1410 2111 1575 2150 maximi
1596 2111 1675 2150 cri-

271 2190 378 2222 men,
412 2186 456 2215 ut
476 2177 634 2215 alterius
656 2176 768 2214 causa
789 2176 941 2214 sceleris
964 2177 1199 2229 suscipiendi
1221 2176 1334 2216 fuiffe
1356 2178 1532 2216 videatur
1550 2180 1563 2216 ?

329 2243 409 2281 Cui
438 2238 610 2297 denique
638 2243 836 2282 commifit
854 2245 867 2282 ?
900 2258 981 2296 quo
1001 2244 1179 2297 adjutore
1201 2244 1290 2283 usus
1319 2245 1373 2283 est
1393 2247 1405 2283 ?
1438 2259 1517 2297 quo
1538 2245 1642 2284 socio
1661 2247 1675 2283 ?

272 2323 354 2362 quo
374 2310 531 2348 conscio
551 2311 563 2347 ?
596 2310 660 2348 cui
683 2320 837 2349 tantum
858 2310 1012 2349 facinus
1027 2341 1038 2357 ,
1072 2311 1136 2349 cui
1158 2311 1194 2349 se
1210 2341 1220 2357 ,
1253 2312 1319 2349 cui
1350 2311 1515 2350 salutem
1540 2312 1648 2349 suam
1663 2341 1674 2357 ,

272 2375 469 2415 credidit?
493 2376 667 2415 Servisne
688 2378 864 2416 mulieris
882 2379 894 2415 ?
920 2377 969 2415 fic
990 2378 1098 2416 enim
1118 2378 1321 2431 objec‘tum
1338 2378 1404 2417 est.
1426 2380 1479 2416 Et
1496 2388 1575 2416 erat
1597 2387 1676 2416 tam

273 2442 434 2481 demens
455 2440 523 2480 hic
538 2471 549 2488 ,
582 2442 648 2481 cui
668 2457 735 2483 vos
757 2444 963 2496 ingenium
983 2453 1088 2482 certe
1110 2444 1284 2482 tribuitis
1300 2474 1311 2489 ‚
1344 2445 1461 2482 etiam
1489 2445 1514 2482 fi
1543 2452 1677 2482 caetera

357 2510 502 2549 ToM.
538 2509 611 2549 VI.
1333 2511 1374 2548 N
