2076 2860
934 263 1381 322 ORATIO

458 282 537 319 ³23-

456 369 764 422 praesidentibus,
789 365 872 404 haec
893 374 1001 403 tanta
1020 365 1144 404 virtus
1167 378 1214 403 ex
1235 364 1308 403 hac
1330 365 1426 403 urbe
1447 364 1667 418 expelletur
1685 366 1707 404 ?'
1721 373 1852 405 exter-

455 435 671 474 minabitur
690 435 702 471 ?
735 432 965 485 projicietur
983 433 996 469 ?

512 503 547 538 O
571 514 634 537 me
654 499 842 537 miserum
861 498 868 535 !
903 499 940 536 O
963 497 1168 536 infelicem
1187 498 1195 535 Ξ
1228 510 1406 536 revocare
1436 506 1479 536 tu
1510 510 1573 536 me
1594 498 1635 536 in
1655 498 1823 551 patriam
1839 526 1850 543 ‚

455 567 574 611 Milo,
607 564 768 618 potuisti
789 578 858 617 per
877 563 978 602 hos:
1011 577 1084 616 ego
1114 573 1152 602 te
1181 564 1222 601 in
1251 564 1376 616 patria
1404 577 1473 616 per
1500 563 1657 602 eosdem
1687 564 1856 602 retinere

454 647 534 671 non
554 633 723 684 potero?
756 630 867 684 Qid
897 630 1139 683 respondebo
1169 630 1303 668 liberis
1334 630 1459 675 meis,
1492 631 1562 683 qui
1593 639 1631 669 te
1650 639 1855 684 parentem

453 699 622 737 alterum
642 707 783 750 putant
802 698 815 735 ?
847 697 944 750 quid
965 697 1055 741 tibi,
1083 695 1294 748 erater‚
1326 696 1396 748 qui
1417 710 1523 734 nunc
1543 697 1650 743 abes,
1681 696 1855 736 consorti

454 779 613 804 mecum
635 774 862 816 temporum
883 764 1075 801 illorum?
1107 777 1172 801 me
1192 776 1272 800 non
1293 762 1459 815 potuiffe
1488 763 1658 801 Milonis
1690 763 1856 801 salutem

454 831 556 869 tueri
577 844 645 883 per
665 830 833 875 eosdem,
866 843 935 882 per
961 842 1060 882 quos
1089 829 1259 866 nostram
1286 828 1355 866 ille
1383 828 1587 866 servasset?
1620 829 1677 867 At
1708 829 1750 866 in
1779 842 1856 881 qua

455 898 566 936 causa
587 911 664 935 non
686 896 881 950 potuiffe?
909 909 994 948 quae
1015 895 1068 933 est
1088 905 1196 947 grata
1215 894 1417 947 gentibus.
1450 896 1488 933 A
1509 895 1655 948 quibus
1677 908 1757 934 non
1779 908 1854 948 po-

456 964 598 1002 tuiffe?
631 963 678 1001 ab
704 964 751 1001 iis
767 993 778 1008 ,
811 964 881 1015 qui
910 963 1083 1001 maxime
1105 963 1150 1001 P.
1176 961 1311 1000 Clodii
1331 970 1459 1000 morte
1479 961 1727 1013 acquierunt.
1762 963 1857 1014 Qo

456 1032 715 1084 deprecante?
748 1044 826 1068 me.

512 1098 727 1150 Qodnam
748 1111 821 1150 ego
842 1097 1008 1150 concepi
1030 1106 1186 1135 tanturn
1208 1095 1331 1134 scelus
1351 1096 1364 1133 ?
1396 1104 1463 1133 aut
1483 1095 1591 1149 quod
1619 1095 1660 1132 in
1681 1108 1745 1133 me
1767 1103 1856 1133 tan-

458 1175 544 1203 tum
564 1164 717 1202 facinus
740 1163 889 1209 admifi,
917 1163 1093 1214 Judices,
1125 1176 1219 1200 cum
1240 1162 1308 1199 illa
1328 1162 1475 1200 indicia
1495 1162 1722 1200 communis
1744 1161 1859 1200 exitii

456 1232 651 1283 indagavi,
684 1230 866 1283 patefeci,
899 1230 1063 1283 protuli,
1095 1230 1280 1267 extinxi?
1315 1230 1467 1266 Omnes
1490 1229 1530 1266 in
1552 1242 1630 1274 me,
1653 1228 1855 1281 meosque,

456 1297 676 1336 redundant
696 1311 744 1335 ex
764 1296 876 1335 fonte
896 1297 968 1334 illo
989 1297 1157 1334 dolores.
1191 1295 1303 1347 Qid
1324 1309 1387 1332 me
1409 1294 1594 1333 reducem
1614 1294 1686 1332 effe
1706 1294 1863 1333 voluis-n

458 1365 539 1402 tis?
577 1378 624 1402 an
660 1374 728 1409 ut,
766 1363 1004 1416 inspectante
1039 1377 1128 1407 me,
1161 1361 1478 1413 expellerentur,
1512 1374 1581 1414 per
1610 1374 1709 1414 quos
1740 1360 1858 1399 effem

458 1430 689 1468 restitutus?
723 1430 887 1474 Nolite,
920 1429 1080 1467 obsecro
1113 1441 1208 1473 vos,
1241 1427 1348 1480 pati,
1380 1426 1483 1465 mihi
1518 1427 1760 1465 acerbiorem
1793 1441 1856 1466 re-

457 1496 588 1534 ditum
620 1496 705 1542 effe,
738 1510 858 1549 quam
886 1495 1006 1534 fuerit
1034 1495 1101 1532 ille
1134 1493 1214 1546 ipse
1240 1493 1436 1532 disceffus.
1470 1494 1578 1532 Nam
1605 1493 1676 1546 qui
1703 1493 1857 1546 pofl‘um

456 1568 593 1610 putare
614 1572 677 1596 me
698 1557 922 1596 restitutum
949 1557 1036 1602 effe,
1069 1556 1096 1594 fi
1126 1554 1317 1593 distrahor
1345 1555 1393 1592 ab
1424 1555 1486 1601 iis,
1518 1569 1587 1608 per
1615 1568 1715 1608 quos
1746 1555 1857 1594 resti-

457 1633 566 1663 tutus
588 1624 674 1662 sum
694 1625 706 1662 ?

513 1691 754 1729 XXXVIII.
788 1690 956 1728 Utinam
991 1689 1063 1728 Dii
1098 1688 1341 1727 immortales
1377 1687 1580 1734 fecissent,
1617 1689 1730 1741 (pace
1764 1695 1858 1734 tua,

458 1757 600 1802 Patria,
633 1757 830 1801 dixerim,
863 1765 1000 1794 metuo
1020 1756 1143 1800 enim,
1176 1769 1224 1793 ne
1244 1754 1425 1793 scelerate
1446 1754 1575 1793 dicam
1604 1754 1646 1792 in
1668 1763 1720 1801 te,
1752 1753 1861 1808 quod

457 1836 534 1875 pro·
560 1822 719 1860 Milone
748 1821 878 1859 dicam
898 1821 981 1873 pie)
1007 1822 1159 1858 utinam
1181 1821 1227 1858 P.
1253 1820 1420 1858 Clodius
1442 1834 1521 1859 non
1543 1820 1663 1859 modo
1682 1821 1856 1866 viveret,

459 1888 523 1927 sed
556 1889 675 1926 etiam
709 1895 879 1940 praetor,
911 1886 1074 1932 consul,
1106 1886 1271 1924 dictator
1305 1885 1396 1926 effet
1429 1887 1593 1939 potius,
1625 1900 1745 1940 quam
1778 1886 1858 1925 hoc

458 1952 725 2007 spectaculum
756 1952 944 1990 viderem.
979 1952 1016 1989 O
1039 1948 1121 1989 'Dii
1153 1950 1424 1990 immortales!
1457 1951 1630 1997 fortem,
1661 1961 1701 1990 et
1732 1966 1754 1991 a
1784 1965 1856 1991 vo-

459 2019 546 2064 bis,
578 2019 765 2071 Judices,
797 2017 1106 2056 conservandum
1140 2017 1298 2056 virum!
1332 2018 1533 2063 Minime,
1565 2018 1760 2064 minime,
1791 2019 1858 2057 in-

458 2086 574 2138 quit:
607 2086 734 2123 immo
764 2098 855 2123 vero
886 2097 1020 2138 poenas
1053 2084 1121 2122 ille
1155 2084 1304 2123 debitas
1339 2084 1487 2131 luerit;
1519 2098 1590 2123 nos
1623 2084 1858 2130 subeamus,

459 2152 487 2191 fi
522 2152 576 2190 ita
610 2151 756 2189 necesse
786 2150 868 2196 est,
899 2164 979 2189 non
1013 2150 1180 2190 debitas.
1226 2151 1400 2189 Hiccine
1430 2151 1518 2196 vir,
1552 2152 1685 2204 patriae
1718 2160 1860 2197 natus,

460 2219 624 2272 usquam
661 2219 731 2257 nis1
766 2218 807 2256 in
843 2219 966 2271 patria
1004 2219 1226 2257 morietur?
1257 2227 1349 2265 aut,
1382 2219 1409 2258 fi
1441 2218 1569 2264 forte,
1600 2234 1672 2273 pro
1703 2219 1860 2272 patria?

461 2287 612 2338 Hujus
628 2299 696 2324 vos
729 2285 851 2323 animi
886 2294 1145 2323 monumenta
1178 2285 1428 2331 retinebitis;
1461 2287 1636 2339 corporis
1669 2286 1710 2324 in
1746 2285 1862 2324 Italia

460 2353 621 2392 nullum
652 2351 877 2405 sepulcrum
908 2351 980 2390 effe
1012 2352 1250 2404 patiemini?
1283 2353 1407 2391 Hunc
1438 2352 1502 2391 sua
1530 2352 1740 2406 quisquam
1770 2352 1858 2390 sen-

462 2420 584 2457 tentia
615 2433 662 2457 ex
694 2417 768 2458 hac
801 2418 897 2457 urbe
928 2418 1125 2472 expellet,
1157 2432 1277 2473 quem
1305 2432 1442 2459 omnes
1473 2419 1588 2459 urbes
1609 2418 1818 2473 expulsum
1837 2430 1860 2455 a

460 2485 573 2525 vobis
595 2485 643 2524 ad
662 2485 698 2524 se
718 2485 918 2525 vocabunt
936 2485 950 2522 ?
