<?xml version="1.0" encoding="UTF-8"?>
<!DOCTYPE html PUBLIC "-//W3C//DTD XHTML 1.0 Transitional//EN"
    "http://www.w3.org/TR/xhtml1/DTD/xhtml1-transitional.dtd">
<html xmlns="http://www.w3.org/1999/xhtml" xml:lang="en" lang="en">
 <head>
  <title>
</title>
<meta http-equiv="Content-Type" content="text/html;charset=utf-8" />
  <meta name='ocr-system' content='tesseract 3.04.00' />
  <meta name='ocr-capabilities' content='ocr_page ocr_carea ocr_par ocr_line ocrx_word'/>
</head>
<body>
  <div class='ocr_page' id='page_1' title='image "./operacumindicibu06ciceuoft_0462.png"; bbox 0 0 2076 2860; ppageno 0'>
   <div class='ocr_carea' id='block_1_1' title="bbox 950 118 965 137">
    <p class='ocr_par' dir='ltr' id='par_1_1' title="bbox 950 118 965 137">
     <span class='ocr_line' id='line_1_1' title="bbox 950 118 965 137; baseline 0 0"><span class='ocrx_word' id='word_1_1' title='bbox 950 118 965 137; x_wconf 70' lang='grc' dir='ltr'>ὃ</span> 
     </span>
    </p>
   </div>
   <div class='ocr_carea' id='block_1_2' title="bbox 409 169 1453 222">
    <p class='ocr_par' dir='ltr' id='par_1_2' title="bbox 409 169 1453 222">
     <span class='ocr_line' id='line_1_2' title="bbox 409 169 1453 222; baseline -0.003 -13"><span class='ocrx_word' id='word_1_2' title='bbox 409 183 486 222; x_wconf 73' lang='lat'>452</span> <span class='ocrx_word' id='word_1_3' title='bbox 761 170 838 209; x_wconf 83' lang='lat' dir='ltr'>IN</span> <span class='ocrx_word' id='word_1_4' title='bbox 897 169 964 207; x_wconf 87' lang='grc' dir='ltr'>Μ.</span> <span class='ocrx_word' id='word_1_5' title='bbox 1027 169 1453 207; x_wconf 84' lang='lat' dir='ltr'><strong>ANTONIUM</strong></span> 
     </span>
    </p>
   </div>
   <div class='ocr_carea' id='block_1_3' title="bbox 411 269 1827 2583">
    <p class='ocr_par' dir='ltr' id='par_1_3' title="bbox 411 269 1827 2583">
     <span class='ocr_line' id='line_1_3' title="bbox 411 269 1806 324; baseline -0.001 -14"><span class='ocrx_word' id='word_1_6' title='bbox 411 272 539 310; x_wconf 85' lang='lat' dir='ltr'>civem</span> <span class='ocrx_word' id='word_1_7' title='bbox 561 286 762 324; x_wconf 81' lang='lat' dir='ltr'>nunquam</span> <span class='ocrx_word' id='word_1_8' title='bbox 785 271 1029 309; x_wconf 77' lang='lat' dir='ltr'>videramus?</span> <span class='ocrx_word' id='word_1_9' title='bbox 1055 271 1121 309; x_wconf 83' lang='lat' dir='ltr'>Est</span> <span class='ocrx_word' id='word_1_10' title='bbox 1138 271 1299 323; x_wconf 86' lang='lat' dir='ltr'>quidem</span> <span class='ocrx_word' id='word_1_11' title='bbox 1321 271 1416 309; x_wconf 80' lang='lat' dir='ltr'>alter</span> <span class='ocrx_word' id='word_1_12' title='bbox 1439 271 1612 310; x_wconf 81' lang='lat' dir='ltr'>Saserna:</span> <span class='ocrx_word' id='word_1_13' title='bbox 1638 269 1699 309; x_wconf 87' lang='lat' dir='ltr'>sed</span> <span class='ocrx_word' id='word_1_14' title='bbox 1717 285 1806 309; x_wconf 86' lang='lat' dir='ltr'>om-</span> 
     </span>
     <span class='ocr_line' id='line_1_4' title="bbox 413 337 1809 383; baseline -0.001 -7"><span class='ocrx_word' id='word_1_15' title='bbox 413 352 478 376; x_wconf 83' lang='lat' dir='ltr'>nes</span> <span class='ocrx_word' id='word_1_16' title='bbox 502 349 631 376; x_wconf 78' lang='lat' dir='ltr'>tamen</span> <span class='ocrx_word' id='word_1_17' title='bbox 654 347 800 375; x_wconf 75' lang='lat' dir='ltr'>tantam</span> <span class='ocrx_word' id='word_1_18' title='bbox 822 337 968 375; x_wconf 78' lang='lat' dir='ltr'>habent</span> <span class='ocrx_word' id='word_1_19' title='bbox 990 338 1291 376; x_wconf 79' lang='lat' dir='ltr'>similitudinem</span> <span class='ocrx_word' id='word_1_20' title='bbox 1321 339 1422 375; x_wconf 86' lang='lat' dir='ltr'>inter</span> <span class='ocrx_word' id='word_1_21' title='bbox 1450 338 1499 383; x_wconf 88' lang='lat' dir='ltr'>se,</span> <span class='ocrx_word' id='word_1_22' title='bbox 1533 347 1575 376; x_wconf 88' lang='lat' dir='ltr'>ut</span> <span class='ocrx_word' id='word_1_23' title='bbox 1603 337 1643 375; x_wconf 91' lang='lat' dir='ltr'>in</span> <span class='ocrx_word' id='word_1_24' title='bbox 1672 351 1809 375; x_wconf 85' lang='lat' dir='ltr'>eorum</span> 
     </span>
     <span class='ocr_line' id='line_1_5' title="bbox 412 403 1809 457; baseline 0.001 -16"><span class='ocrx_word' id='word_1_25' title='bbox 412 405 719 456; x_wconf 74' lang='lat' dir='ltr'>praenominibus</span> <span class='ocrx_word' id='word_1_26' title='bbox 743 417 882 441; x_wconf 78' lang='lat' dir='ltr'>errem.</span> <span class='ocrx_word' id='word_1_27' title='bbox 931 404 1018 442; x_wconf 87' lang='lat' dir='ltr'>Nec</span> <span class='ocrx_word' id='word_1_28' title='bbox 1049 418 1140 442; x_wconf 84' lang='lat' dir='ltr'>vero</span> <span class='ocrx_word' id='word_1_29' title='bbox 1176 405 1352 449; x_wconf 77' lang='lat' dir='ltr'>Exitius,</span> <span class='ocrx_word' id='word_1_30' title='bbox 1386 403 1639 457; x_wconf 75' lang='lat' dir='ltr'>Philadelphi</span> <span class='ocrx_word' id='word_1_31' title='bbox 1676 403 1809 448; x_wconf 79' lang='lat' dir='ltr'>frater,</span> 
     </span>
     <span class='ocr_line' id='line_1_6' title="bbox 412 469 1812 521; baseline 0 -14"><span class='ocrx_word' id='word_1_32' title='bbox 412 470 589 521; x_wconf 62' lang='lat' dir='ltr'>quaest-ir,</span> <span class='ocrx_word' id='word_1_33' title='bbox 623 469 979 521; x_wconf 59' lang='lat' dir='ltr'>praetermittendus</span> <span class='ocrx_word' id='word_1_34' title='bbox 1008 470 1075 515; x_wconf 87' lang='lat' dir='ltr'>est,</span> <span class='ocrx_word' id='word_1_35' title='bbox 1109 483 1171 514; x_wconf 85' lang='lat' dir='ltr'>ne,</span> <span class='ocrx_word' id='word_1_36' title='bbox 1204 470 1229 507; x_wconf 80' lang='lat' dir='ltr'>sl</span> <span class='ocrx_word' id='word_1_37' title='bbox 1258 469 1305 507; x_wconf 90' lang='lat' dir='ltr'>de</span> <span class='ocrx_word' id='word_1_38' title='bbox 1332 470 1540 507; x_wconf 81' lang='lat' dir='ltr'>clarissimo</span> <span class='ocrx_word' id='word_1_39' title='bbox 1568 470 1812 508; x_wconf 77' lang='lat' dir='ltr'><strong>adolescente</strong></span> 
     </span>
     <span class='ocr_line' id='line_1_7' title="bbox 412 535 1806 588; baseline 0.001 -16"><span class='ocrx_word' id='word_1_40' title='bbox 412 536 563 580; x_wconf 69' lang='lat' dir='ltr'>siluero,</span> <span class='ocrx_word' id='word_1_41' title='bbox 596 535 773 573; x_wconf 77' lang='lat' dir='ltr'>iuvidiffe</span> <span class='ocrx_word' id='word_1_42' title='bbox 806 536 934 573; x_wconf 74' lang='lat' dir='ltr'>videar</span> <span class='ocrx_word' id='word_1_43' title='bbox 959 536 1153 574; x_wconf 84' lang='lat' dir='ltr'>Antonio.</span> <span class='ocrx_word' id='word_1_44' title='bbox 1200 535 1267 573; x_wconf 85' lang='lat' dir='ltr'>Est</span> <span class='ocrx_word' id='word_1_45' title='bbox 1288 536 1407 574; x_wconf 83' lang='lat' dir='ltr'>etiam</span> <span class='ocrx_word' id='word_1_46' title='bbox 1440 535 1597 573; x_wconf 79' lang='lat' dir='ltr'>Asinius</span> <span class='ocrx_word' id='word_1_47' title='bbox 1629 535 1806 588; x_wconf 81' lang='lat' dir='ltr'>quidam,</span> 
     </span>
     <span class='ocr_line' id='line_1_8' title="bbox 412 601 1811 654; baseline -0.001 -15"><span class='ocrx_word' id='word_1_48' title='bbox 412 602 561 639; x_wconf 75' lang='lat' dir='ltr'>senator</span> <span class='ocrx_word' id='word_1_49' title='bbox 582 602 842 647; x_wconf 76' lang='lat' dir='ltr'>voluntarius,</span> <span class='ocrx_word' id='word_1_50' title='bbox 867 602 987 639; x_wconf 64' lang='lat' dir='ltr'>leetus</span> <span class='ocrx_word' id='word_1_51' title='bbox 1011 602 1090 654; x_wconf 88' lang='lat' dir='ltr'>ipse</span> <span class='ocrx_word' id='word_1_52' title='bbox 1111 615 1131 639; x_wconf 89' lang='lat' dir='ltr'>a</span> <span class='ocrx_word' id='word_1_53' title='bbox 1153 602 1202 640; x_wconf 91' lang='lat' dir='ltr'>se.</span> <span class='ocrx_word' id='word_1_54' title='bbox 1227 603 1418 654; x_wconf 84' lang='lat' dir='ltr'>Apertam</span> <span class='ocrx_word' id='word_1_55' title='bbox 1439 602 1590 640; x_wconf 83' lang='lat' dir='ltr'>curiam</span> <span class='ocrx_word' id='word_1_56' title='bbox 1610 601 1709 640; x_wconf 90' lang='lat' dir='ltr'>vidit</span> <span class='ocrx_word' id='word_1_57' title='bbox 1728 601 1811 654; x_wconf 90' lang='lat' dir='ltr'>post</span> 
     </span>
     <span class='ocr_line' id='line_1_9' title="bbox 411 668 1809 721; baseline -0.001 -15"><span class='ocrx_word' id='word_1_58' title='bbox 411 668 570 706; x_wconf 55' lang='lat' dir='ltr'>Caesaris</span> <span class='ocrx_word' id='word_1_59' title='bbox 592 678 788 707; x_wconf 85' lang='lat' dir='ltr'>mortem:</span> <span class='ocrx_word' id='word_1_60' title='bbox 824 670 992 707; x_wconf 83' lang='lat' dir='ltr'>mutavit</span> <span class='ocrx_word' id='word_1_61' title='bbox 1019 669 1197 707; x_wconf 85' lang='lat' dir='ltr'>calceos:</span> <span class='ocrx_word' id='word_1_62' title='bbox 1232 669 1345 706; x_wconf 86' lang='lat' dir='ltr'>Pater</span> <span class='ocrx_word' id='word_1_63' title='bbox 1375 668 1620 721; x_wconf 83' lang='lat' dir='ltr'>conscriptus</span> <span class='ocrx_word' id='word_1_64' title='bbox 1650 676 1809 721; x_wconf 86' lang='lat' dir='ltr'>repente</span> 
     </span>
     <span class='ocr_line' id='line_1_10' title="bbox 412 734 1813 774; baseline -0.001 -1"><span class='ocrx_word' id='word_1_65' title='bbox 412 734 537 773; x_wconf 50' lang='lat' dir='ltr'>factus</span> <span class='ocrx_word' id='word_1_66' title='bbox 559 735 626 774; x_wconf 85' lang='lat' dir='ltr'>est.</span> <span class='ocrx_word' id='word_1_67' title='bbox 660 736 754 773; x_wconf 89' lang='lat' dir='ltr'>Non</span> <span class='ocrx_word' id='word_1_68' title='bbox 778 736 869 773; x_wconf 85' lang='lat' dir='ltr'>novi</span> <span class='ocrx_word' id='word_1_69' title='bbox 893 738 980 774; x_wconf 74' lang='lat' dir='ltr'>Sex.</span> <span class='ocrx_word' id='word_1_70' title='bbox 1006 735 1244 774; x_wconf 84' lang='lat' dir='ltr'>Albedium:</span> <span class='ocrx_word' id='word_1_71' title='bbox 1270 735 1333 773; x_wconf 89' lang='lat' dir='ltr'>sed</span> <span class='ocrx_word' id='word_1_72' title='bbox 1356 745 1485 774; x_wconf 82' lang='lat' dir='ltr'>tamen</span> <span class='ocrx_word' id='word_1_73' title='bbox 1508 736 1710 773; x_wconf 84' lang='lat' dir='ltr'>neminem</span> <span class='ocrx_word' id='word_1_74' title='bbox 1732 743 1813 772; x_wconf 87' lang='lat' dir='ltr'>tam</span> 
     </span>
     <span class='ocr_line' id='line_1_11' title="bbox 413 801 1827 855; baseline -0.002 -15"><span class='ocrx_word' id='word_1_75' title='bbox 413 803 653 840; x_wconf 78' lang='lat' dir='ltr'>maledicum</span> <span class='ocrx_word' id='word_1_76' title='bbox 675 802 838 847; x_wconf 79' lang='lat' dir='ltr'>offendi,</span> <span class='ocrx_word' id='word_1_77' title='bbox 871 803 939 855; x_wconf 87' lang='lat' dir='ltr'>qui</span> <span class='ocrx_word' id='word_1_78' title='bbox 961 803 1078 840; x_wconf 90' lang='lat' dir='ltr'>illum</span> <span class='ocrx_word' id='word_1_79' title='bbox 1100 811 1257 855; x_wconf 81' lang='lat' dir='ltr'>negaret</span> <span class='ocrx_word' id='word_1_80' title='bbox 1279 802 1448 854; x_wconf 85' lang='lat' dir='ltr'>dignum</span> <span class='ocrx_word' id='word_1_81' title='bbox 1469 802 1643 840; x_wconf 78' lang='lat' dir='ltr'>Antonii</span> <span class='ocrx_word' id='word_1_82' title='bbox 1660 801 1827 852; x_wconf 41' lang='lat' dir='ltr'>senatu„</span> 
     </span>
     <span class='ocr_line' id='line_1_12' title="bbox 414 859 1813 922; baseline -0.001 -16"><span class='ocrx_word' id='word_1_83' title='bbox 414 869 600 907; x_wconf 83' lang='lat' dir='ltr'>Arbitror</span> <span class='ocrx_word' id='word_1_84' title='bbox 631 883 695 906; x_wconf 88' lang='lat' dir='ltr'>me</span> <span class='ocrx_word' id='word_1_85' title='bbox 727 868 879 921; x_wconf 85' lang='lat' dir='ltr'>aliquos</span> <span class='ocrx_word' id='word_1_86' title='bbox 911 869 1158 922; x_wconf 82' lang='lat' dir='ltr'>praeteriiffe:</span> <span class='ocrx_word' id='word_1_87' title='bbox 1192 868 1239 906; x_wconf 88' lang='lat' dir='ltr'>de</span> <span class='ocrx_word' id='word_1_88' title='bbox 1272 869 1319 907; x_wconf 87' lang='lat' dir='ltr'>iis</span> <span class='ocrx_word' id='word_1_89' title='bbox 1354 878 1499 913; x_wconf 84' lang='lat' dir='ltr'>tamen,</span> <span class='ocrx_word' id='word_1_90' title='bbox 1532 868 1600 920; x_wconf 90' lang='lat' dir='ltr'>qui</span> <span class='ocrx_word' id='word_1_91' title='bbox 1629 859 1813 906; x_wconf 81' lang='lat' dir='ltr'>occurre-</span> 
     </span>
     <span class='ocr_line' id='line_1_13' title="bbox 416 933 1813 988; baseline -0.001 -15"><span class='ocrx_word' id='word_1_92' title='bbox 416 936 525 981; x_wconf 84' lang='lat' dir='ltr'>bant,</span> <span class='ocrx_word' id='word_1_93' title='bbox 558 945 683 973; x_wconf 79' lang='lat' dir='ltr'>tacere</span> <span class='ocrx_word' id='word_1_94' title='bbox 708 949 787 973; x_wconf 89' lang='lat' dir='ltr'>non</span> <span class='ocrx_word' id='word_1_95' title='bbox 815 936 944 988; x_wconf 87' lang='lat' dir='ltr'>potui.</span> <span class='ocrx_word' id='word_1_96' title='bbox 989 936 1082 974; x_wconf 93' lang='lat' dir='ltr'>Hoc</span> <span class='ocrx_word' id='word_1_97' title='bbox 1114 936 1236 988; x_wconf 84' lang='lat' dir='ltr'>igitur</span> <span class='ocrx_word' id='word_1_98' title='bbox 1266 934 1392 973; x_wconf 86' lang='lat' dir='ltr'>fretus</span> <span class='ocrx_word' id='word_1_99' title='bbox 1421 935 1569 980; x_wconf 80' lang='lat' dir='ltr'>senatu,</span> <span class='ocrx_word' id='word_1_100' title='bbox 1603 933 1813 986; x_wconf 85' lang='lat' dir='ltr'>Pompeia-</span> 
     </span>
     <span class='ocr_line' id='line_1_14' title="bbox 416 999 1814 1055; baseline -0.002 -15"><span class='ocrx_word' id='word_1_101' title='bbox 416 1016 512 1040; x_wconf 89' lang='lat' dir='ltr'>num</span> <span class='ocrx_word' id='word_1_102' title='bbox 535 1002 711 1040; x_wconf 84' lang='lat' dir='ltr'>senatum</span> <span class='ocrx_word' id='word_1_103' title='bbox 733 1002 926 1054; x_wconf 85' lang='lat' dir='ltr'>despicit;</span> <span class='ocrx_word' id='word_1_104' title='bbox 959 1002 1000 1040; x_wconf 89' lang='lat' dir='ltr'>in</span> <span class='ocrx_word' id='word_1_105' title='bbox 1028 1016 1108 1055; x_wconf 93' lang='lat' dir='ltr'>quo</span> <span class='ocrx_word' id='word_1_106' title='bbox 1130 1002 1266 1041; x_wconf 88' lang='lat' dir='ltr'>decem</span> <span class='ocrx_word' id='word_1_107' title='bbox 1288 1001 1439 1040; x_wconf 83' lang='lat' dir='ltr'>fuimus</span> <span class='ocrx_word' id='word_1_108' title='bbox 1462 1001 1682 1039; x_wconf 83' lang='lat' dir='ltr'>consulares</span> <span class='ocrx_word' id='word_1_109' title='bbox 1701 1016 1710 1039; x_wconf 78' lang='lat' dir='ltr'>t</span> <span class='ocrx_word' id='word_1_110' title='bbox 1744 999 1814 1052; x_wconf 89' lang='lat' dir='ltr'>qui</span> 
     </span>
     <span class='ocr_line' id='line_1_15' title="bbox 414 1066 1815 1114; baseline -0.003 -6"><span class='ocrx_word' id='word_1_111' title='bbox 414 1070 441 1108; x_wconf 91' lang='lat' dir='ltr'><strong>fi</strong></span> <span class='ocrx_word' id='word_1_112' title='bbox 463 1083 599 1108; x_wconf 82' lang='lat' dir='ltr'>ornnes</span> <span class='ocrx_word' id='word_1_113' title='bbox 620 1069 810 1114; x_wconf 83' lang='lat' dir='ltr'>viverent,</span> <span class='ocrx_word' id='word_1_114' title='bbox 844 1069 995 1107; x_wconf 90' lang='lat' dir='ltr'>bellum</span> <span class='ocrx_word' id='word_1_115' title='bbox 1017 1070 1183 1107; x_wconf 87' lang='lat' dir='ltr'>omnino</span> <span class='ocrx_word' id='word_1_116' title='bbox 1203 1067 1281 1106; x_wconf 88' lang='lat' dir='ltr'>hoc</span> <span class='ocrx_word' id='word_1_117' title='bbox 1302 1082 1381 1106; x_wconf 89' lang='lat' dir='ltr'>non</span> <span class='ocrx_word' id='word_1_118' title='bbox 1403 1067 1559 1107; x_wconf 85' lang='lat' dir='ltr'>fuiffet:</span> <span class='ocrx_word' id='word_1_119' title='bbox 1593 1066 1815 1106; x_wconf 61' lang='lat' dir='ltr'>auctoritati</span> 
     </span>
     <span class='ocr_line' id='line_1_16' title="bbox 415 1132 1814 1188; baseline -0.002 -15"><span class='ocrx_word' id='word_1_120' title='bbox 415 1136 573 1174; x_wconf 84' lang='lat' dir='ltr'>ceffiffet</span> <span class='ocrx_word' id='word_1_121' title='bbox 593 1135 765 1173; x_wconf 83' lang='lat' dir='ltr'>audacia.</span> <span class='ocrx_word' id='word_1_122' title='bbox 799 1135 887 1180; x_wconf 85' lang='lat' dir='ltr'>Sed,</span> <span class='ocrx_word' id='word_1_123' title='bbox 910 1143 1105 1187; x_wconf 82' lang='lat' dir='ltr'>quantum</span> <span class='ocrx_word' id='word_1_124' title='bbox 1133 1134 1296 1188; x_wconf 85' lang='lat' dir='ltr'>praefidii</span> <span class='ocrx_word' id='word_1_125' title='bbox 1318 1133 1439 1172; x_wconf 89' lang='lat' dir='ltr'>fuerit</span> <span class='ocrx_word' id='word_1_126' title='bbox 1460 1135 1501 1171; x_wconf 87' lang='lat' dir='ltr'>in</span> <span class='ocrx_word' id='word_1_127' title='bbox 1522 1134 1686 1177; x_wconf 67' lang='lat' dir='ltr'>caeteris,</span> <span class='ocrx_word' id='word_1_128' title='bbox 1717 1132 1814 1170; x_wconf 91' lang='lat' dir='ltr'>hinc</span> 
     </span>
     <span class='ocr_line' id='line_1_17' title="bbox 416 1199 1816 1254; baseline -0.003 -14"><span class='ocrx_word' id='word_1_129' title='bbox 416 1202 591 1254; x_wconf 84' lang='lat' dir='ltr'>intelligi</span> <span class='ocrx_word' id='word_1_130' title='bbox 612 1201 751 1254; x_wconf 91' lang='lat' dir='ltr'>potest,</span> <span class='ocrx_word' id='word_1_131' title='bbox 783 1202 891 1254; x_wconf 91' lang='lat' dir='ltr'>quod</span> <span class='ocrx_word' id='word_1_132' title='bbox 921 1216 994 1254; x_wconf 87' lang='lat' dir='ltr'>ego</span> <span class='ocrx_word' id='word_1_133' title='bbox 1025 1214 1142 1247; x_wconf 83' lang='lat' dir='ltr'>unus,</span> <span class='ocrx_word' id='word_1_134' title='bbox 1175 1201 1333 1239; x_wconf 62' lang='lat' dir='ltr'>relictus</span> <span class='ocrx_word' id='word_1_135' title='bbox 1363 1215 1383 1238; x_wconf 92' lang='lat' dir='ltr'>e</span> <span class='ocrx_word' id='word_1_136' title='bbox 1403 1200 1558 1245; x_wconf 88' lang='lat' dir='ltr'>multis,</span> <span class='ocrx_word' id='word_1_137' title='bbox 1591 1199 1757 1237; x_wconf 87' lang='lat' dir='ltr'>contudi</span> <span class='ocrx_word' id='word_1_138' title='bbox 1777 1207 1816 1237; x_wconf 87' lang='lat' dir='ltr'>et</span> 
     </span>
     <span class='ocr_line' id='line_1_18' title="bbox 414 1264 1693 1320; baseline -0.002 -14"><span class='ocrx_word' id='word_1_139' title='bbox 414 1268 532 1320; x_wconf 82' lang='lat' dir='ltr'>fregi,</span> <span class='ocrx_word' id='word_1_140' title='bbox 564 1267 840 1320; x_wconf 80' lang='lat' dir='ltr'>adjuvantibus</span> <span class='ocrx_word' id='word_1_141' title='bbox 862 1268 989 1312; x_wconf 88' lang='lat' dir='ltr'>vobis,</span> <span class='ocrx_word' id='word_1_142' title='bbox 1022 1266 1236 1305; x_wconf 84' lang='lat' dir='ltr'>exultantis</span> <span class='ocrx_word' id='word_1_143' title='bbox 1258 1265 1452 1319; x_wconf 79' lang='lat' dir='ltr'>praedonis</span> <span class='ocrx_word' id='word_1_144' title='bbox 1473 1264 1693 1304; x_wconf 82' lang='lat' dir='ltr'>audaciam.</span> 
     </span>
     <span class='ocr_line' id='line_1_19' title="bbox 475 1330 1816 1386; baseline -0.003 -13"><span class='ocrx_word' id='word_1_145' title='bbox 475 1335 590 1373; x_wconf 91' lang='lat' dir='ltr'><strong>XIV.</strong></span> <span class='ocrx_word' id='word_1_146' title='bbox 624 1333 744 1386; x_wconf 84' lang='lat' dir='ltr'>Qod</span> <span class='ocrx_word' id='word_1_147' title='bbox 766 1334 792 1371; x_wconf 90' lang='lat' dir='ltr'>s1</span> <span class='ocrx_word' id='word_1_148' title='bbox 813 1332 973 1372; x_wconf 74' lang='lat' dir='ltr'>fortuna</span> <span class='ocrx_word' id='word_1_149' title='bbox 993 1333 1108 1371; x_wconf 86' lang='lat' dir='ltr'>nobis</span> <span class='ocrx_word' id='word_1_150' title='bbox 1130 1332 1251 1371; x_wconf 88' lang='lat' dir='ltr'>modo</span> <span class='ocrx_word' id='word_1_151' title='bbox 1270 1346 1350 1370; x_wconf 87' lang='lat' dir='ltr'>non</span> <span class='ocrx_word' id='word_1_152' title='bbox 1373 1331 1571 1385; x_wconf 76' lang='lat' dir='ltr'>eripuisset</span> <span class='ocrx_word' id='word_1_153' title='bbox 1594 1332 1699 1370; x_wconf 87' lang='lat' dir='ltr'>Serv.</span> <span class='ocrx_word' id='word_1_154' title='bbox 1724 1330 1816 1369; x_wconf 86' lang='lat' dir='ltr'>Sul-</span> 
     </span>
     <span class='ocr_line' id='line_1_20' title="bbox 418 1398 1818 1454; baseline -0.003 -15"><span class='ocrx_word' id='word_1_155' title='bbox 418 1401 587 1454; x_wconf 88' lang='lat' dir='ltr'>picium,</span> <span class='ocrx_word' id='word_1_156' title='bbox 618 1401 649 1453; x_wconf 89' lang='lat' dir='ltr'>ej</span> <span class='ocrx_word' id='word_1_157' title='bbox 659 1399 778 1452; x_wconf 86' lang='lat' dir='ltr'>usque</span> <span class='ocrx_word' id='word_1_158' title='bbox 799 1399 995 1452; x_wconf 78' lang='lat' dir='ltr'>collegam</span> <span class='ocrx_word' id='word_1_159' title='bbox 1016 1407 1105 1437; x_wconf 87' lang='lat' dir='ltr'>ante</span> <span class='ocrx_word' id='word_1_160' title='bbox 1126 1398 1392 1444; x_wconf 62' lang='lat' dir='ltr'>Marcellum</span> <span class='ocrx_word' id='word_1_161' title='bbox 1426 1411 1525 1451; x_wconf 84' lang='lat' dir='ltr'>quos</span> <span class='ocrx_word' id='word_1_162' title='bbox 1547 1398 1650 1437; x_wconf 88' lang='lat' dir='ltr'>cives</span> <span class='ocrx_word' id='word_1_163' title='bbox 1669 1398 1681 1436; x_wconf 91' lang='lat'>?</span> <span class='ocrx_word' id='word_1_164' title='bbox 1718 1410 1818 1451; x_wconf 91' lang='lat' dir='ltr'>quos</span> 
     </span>
     <span class='ocr_line' id='line_1_21' title="bbox 416 1463 1818 1517; baseline -0.003 -12"><span class='ocrx_word' id='word_1_165' title='bbox 416 1469 553 1506; x_wconf 83' lang='lat' dir='ltr'>viros?</span> <span class='ocrx_word' id='word_1_166' title='bbox 590 1466 616 1505; x_wconf 88' lang='lat' dir='ltr'>fi</span> <span class='ocrx_word' id='word_1_167' title='bbox 652 1466 750 1504; x_wconf 83' lang='lat' dir='ltr'>duos</span> <span class='ocrx_word' id='word_1_168' title='bbox 785 1465 979 1510; x_wconf 84' lang='lat' dir='ltr'>consules,</span> <span class='ocrx_word' id='word_1_169' title='bbox 1012 1464 1263 1504; x_wconf 83' lang='lat' dir='ltr'>amiciffimos</span> <span class='ocrx_word' id='word_1_170' title='bbox 1296 1464 1445 1517; x_wconf 67' lang='lat' dir='ltr'>patriae,</span> <span class='ocrx_word' id='word_1_171' title='bbox 1478 1464 1592 1502; x_wconf 90' lang='lat' dir='ltr'>fimul</span> <span class='ocrx_word' id='word_1_172' title='bbox 1624 1477 1671 1502; x_wconf 88' lang='lat' dir='ltr'>ex</span> <span class='ocrx_word' id='word_1_173' title='bbox 1705 1463 1818 1502; x_wconf 86' lang='lat' dir='ltr'>Italia</span> 
     </span>
     <span class='ocr_line' id='line_1_22' title="bbox 417 1529 1816 1587; baseline -0.003 -15"><span class='ocrx_word' id='word_1_174' title='bbox 417 1535 588 1587; x_wconf 41' lang='lat' dir='ltr'>ejecto&amp;</span> <span class='ocrx_word' id='word_1_175' title='bbox 621 1532 647 1570; x_wconf 89' lang='lat' dir='ltr'><strong>fi</strong></span> <span class='ocrx_word' id='word_1_176' title='bbox 680 1533 729 1571; x_wconf 90' lang='lat' dir='ltr'>L.</span> <span class='ocrx_word' id='word_1_177' title='bbox 754 1531 982 1577; x_wconf 86' lang='lat' dir='ltr'>Afranium,</span> <span class='ocrx_word' id='word_1_178' title='bbox 1015 1531 1216 1570; x_wconf 87' lang='lat' dir='ltr'>summum</span> <span class='ocrx_word' id='word_1_179' title='bbox 1245 1531 1416 1576; x_wconf 83' lang='lat' dir='ltr'>ducem3</span> <span class='ocrx_word' id='word_1_180' title='bbox 1450 1531 1476 1569; x_wconf 87' lang='lat' dir='ltr'><strong>fi</strong></span> <span class='ocrx_word' id='word_1_181' title='bbox 1511 1531 1555 1569; x_wconf 92' lang='lat' dir='ltr'>P.</span> <span class='ocrx_word' id='word_1_182' title='bbox 1579 1529 1816 1575; x_wconf 86' lang='lat' dir='ltr'>Lentulum,</span> 
     </span>
     <span class='ocr_line' id='line_1_23' title="bbox 418 1596 1819 1650; baseline -0.003 -11"><span class='ocrx_word' id='word_1_183' title='bbox 418 1602 548 1640; x_wconf 87' lang='lat' dir='ltr'>civem</span> <span class='ocrx_word' id='word_1_184' title='bbox 568 1613 661 1638; x_wconf 88' lang='lat' dir='ltr'>cum</span> <span class='ocrx_word' id='word_1_185' title='bbox 682 1600 722 1638; x_wconf 90' lang='lat' dir='ltr'>in</span> <span class='ocrx_word' id='word_1_186' title='bbox 746 1600 894 1637; x_wconf 83' lang='lat' dir='ltr'>caeteris</span> <span class='ocrx_word' id='word_1_187' title='bbox 917 1600 1048 1645; x_wconf 87' lang='lat' dir='ltr'>rebus,</span> <span class='ocrx_word' id='word_1_188' title='bbox 1071 1608 1159 1638; x_wconf 91' lang='lat' dir='ltr'>turn</span> <span class='ocrx_word' id='word_1_189' title='bbox 1180 1599 1219 1636; x_wconf 91' lang='lat' dir='ltr'>in</span> <span class='ocrx_word' id='word_1_190' title='bbox 1243 1598 1364 1637; x_wconf 78' lang='lat' dir='ltr'>salute</span> <span class='ocrx_word' id='word_1_191' title='bbox 1384 1611 1484 1644; x_wconf 84' lang='lat' dir='ltr'>mea,</span> <span class='ocrx_word' id='word_1_192' title='bbox 1507 1597 1767 1650; x_wconf 71' lang='lat' dir='ltr'>fingularem5</span> <span class='ocrx_word' id='word_1_193' title='bbox 1791 1596 1819 1635; x_wconf 90' lang='lat' dir='ltr'><strong>fi</strong></span> 
     </span>
     <span class='ocr_line' id='line_1_24' title="bbox 420 1663 1819 1719; baseline -0.004 -13"><span class='ocrx_word' id='word_1_194' title='bbox 420 1667 628 1712; x_wconf 86' lang='lat' dir='ltr'>Bibulum,</span> <span class='ocrx_word' id='word_1_195' title='bbox 646 1667 759 1719; x_wconf 84' lang='lat' dir='ltr'>cujus</span> <span class='ocrx_word' id='word_1_196' title='bbox 776 1665 830 1704; x_wconf 92' lang='lat' dir='ltr'>est</span> <span class='ocrx_word' id='word_1_197' title='bbox 851 1666 892 1704; x_wconf 89' lang='lat' dir='ltr'>in</span> <span class='ocrx_word' id='word_1_198' title='bbox 909 1665 1198 1719; x_wconf 86' lang='lat' dir='ltr'>rempublicam</span> <span class='ocrx_word' id='word_1_199' title='bbox 1220 1666 1363 1703; x_wconf 89' lang='lat' dir='ltr'>merito</span> <span class='ocrx_word' id='word_1_200' title='bbox 1384 1665 1535 1718; x_wconf 89' lang='lat' dir='ltr'>semper</span> <span class='ocrx_word' id='word_1_201' title='bbox 1550 1663 1704 1702; x_wconf 83' lang='lat' dir='ltr'>laudata</span> <span class='ocrx_word' id='word_1_202' title='bbox 1720 1677 1819 1702; x_wconf 87' lang='lat' dir='ltr'>con-</span> 
     </span>
     <span class='ocr_line' id='line_1_25' title="bbox 420 1731 1819 1786; baseline -0.002 -15"><span class='ocrx_word' id='word_1_203' title='bbox 420 1735 585 1778; x_wconf 76' lang='lat' dir='ltr'>stantia3</span> <span class='ocrx_word' id='word_1_204' title='bbox 618 1733 644 1771; x_wconf 87' lang='lat' dir='ltr'>fi</span> <span class='ocrx_word' id='word_1_205' title='bbox 668 1734 716 1771; x_wconf 90' lang='lat' dir='ltr'>L.</span> <span class='ocrx_word' id='word_1_206' title='bbox 742 1733 988 1778; x_wconf 79' lang='lat' dir='ltr'>Domitium,</span> <span class='ocrx_word' id='word_1_207' title='bbox 1021 1732 1376 1786; x_wconf 81' lang='lat' dir='ltr'>praestantiffimum</span> <span class='ocrx_word' id='word_1_208' title='bbox 1398 1732 1555 1777; x_wconf 84' lang='lat' dir='ltr'>civem;</span> <span class='ocrx_word' id='word_1_209' title='bbox 1590 1731 1615 1769; x_wconf 90' lang='lat' dir='ltr'>fi</span> <span class='ocrx_word' id='word_1_210' title='bbox 1637 1731 1819 1783; x_wconf 90' lang='lat' dir='ltr'>Appium</span> 
     </span>
     <span class='ocr_line' id='line_1_26' title="bbox 422 1796 1819 1850; baseline -0.003 -12"><span class='ocrx_word' id='word_1_211' title='bbox 422 1799 654 1843; x_wconf 85' lang='lat' dir='ltr'>Claudium,</span> <span class='ocrx_word' id='word_1_212' title='bbox 678 1800 761 1850; x_wconf 73' lang='lat' dir='ltr'>pari</span> <span class='ocrx_word' id='word_1_213' title='bbox 782 1798 990 1836; x_wconf 83' lang='lat' dir='ltr'>nobilitate</span> <span class='ocrx_word' id='word_1_214' title='bbox 1010 1807 1049 1836; x_wconf 88' lang='lat' dir='ltr'>et</span> <span class='ocrx_word' id='word_1_215' title='bbox 1069 1799 1273 1837; x_wconf 87' lang='lat' dir='ltr'>voluntate</span> <span class='ocrx_word' id='word_1_216' title='bbox 1294 1797 1528 1850; x_wconf 80' lang='lat' dir='ltr'>praeditum3</span> <span class='ocrx_word' id='word_1_217' title='bbox 1553 1797 1579 1835; x_wconf 88' lang='lat' dir='ltr'><strong>fi</strong></span> <span class='ocrx_word' id='word_1_218' title='bbox 1602 1797 1647 1835; x_wconf 87' lang='grc' dir='ltr'>Ρ.</span> <span class='ocrx_word' id='word_1_219' title='bbox 1665 1796 1819 1850; x_wconf 86' lang='lat' dir='ltr'>Scipio-</span> 
     </span>
     <span class='ocr_line' id='line_1_27' title="bbox 421 1862 1817 1917; baseline -0.002 -14"><span class='ocrx_word' id='word_1_220' title='bbox 421 1875 527 1910; x_wconf 77' lang='lat' dir='ltr'>nem&#39;,</span> <span class='ocrx_word' id='word_1_221' title='bbox 546 1865 800 1902; x_wconf 79' lang='lat' dir='ltr'>clariffimum</span> <span class='ocrx_word' id='word_1_222' title='bbox 821 1865 966 1908; x_wconf 86' lang='lat' dir='ltr'>virum,</span> <span class='ocrx_word' id='word_1_223' title='bbox 986 1866 1263 1917; x_wconf 80' lang='lat' dir='ltr'>majorumque</span> <span class='ocrx_word' id='word_1_224' title='bbox 1279 1864 1438 1902; x_wconf 85' lang='lat' dir='ltr'>suorum</span> <span class='ocrx_word' id='word_1_225' title='bbox 1455 1864 1720 1908; x_wconf 85' lang='lat' dir='ltr'>fimillimum,</span> <span class='ocrx_word' id='word_1_226' title='bbox 1739 1862 1817 1900; x_wconf 90' lang='lat' dir='ltr'>res—</span> 
     </span>
     <span class='ocr_line' id='line_1_28' title="bbox 421 1928 1818 1986; baseline -0.003 -16"><span class='ocrx_word' id='word_1_227' title='bbox 421 1932 584 1986; x_wconf 83' lang='lat' dir='ltr'>publica</span> <span class='ocrx_word' id='word_1_228' title='bbox 604 1940 733 1968; x_wconf 87' lang='lat' dir='ltr'>tenere</span> <span class='ocrx_word' id='word_1_229' title='bbox 754 1930 959 1983; x_wconf 82' lang='lat' dir='ltr'>potuiffet:</span> <span class='ocrx_word' id='word_1_230' title='bbox 984 1940 1088 1968; x_wconf 84' lang='lat' dir='ltr'>certe</span> <span class='ocrx_word' id='word_1_231' title='bbox 1108 1929 1170 1968; x_wconf 90' lang='lat' dir='ltr'>his</span> <span class='ocrx_word' id='word_1_232' title='bbox 1192 1929 1463 1968; x_wconf 85' lang='lat' dir='ltr'>consularibus</span> <span class='ocrx_word' id='word_1_233' title='bbox 1481 1943 1560 1968; x_wconf 90' lang='lat' dir='ltr'>non</span> <span class='ocrx_word' id='word_1_234' title='bbox 1582 1928 1673 1967; x_wconf 85' lang='lat' dir='ltr'>effet</span> <span class='ocrx_word' id='word_1_235' title='bbox 1694 1929 1818 1967; x_wconf 89' lang='lat' dir='ltr'>Pom-</span> 
     </span>
     <span class='ocr_line' id='line_1_29' title="bbox 423 1997 1820 2052; baseline -0.004 -14"><span class='ocrx_word' id='word_1_236' title='bbox 423 2000 583 2052; x_wconf 83' lang='lat' dir='ltr'>peianus</span> <span class='ocrx_word' id='word_1_237' title='bbox 606 1997 877 2050; x_wconf 86' lang='lat' dir='ltr'>despiciendus</span> <span class='ocrx_word' id='word_1_238' title='bbox 899 1997 1066 2036; x_wconf 83' lang='lat' dir='ltr'>senatus.</span> <span class='ocrx_word' id='word_1_239' title='bbox 1090 1998 1240 2036; x_wconf 90' lang='lat' dir='ltr'>Utrum</span> <span class='ocrx_word' id='word_1_240' title='bbox 1257 1998 1380 2049; x_wconf 89' lang='lat' dir='ltr'>igitur</span> <span class='ocrx_word' id='word_1_241' title='bbox 1396 1997 1560 2050; x_wconf 80' lang='lat' dir='ltr'>aequius,</span> <span class='ocrx_word' id='word_1_242' title='bbox 1580 2004 1716 2034; x_wconf 89' lang='lat' dir='ltr'>utrum</span> <span class='ocrx_word' id='word_1_243' title='bbox 1733 2009 1820 2034; x_wconf 86' lang='lat' dir='ltr'>me-</span> 
     </span>
     <span class='ocr_line' id='line_1_30' title="bbox 422 2062 1822 2117; baseline -0.002 -14"><span class='ocrx_word' id='word_1_244' title='bbox 422 2066 500 2104; x_wconf 86' lang='lat' dir='ltr'>lius</span> <span class='ocrx_word' id='word_1_245' title='bbox 523 2064 750 2116; x_wconf 84' lang='lat' dir='ltr'>reipublicae</span> <span class='ocrx_word' id='word_1_246' title='bbox 770 2063 863 2108; x_wconf 88' lang='lat' dir='ltr'>fuit,</span> <span class='ocrx_word' id='word_1_247' title='bbox 888 2065 965 2102; x_wconf 90' lang='lat' dir='ltr'>Cn.</span> <span class='ocrx_word' id='word_1_248' title='bbox 986 2064 1239 2117; x_wconf 87' lang='lat' dir='ltr'>Pompeium,</span> <span class='ocrx_word' id='word_1_249' title='bbox 1262 2078 1309 2102; x_wconf 86' lang='lat' dir='ltr'>an</span> <span class='ocrx_word' id='word_1_250' title='bbox 1332 2063 1518 2101; x_wconf 57' lang='lat' dir='ltr'>sectorem</span> <span class='ocrx_word' id='word_1_251' title='bbox 1542 2064 1618 2101; x_wconf 92' lang='lat' dir='ltr'>Cn.</span> <span class='ocrx_word' id='word_1_252' title='bbox 1640 2062 1822 2115; x_wconf 88' lang='lat' dir='ltr'>Pompeii</span> 
     </span>
     <span class='ocr_line' id='line_1_31' title="bbox 426 2129 1817 2184; baseline -0.002 -14"><span class='ocrx_word' id='word_1_253' title='bbox 426 2134 550 2171; x_wconf 80' lang='lat' dir='ltr'>vivere</span> <span class='ocrx_word' id='word_1_254' title='bbox 573 2132 830 2169; x_wconf 87' lang='lat' dir='ltr'>Antonium?</span> <span class='ocrx_word' id='word_1_255' title='bbox 907 2131 946 2168; x_wconf 84' lang='lat' dir='ltr'>ui</span> <span class='ocrx_word' id='word_1_256' title='bbox 978 2145 1069 2169; x_wconf 90' lang='lat' dir='ltr'>vero</span> <span class='ocrx_word' id='word_1_257' title='bbox 1101 2131 1305 2184; x_wconf 78' lang='lat' dir='ltr'>praetorii?</span> <span class='ocrx_word' id='word_1_258' title='bbox 1338 2144 1509 2183; x_wconf 89' lang='lat' dir='ltr'>quorum</span> <span class='ocrx_word' id='word_1_259' title='bbox 1540 2131 1723 2182; x_wconf 88' lang='lat' dir='ltr'>princeps</span> <span class='ocrx_word' id='word_1_260' title='bbox 1753 2129 1817 2167; x_wconf 88' lang='lat' dir='ltr'>M.</span> 
     </span>
     <span class='ocr_line' id='line_1_32' title="bbox 426 2196 1820 2250; baseline -0.004 -12"><span class='ocrx_word' id='word_1_261' title='bbox 426 2201 540 2244; x_wconf 84' lang='lat' dir='ltr'>Cato,</span> <span class='ocrx_word' id='word_1_262' title='bbox 557 2198 741 2250; x_wconf 87' lang='lat' dir='ltr'>idemque</span> <span class='ocrx_word' id='word_1_263' title='bbox 755 2198 937 2235; x_wconf 89' lang='lat' dir='ltr'>omnium</span> <span class='ocrx_word' id='word_1_264' title='bbox 951 2198 1132 2250; x_wconf 87' lang='lat' dir='ltr'>gentium</span> <span class='ocrx_word' id='word_1_265' title='bbox 1147 2199 1292 2237; x_wconf 91' lang='lat' dir='ltr'>virtute</span> <span class='ocrx_word' id='word_1_266' title='bbox 1306 2198 1503 2250; x_wconf 87' lang='lat' dir='ltr'>princeps.</span> <span class='ocrx_word' id='word_1_267' title='bbox 1522 2196 1632 2249; x_wconf 85' lang='lat' dir='ltr'>Qid</span> <span class='ocrx_word' id='word_1_268' title='bbox 1648 2197 1820 2249; x_wconf 83' lang='lat' dir='ltr'>reliquos</span> 
     </span>
     <span class='ocr_line' id='line_1_33' title="bbox 425 2263 1820 2316; baseline -0.002 -13"><span class='ocrx_word' id='word_1_269' title='bbox 425 2265 651 2303; x_wconf 80' lang='lat' dir='ltr'>clariffimos</span> <span class='ocrx_word' id='word_1_270' title='bbox 674 2264 775 2302; x_wconf 85' lang='lat' dir='ltr'>viros</span> <span class='ocrx_word' id='word_1_271' title='bbox 798 2278 1108 2302; x_wconf 85' lang='lat' dir='ltr'>commemorem</span> <span class='ocrx_word' id='word_1_272' title='bbox 1130 2266 1142 2302; x_wconf 89' lang='lat'>?</span> <span class='ocrx_word' id='word_1_273' title='bbox 1176 2264 1293 2303; x_wconf 89' lang='lat' dir='ltr'>nostis</span> <span class='ocrx_word' id='word_1_274' title='bbox 1315 2277 1468 2303; x_wconf 83' lang='lat' dir='ltr'>omncs.</span> <span class='ocrx_word' id='word_1_275' title='bbox 1513 2263 1647 2316; x_wconf 78' lang='lat' dir='ltr'>Magis</span> <span class='ocrx_word' id='word_1_276' title='bbox 1673 2276 1820 2307; x_wconf 89' lang='lat' dir='ltr'>vereor,</span> 
     </span>
     <span class='ocr_line' id='line_1_34' title="bbox 425 2331 1821 2384; baseline -0.002 -14"><span class='ocrx_word' id='word_1_277' title='bbox 425 2347 472 2371; x_wconf 91' lang='lat' dir='ltr'>ne</span> <span class='ocrx_word' id='word_1_278' title='bbox 494 2332 661 2383; x_wconf 83' lang='lat' dir='ltr'>longum</span> <span class='ocrx_word' id='word_1_279' title='bbox 682 2345 745 2368; x_wconf 84' lang='lat' dir='ltr'>me</span> <span class='ocrx_word' id='word_1_280' title='bbox 768 2331 807 2368; x_wconf 92' lang='lat' dir='ltr'>in</span> <span class='ocrx_word' id='word_1_281' title='bbox 830 2331 1109 2376; x_wconf 82' lang='lat' dir='ltr'>enumerando,</span> <span class='ocrx_word' id='word_1_282' title='bbox 1143 2344 1263 2384; x_wconf 84' lang='lat' dir='ltr'>quam</span> <span class='ocrx_word' id='word_1_283' title='bbox 1297 2345 1344 2369; x_wconf 90' lang='lat' dir='ltr'>ne</span> <span class='ocrx_word' id='word_1_284' title='bbox 1366 2332 1567 2383; x_wconf 85' lang='lat' dir='ltr'>ingratum</span> <span class='ocrx_word' id='word_1_285' title='bbox 1598 2331 1638 2368; x_wconf 87' lang='lat' dir='ltr'>in</span> <span class='ocrx_word' id='word_1_286' title='bbox 1660 2338 1821 2382; x_wconf 80' lang='lat' dir='ltr'>praeter-</span> 
     </span>
     <span class='ocr_line' id='line_1_35' title="bbox 425 2395 1819 2450; baseline -0.002 -15"><span class='ocrx_word' id='word_1_287' title='bbox 425 2398 568 2442; x_wconf 83' lang='lat' dir='ltr'>eundo,</span> <span class='ocrx_word' id='word_1_288' title='bbox 602 2397 762 2449; x_wconf 72' lang='lat' dir='ltr'>putetiS.</span> <span class='ocrx_word' id='word_1_289' title='bbox 815 2398 897 2448; x_wconf 86' lang='lat' dir='ltr'>Qi</span> <span class='ocrx_word' id='word_1_290' title='bbox 924 2397 1076 2435; x_wconf 78' lang='lat' dir='ltr'>aedilitii</span> <span class='ocrx_word' id='word_1_291' title='bbox 1097 2398 1109 2434; x_wconf 89' lang='lat'>?</span> <span class='ocrx_word' id='word_1_292' title='bbox 1142 2398 1211 2450; x_wconf 89' lang='lat' dir='ltr'>qui</span> <span class='ocrx_word' id='word_1_293' title='bbox 1234 2397 1434 2435; x_wconf 86' lang='lat' dir='ltr'>tribunitii</span> <span class='ocrx_word' id='word_1_294' title='bbox 1455 2398 1468 2434; x_wconf 90' lang='lat'>?</span> <span class='ocrx_word' id='word_1_295' title='bbox 1500 2397 1569 2449; x_wconf 90' lang='lat' dir='ltr'>qui</span> <span class='ocrx_word' id='word_1_296' title='bbox 1592 2395 1786 2449; x_wconf 85' lang='lat' dir='ltr'>quaestorii</span> <span class='ocrx_word' id='word_1_297' title='bbox 1806 2395 1819 2432; x_wconf 88' lang='lat'>?</span> 
     </span>
     <span class='ocr_line' id='line_1_36' title="bbox 426 2461 1822 2516; baseline -0.004 -14"><span class='ocrx_word' id='word_1_298' title='bbox 426 2464 535 2516; x_wconf 60' lang='lat' dir='ltr'>‹Qid</span> <span class='ocrx_word' id='word_1_299' title='bbox 557 2464 682 2501; x_wconf 80' lang='lat' dir='ltr'>multa</span> <span class='ocrx_word' id='word_1_300' title='bbox 701 2465 713 2501; x_wconf 87' lang='lat'>?</span> <span class='ocrx_word' id='word_1_301' title='bbox 747 2464 834 2501; x_wconf 83' lang='lat' dir='ltr'>talis</span> <span class='ocrx_word' id='word_1_302' title='bbox 857 2464 1078 2502; x_wconf 78' lang='lat' dir='ltr'>senatorum</span> <span class='ocrx_word' id='word_1_303' title='bbox 1099 2473 1137 2502; x_wconf 89' lang='lat' dir='ltr'>et</span> <span class='ocrx_word' id='word_1_304' title='bbox 1159 2464 1330 2516; x_wconf 79' lang='lat' dir='ltr'>dignitas</span> <span class='ocrx_word' id='word_1_305' title='bbox 1352 2473 1390 2501; x_wconf 84' lang='lat' dir='ltr'>et</span> <span class='ocrx_word' id='word_1_306' title='bbox 1411 2462 1630 2502; x_wconf 89' lang='lat' dir='ltr'>multitudo</span> <span class='ocrx_word' id='word_1_307' title='bbox 1651 2461 1744 2506; x_wconf 85' lang='lat' dir='ltr'>fuit,</span> <span class='ocrx_word' id='word_1_308' title='bbox 1777 2469 1822 2498; x_wconf 89' lang='lat' dir='ltr'>ut</span> 
     </span>
     <span class='ocr_line' id='line_1_37' title="bbox 426 2529 1821 2583; baseline -0.003 -15"><span class='ocrx_word' id='word_1_309' title='bbox 426 2544 566 2583; x_wconf 72' lang='lat' dir='ltr'>magna</span> <span class='ocrx_word' id='word_1_310' title='bbox 586 2529 834 2568; x_wconf 82' lang='lat' dir='ltr'>excusatione</span> <span class='ocrx_word' id='word_1_311' title='bbox 855 2544 952 2583; x_wconf 62' lang='lat' dir='ltr'>opus</span> <span class='ocrx_word' id='word_1_312' title='bbox 976 2531 1021 2569; x_wconf 64' lang='lat' dir='ltr'>iis</span> <span class='ocrx_word' id='word_1_313' title='bbox 1046 2531 1104 2576; x_wconf 77' lang='lat' dir='ltr'>fit,</span> <span class='ocrx_word' id='word_1_314' title='bbox 1135 2531 1205 2583; x_wconf 88' lang='lat' dir='ltr'>qui</span> <span class='ocrx_word' id='word_1_315' title='bbox 1226 2530 1294 2569; x_wconf 82' lang='lat' dir='ltr'>illa</span> <span class='ocrx_word' id='word_1_316' title='bbox 1315 2531 1356 2568; x_wconf 89' lang='lat' dir='ltr'>in</span> <span class='ocrx_word' id='word_1_317' title='bbox 1378 2529 1496 2568; x_wconf 79' lang='lat' dir='ltr'>castra</span> <span class='ocrx_word' id='word_1_318' title='bbox 1516 2542 1594 2566; x_wconf 92' lang='lat' dir='ltr'>non</span> <span class='ocrx_word' id='word_1_319' title='bbox 1617 2535 1821 2566; x_wconf 81' lang='lat' dir='ltr'>venerunt.</span> 
     </span>
    </p>
   </div>
  </div>
 </body>
</html>
