2076 2860
464 197 542 248 418
818 194 894 232 IN
954 192 1018 230 M.
1081 191 1507 230 ANTONIUM

464 297 679 335 Antonius.
706 295 885 332 Primum
907 295 957 332 L.
981 293 1166 331 fratrem:
1190 306 1309 346 quam
1331 292 1474 338 facem,
1495 293 1565 331 Dii
1587 293 1860 332 immortales?

462 363 569 415 quod
586 362 763 399 facinus?
787 356 893 412 quod
911 359 1059 397 scelus?
1083 373 1203 411 quem
1219 360 1444 411 gurgitem?
1469 374 1588 412 quam
1605 360 1858 412 voraginem?

462 429 559 481 quid
576 442 666 465 eum
685 441 763 464 non
781 426 934 464 sorbere
950 426 1097 470 animo,
1116 426 1212 478 quid
1235 440 1313 463 non
1336 425 1490 464 haurire
1510 428 1764 478 cogitatione,
1788 441 1860 464 cu-

456 496 522 546 jus
544 494 774 545 sanguinem
797 506 874 530 non
898 492 1046 536 bibere,
1070 491 1262 530 censetis?
1285 492 1327 529 in
1348 493 1460 544 cujus
1484 493 1726 544 poffeffiones
1745 502 1862 545 atque

461 559 639 597 fortunas
669 573 745 596 non
776 557 1135 611 impudentiffimos
1164 558 1300 595 oculos
1329 557 1394 610 spe
1425 567 1463 596 et
1496 568 1628 596 mente
1660 558 1858 610 defigere?

462 626 573 677 Qid
596 625 887 663 Censorinum?
912 625 981 676 qui
1002 623 1038 661 se
1055 624 1174 662 verbo
1191 633 1397 676 praetorem
1414 624 1486 662 effe
1504 624 1700 662 urbanum
1717 638 1859 676 cupere

461 692 631 737 dicebat,
651 705 689 729 re
706 700 809 729 certe
826 691 970 729 noluit.
995 690 1106 742 Qid
1124 690 1315 729 Bestiam?
1339 691 1408 742 qui
1424 690 1673 729 consulatum
1690 690 1731 728 in
1749 690 1860 728 Bruti

462 759 598 797 locum
620 759 655 796 se
675 767 806 811 petere
827 757 1048 810 profitetur.
1074 758 1208 810 Atque
1228 756 1304 795 hoc
1323 757 1486 810 quidem
1503 757 1727 795 detestabile
1744 770 1861 795 omen

460 834 606 863 avertat
627 825 784 877 Jupiter
803 824 809 860 !
845 825 978 875 Qam
999 823 1210 861 absurdum
1232 833 1379 868 autem,
1412 824 1482 875 qui
1504 832 1646 876 praetor
1668 822 1751 860 fieri
1780 836 1859 860 non

460 892 650 943 potuerit,
682 904 773 927 eum
795 899 925 942 petere
947 889 1196 928 consulatum
1214 891 1226 927 ?
1259 890 1329 927 nifi
1350 889 1452 928 forte
1474 889 1770 927 damnationem
1790 902 1862 942 pro

461 966 628 1009 praetura
648 965 774 1009 putat.
808 956 923 994 Alter
945 956 1083 1001 Caesar,
1103 956 1297 1009 Vopiscus
1319 956 1402 1001 ille,
1425 955 1548 994 homo
1569 955 1724 994 summo
1746 955 1859 1007 inge-

462 1023 543 1068 nio,
575 1022 728 1060 summa
748 1022 939 1074 potentia,
973 1022 1042 1074 qui
1070 1035 1118 1060 ex
1139 1021 1323 1060 aedilitate
1343 1022 1593 1059 consulatum
1613 1022 1727 1074 petit.
1771 1020 1860 1058 Sol-

460 1098 572 1127 vatur
593 1089 764 1141 legibus.
798 1089 1038 1140 Qanquam
1059 1088 1164 1140 leges
1186 1101 1278 1126 eum
1299 1101 1378 1126 non
1402 1097 1560 1126 tenent:
1594 1096 1753 1140 propter
1773 1088 1860 1125 exi-

460 1156 598 1200 miam,
630 1154 761 1200 credo,
793 1154 1043 1206 dignitatem.
1088 1155 1144 1192 At
1164 1153 1247 1199 hic,
1280 1168 1343 1192 me
1364 1154 1614 1199 defendente,
1647 1153 1859 1206 quinquies

458 1222 660 1259 absolutus
682 1220 749 1258 est.
784 1221 898 1258 Sexta
917 1220 1048 1273 palma
1067 1220 1228 1265 urbana,
1251 1221 1370 1258 etiarn
1391 1221 1432 1258 in
1453 1220 1682 1272 gladiatore,
1711 1219 1858 1257 diffici-

460 1288 524 1326 lis.
568 1287 640 1325 Sed
667 1286 750 1324 haee
772 1286 959 1338 judicum
986 1286 1117 1338 culpa,
1150 1299 1229 1323 non
1257 1299 1344 1324 mea
1369 1286 1437 1324 est.
1480 1287 1569 1338 Ego
1595 1284 1756 1323 defendi
1783 1285 1859 1323 fide

458 1355 634 1407 optima:
668 1353 728 1390 illi
751 1352 972 1389 debuerunt
993 1352 1248 1390 clariffimum
1269 1361 1308 1390 et
1328 1351 1684 1405 praestantiffimum
1704 1351 1859 1390 senato-

458 1433 541 1458 rem
562 1420 604 1458 in
626 1419 784 1457 civitate
806 1418 986 1457 retinere.
1026 1418 1109 1470 Qi
1132 1427 1263 1456 tamen
1284 1432 1392 1456 nunc
1414 1417 1516 1456 nihil
1537 1417 1644 1455 aliud
1665 1431 1776 1470 agere
1795 1418 1857 1456 vi-

457 1486 585 1530 detur,
619 1484 689 1522 nisi
711 1493 755 1522 ut
779 1483 1065 1536 intelligamus,
1098 1483 1205 1528 illos,
1237 1497 1410 1536 quorum
1432 1497 1489 1521 res
1505 1482 1701 1536 judicatas
1730 1483 1857 1521 irritas

458 1551 642 1596 fecimus,
676 1551 774 1588 bene
794 1560 833 1588 et
853 1564 874 1588 e
895 1550 1098 1603 republica
1113 1550 1358 1602 judicavisse.

514 1619 658 1670 Neque
686 1616 763 1655 hoc
791 1617 832 1654 in
859 1616 937 1655 hoc
966 1631 1045 1655 uno
1073 1616 1153 1655 est:
1188 1616 1277 1655 sunt
1305 1616 1371 1654 alii
1399 1616 1439 1654 in
1461 1615 1606 1654 eisdem
1628 1614 1759 1654 castris
1780 1614 1857 1654 ho-

458 1684 561 1723 neste
588 1684 857 1729 condemnati,
890 1683 1059 1736 turpiter
1083 1683 1266 1722 restituti.
1310 1683 1431 1735 Qod
1458 1681 1604 1720 horum
1631 1682 1856 1727 confilium,

457 1752 527 1802 qui
544 1751 731 1788 omnibus
748 1750 864 1788 bonis
881 1748 1008 1787 hostes
1026 1749 1130 1794 sunt,
1149 1749 1219 1788 nifi
1237 1749 1564 1793 crudelissimum,
1583 1748 1730 1800 putatis
1747 1747 1856 1786 fore?

457 1816 626 1866 Accedit
649 1817 745 1853 Saxa
766 1816 895 1853 nescio
916 1816 1020 1867 quiS,
1054 1829 1175 1867 quem
1202 1815 1317 1853 nobis
1341 1815 1465 1854 Caesar
1486 1829 1533 1854 ex
1555 1815 1699 1853 ultima
1726 1815 1856 1853 Celti-

459 1882 567 1921 beria
599 1882 807 1919 tribunum
830 1881 957 1933 plebis
985 1881 1108 1926 dedit,
1140 1881 1354 1919 castrorum
1381 1891 1492 1919 antea
1519 1890 1712 1926 metator,
1734 1895 1855 1926 nunc,

459 1958 501 1986 ut
530 1948 667 2000 sperat,
700 1947 808 1985 urbis
829 1962 836 1984 :
870 1961 890 1984 a
915 1960 993 1999 qua
1012 1949 1105 1984 c'um
1126 1947 1171 1985 fit
1192 1947 1357 1992 alienus,
1389 1947 1457 1984 suo
1478 1947 1614 1999 capiti,
1647 1946 1758 1985 salvis
1780 1960 1853 1985 no—

458 2014 533 2058 bis,
565 2013 779 2051 ominetur.
815 2013 920 2051 Cum
942 2012 1018 2050 hoc
1039 2022 1243 2051 veteranus
1266 2012 1429 2065 Capho:
1464 2026 1543 2064 quo
1564 2012 1766 2050 neminem
1788 2026 1855 2051 ve·-

458 2080 579 2118 terani
602 2080 711 2132 pejus
733 2079 915 2117 oderunt.
957 2079 1051 2124 His,
1084 2079 1189 2131 quasi
1222 2088 1359 2131 praeter
1391 2078 1539 2123 dotem,
1572 2092 1692 2131 quam
1720 2078 1761 2116 in
1794 2079 1855 2117 ci-

456 2146 603 2184 vilibus
625 2146 738 2183 malis
761 2155 1002 2198 acceperant,
1035 2159 1174 2198 agrum
1203 2147 1455 2199 Campanum
1487 2145 1539 2183 est
1572 2145 1735 2197 largitus
1763 2146 1854 2183 An-

457 2213 604 2257 tonius,
638 2221 680 2249 ut
701 2211 890 2249 haberent
913 2212 1156 2261 reliquorum
1177 2213 1394 2251 nutriculas
1416 2211 1653 2265 praediorum
1672 2227 1680 2250 ε
1705 2211 1852 2263 quibus

457 2280 608 2317 utinam
641 2279 819 2316 contenti
852 2277 996 2316 effent!
1031 2277 1249 2317 ferremus:
1287 2279 1354 2317 etsi
1391 2278 1593 2316 tolerabile
1629 2292 1708 2316 non
1743 2286 1851 2316 erat:

456 2345 518 2383 sed
551 2344 707 2396 quidvis
740 2343 970 2396 patiendum
1004 2343 1095 2389 fuit,
1129 2353 1172 2382 ut
1205 2343 1281 2382 hoc
1316 2346 1563 2383 teterrimum
1592 2344 1744 2382 bellurn
1772 2356 1852 2381 non

457 2411 704 2449 haberemus.

510 2479 583 2516 Vl.
618 2476 759 2529 Qid?
793 2476 861 2514 illa
891 2476 1103 2514 castrorum
1137 2477 1201 2516 M.
1226 2477 1394 2515 Antonii
1427 2477 1581 2515 lumina
1607 2489 1738 2515 nonne
1764 2483 1853 2514 ante
