2076 2860
642 206 719 245 IN
780 206 829 245 L.
892 204 1251 245 PISONEM.
1578 219 1651 259 175

248 305 537 350 auctoritatem,
560 302 793 341 sententiam
815 303 1063 348 senatoriam,
1096 302 1228 348 nobis,
1260 310 1342 348 aut,
1374 310 1419 340 ut
1439 302 1568 341 verius
1590 302 1654 339 di-

248 384 350 416 cam,
383 371 572 423 culquam
592 383 631 408 es
654 369 934 415 infirmiffimo,
965 383 1009 407 ac
1032 369 1351 422 desperatissimo,
1383 369 1654 408 antelaturus?

299 438 483 476 XXVII.
515 438 618 489 Age,
642 435 794 475 senatus
816 436 902 474 odit
923 446 976 482 te,
998 435 1107 489 quod
1127 450 1220 474 eum
1242 445 1286 475 tu
1306 435 1533 489 facerejure
1554 450 1652 474 con-

246 503 368 550 cedis,
389 502 622 542 afflidtorem
641 512 681 541 et
701 502 942 556 perditorem
963 516 1043 541 non
1064 502 1185 541 modo
1206 502 1411 556 dignitatis
1428 512 1467 541 et
1482 503 1653 541 auetori-

248 571 354 616 tatis,
373 570 437 610 sed
451 570 619 610 omnino
634 570 784 608 ordinis
801 584 844 608 ac
861 570 1036 608 nominis
1054 569 1112 608 sui
1127 585 1137 608 ε
1160 569 1291 608 videre
1310 570 1463 623 equites
1480 570 1654 608 Romani

249 651 329 676 non
349 637 522 690 poffunt‚
554 650 635 690 quo
655 651 703 675 ex
724 637 862 675 ordine
882 637 942 674 vir
962 635 1293 689 praestantiffimus
1314 645 1353 674 et
1374 635 1654 681 ornatiffimus‚

249 705 298 743 L.
323 704 469 750 AElius,
502 704 555 743 est
586 713 623 742 te
652 703 813 742 consule
844 703 1065 757 relegatus:
1098 702 1211 755 plebs
1242 703 1424 740 Romana
1452 702 1655 755 perditum

250 771 376 823 cupit,
409 771 451 808 in
473 771 586 823 cujus
609 778 652 807 tu
674 769 882 808 infamiam
902 784 959 814 ea,
989 783 1075 822 quae
1096 782 1165 821 per
1185 768 1356 806 latrones
1377 778 1416 806 et
1437 782 1506 820 per
1527 768 1653 806 servos

250 836 298 874 de
318 850 383 874 me
402 850 533 889 egeras
549 866 560 882 ,
592 835 796 874 contulisti
815 851 823 873 :
858 835 971 873 Italia
991 835 1134 872 cuncta
1153 844 1358 872 execratur
1371 863 1382 880 ,
1402 835 1527 887 vcujus
1549 834 1655 871 idem

252 912 295 942 tu
316 903 584 956 superbiffime
605 902 759 941 decreta
778 911 817 940 et
837 915 971 955 preces
993 900 1218 954 repudiasti.

307 970 386 1008 Fac
407 968 526 1022 hujus
547 968 630 1006 odii
651 969 810 1006 tantiae
828 978 909 1006 tam
927 967 1093 1006 univerfi
1114 967 1355 1020 periculum,
1378 967 1405 1005 fi
1427 967 1559 1006 audes.
1585 968 1654 1006 In-

249 1035 349 1073 stant
369 1035 454 1088 post
473 1034 688 1073 hominum
704 1035 939 1072 memoriam
955 1033 1233 1086 apparatissimi
1255 1033 1655 1086 magnificentiffimi-

250 1115 326 1154 que
347 1102 447 1146 ludi,
470 1101 604 1154 quales
626 1115 705 1139 non
728 1101 849 1139 modo
870 1115 1077 1154 nunquam
1098 1099 1276 1145 fuerunt,
1299 1100 1363 1138 sed
1384 1114 1432 1138 ne
1453 1099 1658 1153 quomodo

250 1167 333 1206 fieri
355 1167 519 1221 quidem
535 1167 696 1220 posthac
718 1168 876 1220 poffint,
900 1168 1053 1221 poffum
1075 1167 1160 1206 ullo
1181 1169 1294 1220 pacto
1311 1167 1511 1220 suspicari.
1535 1167 1599 1205 Da
1620 1176 1656 1205 te

251 1234 402 1287 populo
417 1263 428 1280 ‚
461 1235 670 1274 committe
706 1234 824 1272 ludis.
878 1234 1051 1272 Sibilum
1082 1234 1229 1272 metuis
1249 1235 1262 1271 ?
1301 1233 1370 1271 ubi
1404 1233 1493 1272 sunt
1525 1232 1657 1271 vestrae

252 1299 395 1343 scholae
414 1301 427 1338 ?
461 1301 525 1339 Ne
546 1301 785 1339 acclametur
804 1302 817 1338 ?
850 1315 898 1338 ne
926 1300 966 1338 id
987 1301 1151 1354 quidem
1172 1300 1225 1338 est
1244 1314 1379 1338 curare
1409 1298 1653 1353 philosophi.

251 1367 400 1406 Manus
423 1366 498 1405 tibi
519 1381 568 1405 ne
587 1366 813 1413 afferantur,
838 1367 969 1406 times.
993 1367 1122 1405 Dolor
1137 1367 1245 1405 enim
1261 1366 1313 1405 est
1329 1366 1496 1412 malurn,
1516 1376 1559 1404 ut
1576 1365 1655 1404 dis-

251 1444 365 1487 putas
385 1449 394 1473 :
417 1433 669 1479 existimatio,
693 1433 878 1479 dedecus,
901 1433 1079 1480 infamia,
1104 1433 1325 1487 turpitudo,
1349 1433 1464 1471 verba
1485 1433 1575 1471 sunt
1595 1442 1655 1471 at-

251 1514 329 1554 que
349 1500 524 1553 ineptiae.
557 1501 630 1538 Sed
650 1501 698 1540 de
719 1499 796 1539 hoc
818 1515 896 1539 non
919 1501 1060 1539 dubito
1079 1516 1088 1538 ε
1122 1514 1201 1538 non
1223 1500 1384 1538 audebit
1408 1499 1590 1537 accedere
1610 1499 1657 1536 ad

251 1567 381 1607 ludos.
416 1567 660 1605 Convivium
690 1567 901 1619 publicum
933 1581 1011 1605 non
1034 1566 1238 1618 dignitatis
1261 1566 1384 1617 gratia
1404 1565 1551 1603 inibit:
1584 1565 1655 1603 nisi

252 1631 369 1678 forte,
402 1642 446 1670 ut
466 1646 559 1670 cum
582 1633 627 1670 P.
653 1633 814 1677 Clodio,
846 1632 923 1670 hoc
944 1632 1012 1677 est,
1035 1646 1128 1670 cum
1149 1631 1350 1669 amoribus
1374 1631 1466 1676 suis,
1498 1641 1653 1669 coenet:

252 1698 316 1737 sed
337 1698 452 1752 plane
472 1698 597 1735 animi
619 1697 676 1735 sui
697 1698 821 1737 causa.

310 1765 445 1803 Ludos
467 1764 582 1802 nobis
604 1764 739 1803 idiotis
761 1765 973 1817 relinquet.
1018 1763 1124 1802 Solet
1145 1764 1253 1801 enim
1269 1793 1279 1809 ,
1312 1763 1354 1800 in
1375 1763 1656 1816 disputationi-

253 1831 327 1871 bus
348 1831 426 1870 suis
441 1860 453 1876 ,
484 1831 695 1869 oculorum
715 1840 755 1870 et
775 1831 931 1869 aurium
952 1830 1203 1869 delectationi
1224 1829 1449 1869 abdominis
1471 1830 1533 1868 vol
1542 1839 1656 1883 upta-

253 1907 310 1937 tes
330 1896 536 1937 anteferre.
579 1898 687 1936 Nam
703 1927 713 1942 ‚
747 1896 855 1950 quod
884 1897 996 1935 vobis
1028 1896 1096 1935 iste
1118 1896 1399 1935 tantummodo
1419 1896 1627 1949 improbus
1643 1926 1655 1942 ‚

253 1964 423 2005 crudeli-s
445 1963 545 2002 olim
564 1962 819 2009 furunculus,
851 1978 958 2002 nunc
979 1977 1070 2002 vero
1091 1964 1212 2002 etiam
1239 1977 1371 2016 rapax,
1403 1963 1511 2016 quod
1531 1963 1656 2002 sordi-

253 2031 341 2077 dus,
374 2031 482 2085 quod
502 2040 734 2076 contumax,
767 2031 874 2083 quod
897 2030 1100 2083 superbus,
1132 2029 1240 2083 quod
1260 2029 1395 2075 fallax,
1427 2030 1535 2083 quod
1565 2045 1656 2083 per-

253 2097 428 2143 fidiosus,
461 2097 569 2150 quod
589 2097 817 2149 impudens,
849 2097 957 2149 quod
978 2096 1102 2135 audax
1123 2097 1195 2135 effe
1216 2096 1420 2141 videatur,·
1454 2096 1558 2135 nihil
1580 2097 1656 2135 sci-

254 2173 336 2203 tote
364 2164 438 2202 effe
467 2163 719 2207 luxuriosum,
752 2162 854 2200 nihil
886 2163 1149 2208 libidinosius,
1183 2162 1285 2201 nihil
1316 2162 1520 2215 posterius,
1554 2162 1656 2201 nihil

255 2230 679 2282 nequius.'Luxuriam
699 2238 832 2267 autem
847 2230 888 2267 in
910 2229 982 2267 isto
1003 2229 1127 2268 nolite
1142 2228 1244 2267 hanc
1265 2230 1457 2281 cogitare:
1476 2229 1530 2267 est
1549 2230 1657 2267 enim

254 2295 448 2349 quaedam,
481 2309 707 2347 quanquam
729 2296 859 2334 omnis
881 2296 934 2334 est
950 2296 1093 2335 ‘vitiosa
1111 2305 1229 2348 atque
1251 2297 1393 2348 turpis,
1427 2305 1557 2334 tamen
1591 2296 1655 2333 in-

254 2375 386 2415 genuo
406 2374 448 2398 ac
471 2360 595 2399 libero
617 2361 787 2413 dignior.
821 2361 941 2401 Nihil
966 2362 1070 2415 apud
1099 2361 1208 2400 hunc
1238 2361 1392 2400 lautum
1407 2391 1419 2406 ‚
1452 2361 1553 2399 nihil
1575 2361 1656 2399 ele-

254 2442 377 2481 gans,
410 2427 512 2465 nihil
544 2429 809 2480 exquifitum,
845 2429 1040 2481 (laudabo
1071 2428 1304 2479 inimicum)
1340 2442 1388 2467 ne
1420 2441 1657 2480 magnopere

257 2494 419 2547 quidem
451 2493 695 2547 quidquam,
727 2504 865 2546 praeter
899 2495 1100 2541 libidines,
1132 2494 1422 2545 sumptuosum.
1456 2495 1656 2532 Toreuma
