2076 2860
414 197 490 251 356
767 195 842 233 IN
902 194 966 231 M.
1028 192 1455 232 ANTONIUM

411 299 634 351 legitimam
662 295 969 340 excusationem,
1002 295 1112 333 exilii
1146 294 1256 332 causa
1283 294 1411 333 solum
1442 294 1607 340 vertisse,
1639 308 1710 333 nec
1737 294 1809 333 effe

414 365 543 417 postea
562 363 775 403 restitutos.
808 363 897 400 Hos
919 362 987 399 ille
1008 361 1167 399 demens
1184 361 1339 413 judices
1361 360 1535 413 legiffet3
1568 360 1712 402 horum
1734 374 1807 398 no·-

414 431 522 468 mina
553 430 599 467 ad
633 429 811 468 aerarium
844 427 1068 472 detulisset3
1101 426 1163 465 his
1192 441 1375 480 magnam
1403 436 1555 480 partem
1583 427 1809 480 reipublicae

414 495 648 539 credidisset,
682 495 707 532 fi
731 494 853 532 ullam
875 493 1045 545 speciem
1067 493 1294 545 reipublicae
1315 493 1558 545 cogitavisset
1576 495 1588 531 ?

470 562 543 599 VI.
577 562 713 612 Atque
734 573 807 612 ego
829 559 875 597 de
897 559 1001 597 notis
1017 558 1223 612 judicibus
1245 558 1343 597 dixi.
1387 560 1500 610 Qos
1521 559 1653 597 minus
1676 558 1809 602 nostis,

417 628 527 665 nolui
550 627 781 664 nominare:
815 625 1027 670 saltatores,
1059 623 1291 669 citharistas,
1325 633 1456 662 toturn
1477 624 1646 677 denique
1666 623 1812 661 comis-

416 692 573 731 sationis
597 692 831 730 Antonianae
853 689 1037 734 eborum,
1070 690 1109 727 in
1133 690 1289 728 tertiam
1309 688 1710 742 decuriamjudicum
1737 688 1812 726 sci-

417 768 500 797 tote
527 758 599 796 effe
627 759 866 809 conjee‘tum.
912 757 1010 795 Haec
1039 755 1164 801 causa,
1197 769 1267 793 cur
1299 755 1362 793 lex
1396 764 1476 793 tam
1508 755 1677 808 egregia,
1710 763 1811 793 tam-

417 838 494 878 que
530 824 731 876 praeclara‚
764 823 940 861 maximo
976 821 1116 867 imbri,
1151 821 1397 873 tempestate,
1430 821 1578 867 ventis,
1611 820 1810 874 procellis,

418 890 662 935 turbinibus,
695 889 797 927 inter
827 887 999 926 fulmina
1028 897 1066 925 et
1095 887 1268 925 tonitrua
1295 886 1476 932 ferretur,
1509 895 1553 926 ut
1576 901 1641 926 eos
1657 886 1812 940 judices

417 955 666 999 haberemus,
699 968 796 1006 quos
826 954 949 992 socios
976 953 1024 990 ad
1051 953 1184 1005 epulas
1206 952 1379 1005 hospites
1400 951 1543 991 habere
1564 967 1682 992 nemo
1700 952 1811 991 velit.

419 1022 620 1060 Scelerum
647 1020 897 1073 magnitudo,
929 1019 1169 1058 conscientia
1197 1019 1498 1065 maleficiorum,
1530 1019 1700 1072 direptio
1730 1020 1813 1072 ejus

419 1087 610 1141 pecuniae,
642 1088 756 1139 cujus
789 1087 887 1125 ratio
915 1087 956 1123 in
990 1085 1068 1124 aede
1102 1086 1202 1138 Opis
1231 1084 1409 1123 confecta
1435 1085 1503 1131 est,
1534 1084 1636 1123 hanc
1658 1085 1814 1123 tertiam

419 1154 620 1192 decuriam
640 1153 907 1205 excogitavit3
942 1165 1012 1189 nec
1040 1160 1129 1189 ante
1157 1161 1288 1204 turpes
1311 1151 1467 1203 judices
1500 1151 1664 1204 quaefiti,
1696 1164 1816 1204 quam

420 1219 592 1258 honestis
608 1218 814 1270 judicibus
837 1218 1069 1255 nocentium
1090 1217 1189 1255 salus
1211 1217 1408 1269 desperata
1427 1217 1494 1258 est,

476 1285 550 1323 Sed
582 1284 683 1322 illud
703 1297 761 1329 os,
793 1284 904 1321 illam
925 1283 1197 1335 impuritatem
1219 1284 1322 1320 coeni
1350 1281 1496 1327 feciffe,
1528 1291 1571 1319 ut
1603 1280 1675 1320 hos
1702 1280 1815 1333 judi-

420 1364 484 1389 ces
506 1351 634 1403 legere
655 1349 837 1387 auderet!
871 1361 1043 1400 quorum
1064 1348 1232 1385 lectione
1254 1347 1401 1400 duplex
1422 1347 1716 1400 imprimeretur
1737 1347 1814 1385 rei-

420 1418 592 1471 publicae
613 1416 780 1454 dedecus
800 1431 808 1453 :
843 1429 984 1460 unum,
1017 1414 1125 1467 quod
1147 1423 1227 1452 tam
1250 1423 1382 1466 turpes
1398 1414 1553 1467 judices
1575 1414 1693 1452 effent
1709 1433 1722 1459 3
1754 1413 1814 1451 al—

422 1494 565 1529 terum,
598 1482 705 1535 quod
729 1480 969 1535 patefatftum
997 1481 1286 1533 cognitumque
1307 1480 1412 1525 effet,
1444 1494 1564 1532 quam
1596 1480 1745 1519 multos
1772 1480 1814 1517 in

421 1550 580 1589 civitate
602 1558 733 1602 turpes
755 1547 1003 1586 haberemus.
1042 1549 1159 1585 Hanc
1180 1560 1273 1599 ergo
1293 1556 1332 1585 et
1353 1547 1521 1600 reliquas
1543 1547 1735 1599 ejusmodi
1756 1546 1814 1584 le-

421 1630 503 1669 ges,
535 1616 653 1654 ctiam
682 1615 707 1653 fi
736 1615 813 1653 fine
841 1615 894 1659 vi,
927 1614 1038 1652 salvis
1060 1613 1258 1665 auspiciis,
1290 1613 1410 1651 effent
1430 1623 1588 1665 rogatae,
1620 1613 1816 1653 censerem

423 1694 553 1722 tamen
581 1681 849 1734 abrogandas:
883 1695 989 1719 nunc
1017 1694 1107 1718 vero
1135 1694 1205 1718 cur
1231 1680 1470 1732 abrogandas
1497 1680 1689 1725 censeam,
1721 1693 1816 1733 quas

417 1749 556 1802 judico
577 1762 656 1787 non
679 1757 829 1800 rogatas
850 1749 861 1785 ?

478 1816 543 1853 An
577 1814 645 1851 illa
678 1827 757 1851 non
790 1812 1020 1865 graviffimis
1053 1812 1286 1864 ignominiis
1318 1812 1666 1865 monumentisque
1698 1811 1816 1864 hujus

423 1870 572 1920 ordinis
594 1878 640 1916 ad
662 1878 896 1931 posteritatis
918 1878 1151 1915 memoriam
1173 1878 1262 1915 sunt
1284 1878 1466 1923 notanda,
1498 1879 1606 1931 quod
1627 1892 1727 1916 unus
1750 1879 1813 1917 Μ.

424 1945 624 1984 Antonius
653 1944 694 1981 in
722 1943 795 1981 hac
824 1943 920 1981 urbe
948 1943 1032 1995 post
1059 1943 1261 1981 conditam
1283 1944 1422 1981 urbem
1443 1944 1571 1996 palam
1592 1944 1723 1982 secum
1744 1942 1815 1981 ha—

424 2012 512 2049 buit
531 2011 731 2048 armatos?
764 2009 871 2062 quod
899 2022 1026 2060 neque
1053 2022 1160 2061 reges
1188 2008 1382 2054 fecerunt,
1415 2023 1541 2061 neque
1562 2010 1606 2054 ii,
1637 2009 1722 2061 qui,
1754 2023 1816 2047 re-

422 2078 539 2131 gibus
560 2076 719 2121 exaCHs,
751 2089 917 2127 regnum
938 2088 1129 2127 occupare
1150 2076 1375 2114 voluerunt.
1421 2076 1593 2114 Cinnam
1620 2076 1786 2114 memini
1802 2095 1815 2122 3

423 2143 504 2182 vidi
539 2142 714 2193 Syllam5
747 2140 867 2179 modo
901 2140 1119 2179 Caesarem:
1152 2140 1195 2179 hi
1223 2142 1331 2180 enim
1360 2151 1435 2179 tres
1458 2141 1541 2194 post
1569 2141 1771 2180 civitatem
1798 2155 1819 2179 a

425 2210 474 2248 L.
500 2209 622 2246 Bruto
644 2207 849 2245 liberatam
869 2207 958 2259 plus
980 2216 1211 2259 potuerunt,
1244 2221 1364 2260 quam
1386 2207 1562 2245 universa
1582 2207 1814 2260 respublica.

423 2276 519 2314 Non
547 2273 700 2327 poffum
727 2273 931 2318 affirmare,
965 2272 1085 2310 nullis
1108 2272 1196 2311 telis
1216 2287 1281 2311 eos
1303 2273 1462 2327 stipatos
1483 2273 1595 2312 fuisse
1614 2289 1622 2312 :
1656 2272 1732 2311 hoc
1754 2273 1816 2312 di·-

423 2356 485 2387 co,
517 2354 589 2378 nee
621 2339 775 2385 multis,
807 2349 846 2378 et
878 2338 1062 2377 occultis.
1106 2340 1161 2376 At
1188 2338 1290 2377 hanc
1318 2339 1463 2392 pestem
1484 2353 1624 2392 agmen
1645 2348 1815 2378 armato-

424 2422 512 2447 rum
534 2405 793 2459 sequebatur:
829 2405 1042 2449 Claffitius,
1076 2404 1261 2450 Mustela,
1294 2407 1408 2451 Tiro,
1440 2405 1591 2459 gladios
1619 2406 1816 2444 ostentan-

423 2485 494 2520 tes,
527 2473 584 2511 sui
616 2471 759 2511 ssmiles
788 2485 924 2524 greges
953 2470 1149 2510 ducebant
1176 2484 1245 2524 per
1271 2469 1432 2511 forum:
1466 2480 1620 2510 certum
1646 2471 1815 2524 agminis
