2076 2860
477 228 554 276 464
826 220 902 259 IN
960 218 1025 257 M.
1086 218 1510 257 ANTONIUM

473 324 680 364 communi
700 322 842 375 gaudio
862 322 1002 374 populi
1030 321 1202 360 Romani
1232 321 1301 359 uni
1330 321 1640 374 gratulabantur,
1672 333 1863 373 magnum

468 392 667 444 judicium
686 406 695 427 :
729 389 802 427 five
823 388 964 440 gratias
985 387 1166 440 agebant,
1188 401 1233 425 eo
1254 389 1380 440 majus
1400 403 1409 426 :
1442 388 1516 426 five
1539 397 1766 441 utrumque,
1798 387 1862 425 ni-

474 457 531 495 hil
553 454 872 507 magnificentius
894 453 1110 504 excogitari
1130 452 1269 505 potest.

529 523 596 560 Tu
618 521 740 573 igitur
761 520 841 572 ipse
862 519 908 556 de
930 528 966 556 te
986 520 998 556 ?
1022 519 1166 556 dixerit
1187 517 1396 570 quispiam.
1430 519 1483 555 Et
1504 518 1667 570 quidem
1687 519 1861 557 invitus:

474 588 536 626 sed
556 588 708 640 injuriae
730 586 842 624 dolor
862 584 957 623 facit
982 598 1060 630 me,
1092 593 1230 637 praeter
1258 583 1600 629 consuetudinem,
1631 584 1862 636 gloriosum.

474 655 620 693 Nonne
650 653 738 690 satis
769 652 822 690 est
848 651 895 689 ab
926 650 1158 689 hominibus
1192 650 1350 687 virtutis
1386 650 1530 702 ignaris
1565 650 1732 702 gratiam
1766 650 1865 688 bene

472 719 715 759 merentibus
738 732 817 756 non
838 717 972 755 referri
991 718 1004 754 ?
1036 716 1156 754 etiam
1176 717 1217 753 in
1238 729 1318 761 eos,
1341 717 1410 768 qui
1431 729 1567 754 omnes
1589 716 1672 754 suas
1693 729 1803 754 curas
1824 717 1866 754 in

473 786 700 839 reipublicae
721 785 843 823 salute
864 783 1056 835 defigunt,
1089 783 1239 820 crimen
1264 782 1491 835 invidiaque
1521 783 1746 835 quaeretur?
1780 781 1864 820 Sci-

474 853 523 891 tis
544 852 652 890 enim
673 865 740 904 per
768 850 841 889 hos
871 850 952 888 dies
983 849 1268 887 creberrimum
1298 847 1410 886 fuiffe
1430 848 1664 892 sermonem,
1697 861 1760 886 me
1780 848 1865 901 pri-

473 919 537 956 die
557 918 728 962 Vinalia,
759 916 830 969 qui
851 915 931 954 dies
952 914 1072 953 hodie
1092 914 1160 960 est,
1192 928 1284 952 cum
1305 913 1475 952 fascibus
1496 914 1785 953 descensurum.
1819 915 1867 952 In

472 984 648 1037 aliquem
668 982 784 1020 credo
805 981 882 1020 hoc
902 980 1175 1033 gladiatorem,
1206 989 1274 1019 aut
1298 980 1505 1026 latronem,
1538 989 1604 1018 aut
1634 980 1865 1025 Catilinam,

473 1050 546 1088 effe
567 1048 811 1093 confictum3
844 1061 923 1086 non
951 1047 993 1085 in
1023 1061 1129 1092 eum,
1161 1046 1247 1099 qui,
1280 1060 1328 1084 ne
1359 1046 1456 1098 quid
1489 1046 1564 1084 tale
1593 1046 1634 1084 in
1666 1045 1868 1099 republica

475 1116 558 1153 fieri
589 1114 724 1167 posset,
756 1112 944 1151 effecerit.
987 1113 1053 1150 An
1075 1121 1120 1149 ut
1139 1125 1227 1163 eg0,
1260 1111 1330 1163 qui
1352 1111 1568 1149 Catilinam
1588 1110 1671 1150 haec
1692 1111 1864 1149 molien-

475 1191 556 1219 tem
586 1178 821 1223 sustulerim,
852 1176 1073 1221 everterim,
1104 1175 1327 1220 afflixerim,
1360 1176 1439 1228 ipse
1472 1176 1675 1214 existerem
1710 1184 1869 1228 repente

475 1245 674 1285 Catilina?
707 1243 866 1295 Qibus
887 1242 1070 1295 auspiciis
1093 1241 1182 1279 istos
1204 1241 1323 1279 fasces
1344 1254 1469 1293 augur
1489 1242 1735 1294 acciperem?
1767 1255 1866 1294 qua-

475 1322 588 1350 tenus
609 1310 824 1348 haberem?
856 1309 919 1351 cui
943 1307 1163 1345 traderem?
1196 1320 1490 1359 quemquamne
1511 1305 1623 1344 fuiss‘e
1644 1315 1724 1345 tam
1745 1305 1866 1345 scele-

475 1388 618 1422 ratum,
651 1376 720 1428 qui
741 1374 818 1413 hoc
838 1373 1036 1427 fingeret?
1069 1382 1149 1411 tam
1169 1371 1379 1418 furiosum,
1412 1373 1482 1425 qui
1512 1372 1717 1411 crederet?
1750 1372 1869 1412 Unde

473 1444 597 1497 igitur
619 1441 688 1480 ista
706 1440 889 1494 suspicio,
920 1439 981 1478 vel
1002 1439 1135 1493 potius
1158 1438 1262 1477 unde
1282 1438 1350 1477 iste
1371 1439 1496 1477 sermo
1515 1440 1528 1477 ?

530 1511 604 1548 VI.
629 1510 751 1553 Cum,
774 1517 818 1546 ut
837 1506 960 1552 scitis,
982 1504 1060 1545 hoc
1083 1505 1230 1552 triduo,
1252 1506 1313 1544 vel
1334 1504 1559 1558 quatriduo,
1586 1505 1704 1545 tristis
1725 1519 1746 1544 a
1765 1506 1866 1544 Mu-

473 1575 556 1615 tina
575 1574 679 1613 fama
699 1581 872 1612 manaret
887 1591 900 1619 ς
931 1571 1058 1611 inflati
1079 1571 1216 1611 laetitia
1235 1580 1353 1625 atque
1373 1571 1594 1617 insolentia,
1626 1571 1742 1625 impii
1762 1572 1867 1611 cives

474 1655 600 1681 unum
635 1640 671 1679 se
705 1641 747 1678 in
781 1639 918 1678 locum
952 1638 999 1677 ad
1028 1637 1140 1677 illam
1170 1638 1335 1684 curiam,
1367 1638 1443 1676 suis
1474 1639 1607 1691 potius
1638 1651 1759 1691 quam
1788 1638 1866 1676 rei-

472 1707 644 1761 publicae
665 1704 884 1750 infelicem,
916 1703 1221 1757 congregabant.
1267 1704 1329 1742 Ibi
1359 1717 1453 1742 cum
1483 1703 1692 1742 confilium
1722 1703 1870 1742 inirent

474 1772 522 1810 de
542 1771 645 1810 caede
669 1771 809 1815 nostra,
841 1771 1158 1822 partirenturque
1189 1770 1292 1807 inter
1323 1769 1374 1816 se,
1406 1770 1475 1822 qui
1504 1770 1767 1822 Capitolium,
1798 1768 1869 1822 qui

475 1836 628 1881 Rostra,
651 1836 722 1888 qui
742 1835 851 1873 urbis
872 1844 1018 1887 portas,
1045 1843 1311 1887 occuparent,
1344 1835 1390 1873 ad
1411 1849 1475 1872 me
1496 1834 1732 1873 concursum
1753 1833 1867 1872 futu-

475 1916 566 1941 rum
597 1901 766 1939 civitatis
798 1901 1004 1953 putabant.
1028 1900 1170 1952 ,QOd
1200 1909 1245 1938 ut
1274 1913 1367 1938 cum
1397 1900 1544 1938 invidia
1568 1913 1655 1938 mea
1675 1902 1797 1944 fieret,
1829 1908 1870 1938 et

476 1983 569 2007 cum
590 1968 679 2006 vita:
700 1967 818 2005 etiam
839 1966 1031 2019 periculo,
1062 1965 1208 2004 famam
1235 1965 1346 2004 istam
1372 1964 1537 2004 fascium
1559 1965 1865 2018 diffipaverunt3

476 2035 594 2074 fasces
616 2033 686 2086 ipsi
707 2033 754 2071 ad
775 2047 838 2071 me
860 2032 1025 2071 delaturi
1046 2031 1222 2071 fuerunt.
1256 2031 1377 2084 Qod
1409 2046 1503 2070 cum
1534 2032 1624 2070 effet
1651 2032 1755 2084 quasi
1783 2045 1870 2070 mea

475 2102 678 2140 voluntate
697 2098 861 2144 factum,
885 2108 971 2138 tum
992 2100 1033 2137 in
1055 2112 1117 2136 me
1138 2099 1309 2151 impetus
1331 2098 1617 2136 conductorum
1638 2096 1867 2144 hominum,

474 2167 580 2218 quasi
602 2167 641 2204 in
664 2174 889 2217 tyrannum,
913 2165 1140 2217 parabatur:
1164 2178 1211 2203 ex
1233 2178 1313 2217 quo
1334 2164 1454 2203 caedcs
1476 2164 1567 2203 effet
1587 2163 1755 2202 vestrum
1777 2177 1866 2203 om-

474 2236 589 2273 nium
609 2231 830 2271 consecuta.
869 2233 968 2284 Qae
989 2245 1047 2270 res
1068 2231 1244 2284 patescit,
1278 2231 1409 2270 Patres
1431 2231 1672 2284 conscripti:
1705 2230 1768 2269 sed
1800 2231 1869 2269 suo

475 2309 653 2352 tempore
674 2297 795 2336 totius
816 2296 936 2349 hujus
958 2295 1110 2334 sceleris
1131 2296 1220 2335 fons
1241 2297 1449 2349 aperietur.

533 2366 670 2418 Itaque
691 2364 736 2403 P.
760 2362 970 2415 Apuleius,
992 2362 1177 2401 tribunus
1197 2361 1341 2415 plebis,
1364 2375 1542 2400 meorum
1564 2362 1748 2400 omnium
1768 2373 1864 2399 con-

473 2431 651 2470 filiorum
671 2428 1019 2482 periculorumque
1034 2428 1119 2480 jam
1139 2427 1231 2466 inde
1251 2441 1271 2466 a
1291 2427 1496 2467 consulatu
1516 2441 1605 2466 meo
1627 2427 1746 2473 testis,
1769 2437 1866 2465 con-

472 2496 592 2542 scius,
609 2495 778 2550 adjutor,
797 2494 975 2535 dolorem
990 2493 1091 2534 ferre
1107 2507 1185 2534 non
1202 2494 1355 2548 potuit:
1375 2493 1520 2534 doloris
1539 2492 1617 2531 mei
1633 2492 1867 2539 concionem
