2076 2860
630 142 1398 184 CONSULARIBUS.
1651 161 1726 201 ¹17

311 241 402 294 plus
426 240 564 287 tribui,
584 255 705 294 quam
727 241 859 279 nescio
876 241 942 280 cui
966 241 1196 281 neceffitati.
1217 243 1342 282 Illum
1363 245 1472 283 enim
1493 245 1725 290 arbitrabar,

309 308 430 346 etiam
461 308 539 346 fine
564 306 642 345 hoc
665 307 836 346 subsidio
857 308 1036 360 pecuniae
1058 309 1225 347 retinere
1246 311 1468 350 exercitum
1490 312 1618 365 praeda
1638 322 1728 351 ante

308 383 432 427 parta,
463 383 503 413 et
525 374 679 413 bellum
700 374 911 421 conficere,
936 375 1066 427 poffe:
1101 375 1165 413 sed
1187 376 1306 416 decus
1330 377 1432 416 illud
1453 388 1492 417 et
1513 393 1726 418 ornamen-

310 448 397 478 tum
418 439 618 494 triumphi
639 440 906 480 minuendum
929 441 1057 480 nostra
1077 443 1312 494 parsimonia
1334 458 1413 482 non
1444 445 1596 498 putavi.
1641 447 1726 485 Ac-

309 515 397 545 tum
418 507 473 545 est
493 507 541 546 de
562 507 700 546 decem
723 508 862 561 legatis
881 538 892 554 ,
925 522 1025 561 quos
1048 509 1114 546 alii
1146 510 1313 548 omnino
1344 525 1424 549 non
1455 511 1601 551 dabant
1616 542 1627 558 ,
1659 513 1727 551 alii

307 574 492 627 exempla
511 576 754 628 quaerebant,
778 576 845 613 alii
868 585 1025 628 tempus
1048 575 1300 622 differebant,
1332 579 1399 616 alii
1422 579 1500 617 fine
1523 580 1615 618 ullis
1637 594 1726 618 ver-

309 641 453 680 borum
474 643 718 681 ornamentis
741 643 910 681 dabant:
936 644 977 681 in
999 657 1041 681 ea
1062 657 1223 696 quoque
1245 658 1284 682 re
1306 644 1356 682 fic
1379 645 1466 683 sum
1489 646 1662 692 locutus,
1684 658 1728 685 ut

306 722 445 747 omnes
469 709 766 762 intelligerent,
800 723 864 748 me
894 709 934 748 id
950 740 960 755 ‚
994 709 1102 762 quod
1125 710 1355 762 reipublicae
1377 712 1489 750 causa
1511 713 1695 752 sentirem
1713 745 1724 760 ‚

308 774 435 814 facere
457 776 617 814 uberius
639 786 800 830 propter
822 777 940 828 ipsius
965 775 1125 814 Caesaris
1148 776 1403 829 dignitatem.

365 843 463 881 XII.
496 844 552 881 At
573 857 647 895 ego
667 843 775 881 idem
797 856 904 880 nunc
926 842 968 880 in
990 843 1208 895 provinciis
1231 843 1488 884 decernendis
1503 877 1514 892 ‚
1547 848 1614 900 qui
1639 848 1726 886 illas

309 922 446 948 omnes
470 922 527 947 res
549 909 612 961 egi
634 909 804 955 silentio,
822 909 1076 962 interpellor;
1102 923 1196 948 curn
1214 910 1482 964 superioribus
1504 915 1626 951 causis
1649 914 1726 953 ho-

309 976 430 1015 minis
451 986 683 1014 ornamenta
704 976 870 1022 fuerint,
894 977 934 1015 in
956 975 1030 1015 hac
1053 991 1118 1015 me
1139 977 1242 1016 nihil
1265 979 1387 1024 aliud,
1408 980 1477 1018 nisi
1496 982 1594 1019 ratio
1613 983 1724 1028 belli,

309 1042 380 1081 nifi
402 1043 558 1082 summa
579 1043 730 1082 utilitas
753 1044 999 1097 reipublicae,
1023 1054 1195 1084 moveat.
1228 1046 1337 1084 Nam
1359 1047 1439 1099 ipse
1463 1048 1602 1093 Caesar,
1627 1050 1725 1102 quid

308 1109 385 1156 est,
417 1124 489 1150 cur
520 1111 563 1149 in
594 1111 799 1164 provincia
831 1112 1071 1150 commorari
1103 1112 1226 1157 velit,
1259 1113 1329 1151 nis1
1364 1123 1407 1151 ut
1440 1128 1504 1158 ea,
1538 1129 1624 1167 quae
1657 1131 1725 1169 per

307 1189 402 1216 eum
433 1177 571 1216 affecta
602 1177 718 1223 sunt,
750 1176 923 1231 perfecta
954 1177 1186 1231 reipublicae
1219 1178 1454 1218 tradantur?
1499 1182 1724 1221 Amoenitas

308 1257 417 1290 eum,
449 1245 581 1291 credo,
614 1245 813 1291 locorum,
847 1245 1009 1284 urbium
1036 1245 1315 1299 pulchritudo,
1347 1246 1562 1287 hominum
1593 1251 1723 1288 natio-

310 1324 489 1364 numque
510 1311 671 1350 illarum
692 1310 918 1350 humanitas
941 1321 979 1350 et
1001 1312 1127 1365 lepos,
1145 1313 1319 1352 victoriae
1341 1315 1555 1367 cupiditas,
1580 1315 1724 1355 finium

309 1377 469 1431 imperii
493 1378 614 1417 nostri
644 1380 892 1433 propagatio,
924 1380 1083 1418 retinet.
1164 1380 1231 1418 uid
1262 1381 1342 1419 illis
1374 1382 1486 1420 terris
1518 1382 1722 1435 asperius?

308 1444 406 1498 quid
427 1445 621 1485 incultius
644 1446 830 1499 oppidis?
855 1446 953 1499 quid
975 1446 1204 1484 nationibus
1228 1447 1472 1486 immanius?
1492 1448 1588 1502 quid
1605 1463 1725 1502 porro

309 1520 368 1550 tot
388 1512 564 1551 victoriis
586 1513 869 1565 praestabilius?
893 1513 991 1566 quid
1014 1514 1175 1552 Oceano
1197 1514 1356 1566 longius
1379 1514 1548 1553 inveniri
1570 1516 1722 1569 potest?

310 1579 373 1615 An
397 1579 545 1617 reditus
567 1580 609 1616 in
631 1581 799 1632 patriam
819 1579 941 1617 habet
961 1580 1136 1631 aliquam
1153 1580 1411 1618 offenlionem
1429 1582 1441 1618 ?
1467 1591 1602 1620 utrum
1619 1583 1725 1636 apud

310 1645 522 1697 populum,
554 1659 574 1683 a
594 1659 675 1698 quo
696 1646 857 1691 miffus5
891 1660 938 1684 an
961 1646 1065 1699 apud
1086 1646 1280 1691 senatum,
1312 1661 1333 1684 a
1354 1661 1434 1699 quo
1456 1658 1616 1687 ornatus
1638 1649 1691 1687 est
1708 1651 1725 1688 ἓ·

310 1712 375 1750 An
397 1712 479 1751 dies
501 1722 618 1766 auget
638 1715 721 1766 ejus
744 1713 979 1752 desiderium
993 1743 1004 1759 ,
1038 1728 1086 1753 an
1107 1715 1233 1766 magis
1256 1715 1504 1754 oblivionem
1525 1718 1536 1754 ?
1570 1731 1612 1755 ac
1635 1718 1724 1756 lau-

310 1793 372 1818 rea
391 1780 473 1826 illa,
497 1781 652 1833 magnis
674 1781 861 1834 periculis
883 1791 1006 1834 parta,
1034 1782 1185 1820 amittit
1207 1782 1328 1834 longo
1350 1783 1560 1822 intervallo
1581 1785 1724 1822 viridi-

310 1848 464 1885 tatem?
497 1848 645 1900 Qare,
678 1848 703 1886 fi
726 1848 796 1900 qui
817 1847 1027 1887 hominem
1049 1862 1127 1886 non
1155 1848 1347 1901 diligunt,
1380 1848 1482 1888 nihil
1513 1850 1581 1896 est,
1614 1851 1724 1903 quod

307 1926 401 1952 eum
421 1913 469 1952 de
489 1915 695 1968 provincia
716 1914 936 1954 devocent:
971 1915 1018 1953 ad
1047 1915 1217 1968 gloriam
1248 1916 1465 1962 devocant,
1498 1917 1545 1954 ad
1575 1919 1721 1956 trium-

308 1980 451 2035 phum,
475 1982 521 2020 ad
542 1982 865 2035 gratulationem,
884 1982 931 2019 ad
953 1982 1155 2022 summum
1177 1982 1372 2022 honorem
1394 1983 1562 2030 semitm,
1582 1986 1725 2039 eques-

309 2048 378 2087 tris
399 2048 550 2087 ordinis
572 2050 754 2101 gratiam,
786 2049 927 2102 populi
948 2050 1169 2088 caritatem.

366 2115 454 2161 Sed,
470 2116 496 2154 fi
514 2116 582 2154 ille
598 2116 672 2155 hac
690 2126 770 2154 tam
786 2117 933 2155 eximia
953 2116 1114 2155 fortuna
1134 2127 1296 2171 propter
1318 2118 1534 2157 utilitatem
1557 2120 1722 2173 reipub-

311 2182 394 2220 licae
427 2181 507 2220 frui
538 2196 618 2221 non
646 2192 854 2236 properat,
888 2193 932 2222 ut
953 2185 1088 2222 omnia
1109 2185 1178 2222 illa
1197 2185 1383 2223 conficiat
1403 2204 1412 2229 ;
1446 2186 1543 2238 quid
1565 2200 1638 2238 ego
1660 2186 1718 2225 se-

312 2257 423 2287 nator
443 2249 570 2288 facere
591 2249 729 2295 debeo,
752 2264 888 2302 quem,
915 2252 1034 2291 etiam
1056 2251 1083 2290 fi
1105 2251 1173 2290 illc
1195 2251 1302 2290 aliud
1325 2253 1458 2297 vellet,
1491 2253 1720 2306 reipublicae

309 2314 512 2354 consulere
532 2326 730 2369 oporteret
750 2318 762 2355 ?
787 2318 884 2370 ,Ego
906 2332 997 2356 vero
1018 2319 1068 2357 fic
1090 2319 1290 2371 intelligo,
1324 2319 1455 2357 Patres
1487 2319 1717 2372 conscripti,

312 2395 382 2423 nos
403 2381 481 2419 hoc
503 2391 681 2435 tempore
701 2383 743 2421 in
765 2385 981 2436 provinciis
1004 2385 1260 2423 decernendis
1281 2395 1479 2438 perpetuae
1509 2386 1614 2438 pacis
1645 2385 1718 2423 ha-

313 2449 401 2489 bere
422 2459 602 2504 oportere
624 2450 829 2489 rationem.
873 2452 981 2491 Nam
1002 2452 1091 2505 quis
1114 2451 1190 2491 hoc
1214 2466 1293 2491 non
1316 2452 1458 2497 sentit,
1491 2452 1625 2489 omnia
1645 2452 1721 2491 alia
