2076 2860
455 249 533 286 214
931 230 1376 268 ORATIO

453 336 665 389 hortosque
686 331 910 387 peragrabat
930 346 936 368 :
970 331 1040 384 qui
1062 330 1246 382 Janiculo
1266 339 1304 368 et
1325 330 1498 383 Alpibus
1521 329 1628 383 spem
1650 330 1844 384 pofl‘eflio-

453 417 551 441 num
573 399 805 439 terminabat
826 397 1002 435 suarum:
1027 397 1111 449 qui,
1129 410 1222 434 cum
1244 396 1290 434 ab
1311 397 1445 449 equite
1466 397 1650 434 Romano
1670 396 1845 449 splendi-

454 469 605 506 difiimo
626 476 663 504 et
684 464 778 502 forti
799 464 897 508 viro,
913 465 966 501 T.
984 463 1161 508 PacaviO,
1180 476 1259 500 non
1281 463 1532 515 impetrasset,
1550 472 1594 500 ut
1615 462 1783 501 insulam
1804 464 1846 502 in

454 536 540 573 lacu
563 532 691 570 Prelio
712 529 919 575 venderet,
952 538 1110 582 repente
1139 529 1325 566 lintribus
1356 529 1398 566 in
1425 542 1510 566 eam
1531 529 1699 567 insulam
1719 538 1846 568 mate-

452 602 549 638 riam
563 629 573 644 ,
605 598 753 636 calcem
767 627 777 642 ,
809 604 1016 640 crementa,
1049 591 1165 648 atque
1186 609 1339 633 arenam
1360 595 1544 633 convexit
1560 614 1572 640 3
1605 595 1849 649 dominoque

452 676 556 704 trans
581 665 707 718 ripam
735 663 997 716 inspeetante,
1030 675 1109 698 non
1137 660 1334 698 dubitavit
1360 660 1573 699 aedificium
1600 670 1778 700 extruere
1804 662 1848 700 in

453 733 580 770 alieno
597 747 604 769 :
629 731 699 783 qui
719 729 814 768 huic
831 730 884 767 T.
904 727 1109 772 Furfanio,
1128 728 1193 765 cui
1214 728 1297 765 viro
1314 728 1326 764 ?
1346 727 1417 764 Dii
1438 727 1679 766 immortales
1697 728 1704 765 !
1733 727 1849 781 (quid

453 799 560 837 enim
580 811 653 850 ego
674 797 721 834 de
741 794 975 834 muliercula
995 793 1149 832 Scantia
1163 823 1173 839 ,
1206 793 1302 846 quid
1330 792 1377 830 de
1396 793 1638 831 adolescente
1657 794 1820 846 Aponio
1833 823 1846 840 ,

454 866 583 903 dicam
601 866 613 902 ?
645 876 816 916 quorum
838 861 996 914 utrique
1015 870 1186 899 mortem
1206 860 1260 898 est
1280 860 1501 905 minitatus,
1525 860 1595 898 nisi
1616 860 1688 898 fibi
1708 859 1848 899 horto-

456 946 543 969 rum
574 929 797 983 poss‘effione
826 926 1002 977 ceffiffet)
1035 925 1098 964 sed
1118 925 1230 964 ausus
1251 925 1305 963 est
1325 924 1517 963 Furfanio
1543 926 1672 964 dicere
1687 955 1698 971 ,
1730 926 1757 964 fi
1778 925 1851 964 fibi

454 996 679 1050 pecuniam,
711 1002 899 1047 quantam
928 992 1168 1045 poposcerat,
1202 1004 1281 1029 non
1310 990 1485 1036 dedisset,
1516 1000 1723 1029 mortuum
1750 991 1850 1029 sein

455 1064 621 1101 domum
642 1062 724 1114 ejus
746 1060 978 1103 illaturu1n;
1011 1072 1088 1111 qua
1107 1057 1256 1095 invidia
1274 1056 1370 1095 huic
1391 1057 1481 1095 effet
1505 1057 1575 1095 tali
1595 1058 1679 1095 viro
1700 1057 1848 1095 confla-

455 1129 677 1182 grandum:
710 1127 779 1179 qui
810 1126 990 1178 Appium
1019 1124 1195 1168 fratrem,
1227 1122 1434 1161 hominem
1463 1122 1565 1161 mihi
1589 1124 1850 1175 conjunOEtum

457 1195 636 1233 fidiffima
669 1193 792 1246 gratia
807 1222 817 1236 ‚
854 1191 1053 1229 absentem
1088 1190 1134 1227 de
1168 1189 1392 1242 poffeffione
1426 1188 1542 1226 fundi
1577 1189 1719 1241 dejecit
1738 1205 1746 1227 :
1780 1189 1850 1241 qui

456 1261 645 1313 parietem
675 1260 725 1297 fic
755 1272 822 1311 per
850 1256 1088 1295 vestibulum
1118 1255 1256 1293 sororis
1278 1254 1449 1292 instituit
1470 1254 1635 1299 ducere,
1669 1254 1719 1292 fic
1739 1268 1852 1306 agere

456 1326 727 1369 fundamenta,
745 1333 788 1361 ut
810 1323 977 1360 sororem
1000 1335 1078 1359 non
1100 1321 1219 1359 modo
1240 1319 1432 1358 vestibulo
1450 1319 1634 1372 privaret,
1657 1319 1720 1357 sed
1740 1319 1852 1358 omni

455 1393 579 1438 aditu,
611 1402 648 1430 et
670 1391 822 1429 limine.

514 1458 712 1497 XXVIII.
733 1457 972 1507 Qanquam
989 1452 1071 1490 haec
1088 1451 1344 1504 quidemjam
1363 1450 1581 1488 tolerabilia
1595 1450 1850 1490 videbantur:

458 1525 524 1563 etsi
547 1523 790 1576 aequabiliter
811 1522 850 1558 in
868 1519 1172 1572 rempublicam,
1196 1518 1235 1555 in
1254 1517 1450 1569 privat083
1473 1517 1515 1554 in
1531 1517 1788 1569 longinquos,
1811 1518 1853 1555 in

458 1591 728 1643 propinquos;
753 1589 793 1626 in
815 1587 976 1630 alienos,
1004 1585 1044 1622 in
1066 1584 1168 1629 suos,
1192 1583 1363 1621 irruebat
1382 1597 1390 1621 :
1415 1582 1478 1620 sed
1500 1583 1630 1621 nescio
1651 1583 1854 1636 quomodo

453 1659 536 1710 jam
553 1657 623 1695 usu
643 1655 893 1697 obduruerat,
911 1660 950 1689 et
965 1650 1221 1704 percalluerat
1242 1649 1412 1687 civitatis
1434 1649 1678 1687 incredibilis
1698 1649 1854 1703 patien-

460 1725 527 1762 tia.
561 1725 660 1774 Qae
680 1735 771 1759 vero
791 1720 948 1758 aderant
963 1719 1062 1770 jam,
1094 1725 1133 1755 et
1153 1715 1451 1770 impendebant,
1477 1729 1651 1770 quonam
1672 1716 1794 1754 modo
1813 1730 1857 1755 ea

458 1799 525 1827 aut
546 1788 739 1841 depellere
760 1784 978 1839 potuissetis
993 1812 1004 1828 ,
1036 1791 1103 1821 aut
1123 1782 1223 1821 ferre
1243 1783 1459 1834 imperium
1473 1812 1484 1828 ,
1516 1783 1543 1821 fi
1571 1782 1612 1820 id
1632 1782 1701 1821 ille
1720 1784 1855 1822 naCtus

459 1855 580 1894 effet?
614 1853 774 1890 Omitto
794 1850 932 1894 socios,
964 1858 1112 1886 exteras
1135 1848 1327 1892 nationes,
1350 1861 1472 1899 reges,
1496 1848 1733 1887 tetrarchas:
1766 1857 1857 1886 vota

459 1922 566 1960 enim
583 1918 776 1962 feceratis,
799 1926 843 1954 ut
859 1917 899 1954 in
921 1928 984 1953 eos
1002 1914 1186 1967 sepotius
1203 1913 1392 1958 mitteret,
1410 1927 1529 1965 quam
1545 1914 1586 1951 in
1607 1913 1745 1951 vestras
1762 1914 1853 1966 pos-

461 1988 652 2031 semones,
674 1984 795 2023 vestra
814 1984 927 2027 tecta,
949 1981 1086 2021 vestras
1107 1981 1308 2033 pecuniaS.
1346 1979 1535 2018 Pecunias
1557 1978 1647 2018 dico
1666 1981 1678 2017 ?
1711 1993 1731 2017 a
1750 1979 1854 2018 libe-

462 2055 528 2098 ris,
560 2067 581 2090 a
600 2051 734 2090 liberis
757 2049 909 2087 medius
931 2047 1063 2093 fidius,
1094 2055 1133 2085 et
1160 2060 1180 2084 a
1206 2045 1444 2099 conjugibus
1468 2045 1617 2090 vestris,
1649 2059 1856 2098 nunquam

462 2120 530 2158 ille
549 2118 751 2157 effrenatas
770 2115 851 2153 suas
868 2113 1054 2152 libidines
1071 2112 1320 2151 cohibuiffet.
1346 2112 1465 2164 Fingi
1485 2110 1568 2150 haec
1588 2112 1750 2165 putatis,
1769 2126 1856 2165 quae

462 2185 625 2239 patent?
648 2183 746 2227 haec,
764 2195 849 2234 quae
866 2188 959 2218 nota
973 2179 1062 2217 sunt
1078 2178 1264 2217 omnibus
1282 2179 1294 2216 ?
1318 2191 1404 2230 quae
1421 2179 1633 2216 tenentur?
1656 2178 1856 2216 servorum

462 2250 658 2289 exercitus
680 2248 795 2286 illum
817 2247 857 2284 in
880 2246 976 2283 urbe
997 2244 1314 2297 conscripturum
1334 2242 1446 2282 fuiffe
1461 2273 1471 2288 ‚
1503 2257 1572 2296 per
1601 2257 1700 2297 quos
1731 2246 1856 2282 totam

463 2315 766 2369 rempublicam,
799 2312 933 2365 resque
952 2311 1120 2364 privatas
1140 2310 1338 2355 omnium,
1370 2309 1575 2362 poffideret
1593 2311 1607 2347 ?

518 2381 791 2436 Qamobrem
807 2408 817 2425 ,
849 2379 875 2417 fi
897 2386 1106 2416 cruentum
1126 2376 1304 2430 gladium
1326 2385 1461 2414 tenens
1483 2377 1668 2414 clamaret
1689 2377 1742 2414 T.
1766 2376 1854 2412 An-

466 2452 568 2495 nius,
600 2447 755 2492 Adeste,
787 2445 931 2499 quaeso,
963 2453 1080 2498 atque
1106 2443 1251 2489 audite,
1283 2443 1414 2482 cives:
1449 2443 1494 2482 P.
1519 2442 1709 2482 Clodium
1731 2442 1853 2479 inter-

465 2518 570 2561 feci3
602 2516 685 2569 ejus
717 2512 889 2558 furores,
921 2524 1021 2565 quos
1052 2510 1173 2550 nullis
1200 2511 1283 2564 jam
1315 2510 1492 2563 legibus,
1524 2509 1644 2548 nullis
1668 2506 1854 2561 judicii8‚
