2076 2860
417 163 490 216 388
766 161 842 200 IN
903 159 966 198 M.
1028 157 1452 197 ANTONIUM

408 263 548 316 potitus
561 264 648 316 sum
667 277 680 300 .·
703 261 842 314 fitgati
866 261 997 314 equites
1012 276 1026 298 .·
1059 260 1229 313 pra’lium
1258 259 1380 298 commi
1404 273 1460 312 um
1481 273 1493 296 .·
1534 258 1634 310 occjsi
1657 259 1805 311 aliquot.

417 330 516 380 Qae
537 344 612 382 pax
632 328 757 381 potest
778 328 848 365 effe
871 328 996 380 major
1015 328 1027 364 ?
1061 327 1247 365 Deleetus
1270 335 1351 364 tota
1382 326 1494 363 Italia
1520 325 1682 370 decreti,
1715 324 1807 362 sub-

416 396 505 433 latis
526 393 823 433 vacationibus:
857 393 942 445 saga
963 406 1043 430 cras
1067 393 1297 431 sumentur:
1330 391 1467 430 consul
1496 391 1531 429 se
1558 404 1651 428 cum
1678 390 1808 443 praefi-

417 462 482 499 dio
504 459 777 498 descensurum
798 459 870 497 effe
890 459 1008 498 dixit.

474 529 622 564 Utrum
650 525 725 564 hoc
755 526 906 564 bellum
933 539 1012 564 non
1033 525 1117 563 est?
1151 525 1285 563 Etiam
1307 533 1462 562 tantum
1483 523 1650 567 bellum,
1683 536 1810 575 quan-

420 604 505 632 tum
527 606 731 645 nunquam
753 591 831 630 fuit
849 594 859 629 ?
885 592 1046 630 Caeteris
1064 592 1172 629 enim
1189 591 1320 637 bellis,
1338 590 1590 642 maximeque
1611 589 1812 634 civilibus,

418 660 716 698 contentionem
744 659 976 711 reipublicae
1009 657 1120 695 causa
1150 657 1333 695 faciebat.
1377 656 1481 707 Sylla
1513 669 1605 694 cum
1639 653 1816 708 Sulpicio

420 726 466 763 de
482 726 571 777 jure
592 725 741 777 legum,
775 738 869 777 quas
897 738 966 777 per
992 725 1075 762 vim
1105 723 1199 761 latas
1229 722 1332 774 Sylla
1354 721 1536 759 dicebat:
1571 721 1702 759 Cinna
1721 733 1816 758 cum

422 792 589 830 Octavio
610 791 657 829 de
678 804 872 829 novorum
893 791 1043 829 civium
1072 789 1293 841 suffragiis:
1328 788 1456 826 rursus
1489 801 1583 825 cum
1616 787 1749 824 Mario
1779 794 1820 824 et

424 858 605 896 Carbone
627 857 745 908 Sylla,
778 871 826 894 ne
857 857 1155 895 dominarentur
1187 854 1359 907 indigni,
1390 863 1429 892 et
1454 863 1498 892 ut
1519 852 1820 891 clariffimorum

422 922 636 962 hominum
669 922 973 961 crudelissimam
1005 922 1212 975 puniretur
1244 934 1396 958 necem.
1441 920 1602 957 Horum
1634 918 1819 956 omnium

424 990 622 1028 bellorum
658 988 778 1027 causae
818 1003 864 1027 ex
905 989 1131 1042 reipublicae
1171 987 1426 1025 contentione
1466 994 1564 1024 natae
1602 985 1707 1023 sunt.
1759 984 1822 1022 De

425 1056 610 1109 proximo
643 1055 749 1094 bello
780 1056 890 1093 civili
923 1069 1002 1093 non
1033 1054 1134 1092 libet
1165 1053 1320 1091 dicere:
1359 1053 1499 1104 ignoro
1534 1051 1714 1096 causam,
1751 1049 1820 1087 de-

425 1122 542 1161 testor
561 1122 731 1161 exitum.

486 1190 562 1227 111.
588 1189 680 1226 Hoc
698 1187 849 1226 bellum
867 1187 1055 1240 quintum
1071 1186 1188 1225 civile
1203 1186 1372 1238 geritur:
1392 1194 1508 1237 atque
1525 1184 1659 1222 onmia
1674 1184 1715 1221 in
1733 1182 1823 1221 nos-

429 1265 529 1293 tram
550 1263 703 1293 aetatem
725 1254 964 1291 inciderunt.
999 1254 1180 1291 Primum
1203 1266 1281 1289 non
1303 1251 1422 1289 modo
1440 1263 1516 1287 non
1540 1250 1580 1287 in
1599 1248 1826 1287 diffenfione

428 1331 469 1359 et
495 1320 687 1358 discordia
713 1321 877 1364 civium,
913 1319 983 1363 sed*
1008 1320 1047 1356 in
1080 1318 1252 1356 maxima
1278 1316 1542 1360 consenfione,
1575 1315 1825 1352 incredibili-

429 1401 507 1439 que
539 1386 775 1424 concordia:
808 1398 945 1423 onmes
979 1384 1084 1422 idem
1116 1384 1278 1428 volunt,
1310 1382 1415 1420 idem
1448 1381 1688 1426 defendunt,
1720 1380 1826 1419 idem

431 1452 619 1490 sentiunt.
663 1453 769 1489 Cum
802 1464 938 1489 ornnes
972 1450 1077 1495 dico,
1109 1463 1172 1487 eos
1205 1449 1376 1502 excipio,
1408 1461 1508 1500 quos
1530 1460 1647 1484 nemo
1668 1446 1827 1484 civitate

431 1518 573 1570 dignos
595 1527 721 1570 putat.
764 1519 864 1568 Qae
885 1516 938 1554 est
968 1517 1091 1568 igitur
1111 1516 1152 1552 in
1173 1514 1305 1552 medio
1326 1513 1421 1551 belli
1442 1511 1553 1551 causa
1573 1512 1725 1564 pofita?
1758 1524 1828 1550 nos

434 1586 614 1624 Deorum
646 1583 935 1622 immortalium
968 1582 1130 1635 templa,
1163 1595 1233 1619 nos
1261 1594 1410 1625 muros,
1443 1593 1513 1617 nos
1540 1578 1746 1616 domicilia
1771 1578 1829 1616 se-

434 1650 577 1703 desque
610 1649 752 1703 populi
788 1649 976 1694 Romani,
1008 1657 1181 1701 penates,
1213 1660 1308 1692 aras,
1340 1646 1467 1690 focos,
1499 1644 1674 1697 sepulcra
1704 1644 1831 1696 majo-

436 1732 550 1762 ru1n;
576 1730 644 1754 nos
666 1716 786 1768 leges,
803 1716 970 1767 judicia,
989 1715 1228 1759 libertatem,
1247 1714 1451 1766 conjugeS‚
1470 1712 1630 1757 liberos,
1648 1711 1830 1764 patriam,

435 1782 712 1822 defendimus:
737 1790 873 1818 contra
890 1781 953 1818 M.
971 1780 1172 1817 Antonius
1194 1779 1234 1816 id
1252 1778 1430 1822 molitur,
1450 1777 1489 1814 id
1506 1786 1671 1829 pugnat,
1690 1785 1733 1814 ut
1749 1775 1833 1814 haec

435 1848 572 1887 omn-ia
593 1846 809 1898 perturbet,
831 1854 991 1889 evertat,
1024 1844 1193 1896 praedam
1214 1844 1442 1896 reipublicae
1463 1842 1616 1880 causam
1639 1842 1736 1879 belli
1755 1854 1831 1893 pu-

438 1923 510 1958 tet,
528 1912 705 1951 fortunas
724 1910 867 1948 nostras
884 1911 1027 1963 partim
1045 1909 1212 1962 dissipet,
1230 1909 1374 1961 partim
1392 1908 1592 1960 dispertiat
1611 1906 1832 1959 parricidis.

497 1981 543 2017 In
564 1977 637 2016 hac
660 1987 739 2014 tam
761 1976 902 2029 dispari
931 1976 1079 2013 ratione
1101 1975 1197 2013 belli
1219 1974 1484 2012 miserrimum
1506 1973 1607 2011 illud
1628 1973 1695 2018 est,
1728 1972 1835 2024 quod

441 2046 509 2085 ille
529 2044 748 2083 latronibus
769 2042 846 2080 suis
868 2042 1080 2095 pollicetur
1101 2042 1276 2094 primum
1298 2040 1463 2078 domos:
1498 2039 1636 2077 urbem
1664 2039 1772 2076 enim
1800 2038 1837 2077 se

440 2111 660 2150 divisurum
682 2108 889 2147 confirmat
909 2124 917 2146 :
951 2108 1091 2146 deinde
1112 2108 1298 2146 omnibus
1321 2107 1461 2159 portis,
1492 2120 1572 2159 quo
1596 2105 1735 2151 velint,
1767 2104 1837 2143 de-

443 2179 670 2216 dueturum.
710 2176 861 2212 Omnes
885 2174 1110 2227 Caphones,
1142 2187 1279 2212 omnes
1303 2174 1422 2218 Saxae,
1454 2182 1679 2224 caeteraeque
1700 2171 1837 2224 pestes,

444 2258 530 2297 quoe
553 2243 768 2294 sequuntur
789 2241 1030 2285 Antonium,
1063 2239 1159 2277 aedes
1182 2240 1252 2277 fibi
1277 2239 1462 2291 optimas,
1494 2237 1646 2282 hortos,
1678 2236 1837 2275 Tuscu-

446 2313 546 2354 lana,
581 2308 736 2346 Albana
761 2306 971 2344 definiunt.
1010 2308 1142 2358 Atque
1163 2306 1282 2343 etiam
1303 2304 1484 2342 homines
1507 2303 1684 2357 agrestes,
1717 2303 1743 2341 fi
1764 2302 1839 2341 ho·-

445 2377 572 2415 mines
605 2374 680 2418 illi,
713 2387 755 2411 ac
785 2387 860 2410 non
886 2372 1052 2425 pecudes
1075 2372 1222 2424 potius,
1255 2371 1361 2408 inani
1395 2371 1458 2423 spe
1490 2370 1537 2408 ad
1569 2383 1685 2423 aquas
1718 2368 1839 2421 usque

448 2453 485 2481 ct
522 2441 706 2481 Puteolos
742 2438 1026 2492 provehuntur.
1075 2440 1182 2490 Ergo
1214 2437 1332 2477 habet
1364 2437 1591 2482 Antonius,
1623 2434 1731 2489 quod
1762 2434 1839 2473 suin
