2076 2860
491 202 568 240 266
971 197 1415 236 ORATIO

489 300 775 354 appellavisset,
807 297 956 350 quique
984 297 1104 335 illum
1133 297 1314 335 ordinem
1344 298 1392 335 ab
1422 296 1682 336 adolescentia
1708 298 1883 350 graviffi-

490 382 604 406 mum
625 366 984 417 sanetiffimumque
1005 364 1172 403 duxiffet
1187 394 1197 409 ‚
1229 365 1368 402 iisdem
1390 365 1507 403 rebus
1529 364 1583 403 est
1608 365 1858 418 perturbatus
1874 395 1886 411 ‚

490 433 612 472 homo
634 433 876 484 longinquus
898 440 936 468 et
956 430 1189 483 alienigena,
1214 431 1359 484 quibus
1381 445 1452 469 nos
1474 432 1515 469 in
1537 432 1667 470 media
1685 432 1890 485 republica

492 499 587 543 nati,
619 499 847 550 semperque
867 488 1020 535 versati.

537 565 611 602 IV.
627 565 734 602 Cum
750 563 901 601 audiret
918 562 1069 600 senatus
1087 562 1368 600 consentientis
1385 563 1614 600 annositate
1629 576 1735 601 arma
1750 563 1887 616 sump-

492 639 543 675 ta,
573 630 818 674 consulibus,
851 628 1100 681 praetoribus,
1133 628 1304 666 tribunis
1326 628 1469 681 plebis,
1502 629 1617 667 nobis
1638 629 1889 683 imperatori-

493 696 581 742 bus,
613 695 904 748 rempublicam
925 694 1213 732 defendendam
1233 694 1363 732 datam
1377 713 1389 740 ;
1421 695 1653 733 movebatur
1673 697 1821 741 animo,
1853 704 1892 734 et

490 763 551 801 vir
570 761 666 800 huic
688 762 855 814 imperio
873 761 1125 799 amiciffimus
1143 761 1189 798 de
1205 761 1326 799 salute
1347 761 1487 814 populi
1509 762 1682 800 Romani
1702 762 1889 801 extimes-

492 829 619 873 cebat‚
643 828 683 866 in
705 842 782 880 qua
801 829 919 866 etiam
942 828 1048 865 suam
1070 827 1262 865 inclusam
1283 827 1356 864 effe
1376 827 1557 866 videbat:
1590 828 1631 865 in
1653 828 1809 867 summo
1830 837 1890 866 ta-

493 908 585 932 men
607 894 750 932 timore
776 893 1060 946 quiescendum
1089 893 1161 931 fibi
1190 893 1262 930 effe
1291 893 1566 932 arbitrabatur.
1599 894 1781 933 Maxime
1800 906 1892 933 vero

494 960 744 1013 perturbatus
765 960 832 1005 est,
865 969 909 998 ut
929 959 1093 1004 audivit,
1126 959 1304 997 consules
1325 973 1373 997 ex
1395 960 1509 998 Italia
1528 959 1768 1013 profugisse,
1801 974 1890 999 om·-

494 1026 639 1079 nesque
659 1025 879 1064 consulares
895 1055 905 1071 ,
940 1026 1009 1078 (fic
1039 1026 1147 1064 enim
1175 1025 1448 1076 nuntiabatur)
1477 1028 1667 1064 cunctum
1687 1026 1890 1072 senatum,

493 1102 621 1131 totam
643 1092 798 1130 Italiam
819 1091 891 1130 efl'e
911 1091 1087 1131 effusam.
1115 1092 1283 1130 Talibus
1305 1092 1412 1129 enim
1436 1092 1585 1130 nuntiis
1607 1098 1645 1131 e‘t
1665 1093 1893 1131 rumoribus

496 1158 653 1211 patebat
674 1158 720 1196 ad
744 1158 952 1195 Orientem
973 1158 1035 1194 via
1049 1187 1059 1202 ‚
1092 1171 1163 1195 nec
1186 1158 1258 1195 ulli
1279 1158 1360 1195 veri
1382 1158 1729 1210 subsequebantur.
1775 1158 1894 1197 Nihil

498 1224 564 1262 ille
586 1223 632 1261 de
653 1223 950 1261 conditionibus
974 1224 1051 1261 tuis
1068 1253 1078 1268 ‚
1110 1223 1213 1261 nihil
1244 1223 1290 1261 de
1311 1223 1438 1261 studio
1459 1224 1678 1262 concordioe
1699 1233 1737 1262 et
1758 1225 1864 1277 pacis
1881 1253 1891 1269 ,

498 1290 601 1328 nihil
623 1289 669 1327 de
691 1289 978 1342 conspiratione
999 1289 1180 1327 audiebat
1201 1299 1400 1327 certorum
1419 1289 1634 1328 hominum
1649 1299 1785 1328 contra
1804 1290 1895 1343 dig—

498 1357 664 1394 nitatem
687 1365 809 1393 tuam.
843 1357 942 1407 Qae
963 1362 1057 1393 curn
1077 1356 1131 1392 ita
1151 1355 1292 1400 essent,
1325 1364 1456 1393 tamen
1477 1355 1598 1407 usque
1618 1369 1664 1393 eo
1685 1355 1721 1394 se
1742 1357 1894 1402 tenuit,

499 1421 628 1475 quoad
648 1435 669 1459 a
690 1422 767 1460 Cn.
792 1421 984 1474 Pompeio
1005 1420 1051 1458 ad
1072 1435 1163 1459 eum
1183 1421 1303 1474 legati
1323 1422 1523 1473 literaeque
1543 1431 1749 1460 venerunt.

555 1487 718 1540 Ignosce
733 1517 744 1533 ,
775 1487 956 1539 ignosce,
990 1486 1139 1533 Caesar,
1171 1488 1198 1525 fi
1219 1489 1302 1540 ejus
1323 1488 1397 1525 viri
1418 1488 1642 1526 auctoritati
1669 1496 1736 1526 'rex
1767 1489 1894 1541 Dejo-

500 1563 602 1592 tarus
625 1553 745 1598 ceffit,
777 1567 896 1605 quern
917 1567 987 1591 nos
1009 1567 1145 1591 omnes
1168 1553 1290 1591 secuti
1311 1553 1444 1591 sumus
1464 1569 1473 1592 ε
1506 1554 1547 1591 in
1569 1568 1689 1606 quem
1709 1567 1803 1593 cum
1825 1555 1896 1593 Dii

499 1629 616 1672 atque
631 1618 814 1657 homines
836 1619 970 1657 omnia
985 1629 1215 1657 ornamenta
1234 1619 1518 1671 congeffiffent,
1536 1629 1625 1658 tum
1641 1630 1684 1658 tu
1705 1619 1786 1673 ipse
1805 1620 1899 1674 plu-

501 1686 613 1730 rima,
631 1693 669 1723 et
686 1685 873 1724 maxima.
898 1685 1042 1737 Neque
1062 1686 1184 1730 enim,
1203 1685 1230 1723 fi
1247 1694 1322 1724 tuae
1343 1699 1402 1724 res
1423 1685 1536 1738 gestae
1557 1695 1790 1724 caeterorum
1810 1686 1899 1724 lau-

501 1752 616 1790 dibus
638 1751 920 1789 obscuritatem
940 1751 1173 1796 attulerunt,
1191 1751 1341 1790 idcirco
1363 1752 1644 1805 Cn.VP0mpeii
1664 1752 1900 1791 memoriam

502 1818 716 1855 amifimus.
750 1818 960 1868 Qantum
980 1831 1127 1854 nomen
1147 1819 1230 1868 ejus
1252 1817 1373 1855 fuerit
1388 1847 1399 1862 ,
1431 1827 1586 1870 quantae
1607 1832 1723 1871 opes,
1757 1828 1903 1871 quanta

502 1885 543 1922 in
573 1883 685 1921 omni
714 1895 854 1934 genere
885 1882 1082 1920 bellorum
1102 1883 1253 1934 gloria,
1285 1883 1423 1935 quanti
1452 1882 1620 1922 honores
1643 1884 1781 1936 populi
1813 1885 1899 1921 Ro-

502 1948 635 1993 mani,
668 1948 806 2000 quanti
834 1947 1013 1993 senatus,
1045 1946 1183 2001 quanti
1213 1949 1298 1994 tui,
1331 1949 1420 2001 quis
1450 1949 1637 2001 ignorat?
1669 1951 1803 1988 Tanto
1833 1949 1901 1987 ille

504 2014 717 2067 superiores
738 2014 884 2052 vicerat
903 2015 1042 2067 gloria,
1064 2025 1213 2068 quanto
1234 2024 1277 2053 tu
1298 2015 1485 2053 omnibus
1506 2015 1728 2068 praestitisti.
1762 2016 1901 2068 Itaque

507 2082 584 2120 Cn.
609 2081 791 2133 Pompeii
812 2081 928 2127 bella,
951 2081 1145 2127 vst‘corias,
1169 2081 1410 2135 triumphos,
1432 2082 1671 2128 consulatus,
1702 2082 1902 2120 admiran-

507 2159 562 2186 tes
585 2146 887 2185 numerabamus
905 2166 917 2193 5
950 2156 1038 2186 tuos
1060 2162 1286 2186 enumerare
1307 2162 1388 2186 non
1409 2148 1625 2201 poffumus.

563 2213 613 2251 V.
647 2213 711 2250 Ad
732 2226 824 2250 eum
845 2213 968 2265 igitur
988 2227 1054 2251 rex
1077 2214 1286 2266 Dejotarus
1306 2214 1429 2259 venit,
1451 2213 1528 2252 hoc
1549 2213 1691 2252 misero
1711 2212 1902 2266 fatalique

508 2280 627 2325 bello,
646 2292 767 2332 quem
782 2289 894 2318 antea
909 2280 1022 2332 justis
1044 2279 1329 2334 hostilibusque
1350 2281 1465 2319 bellis
1481 2281 1680 2334 adjuverat
1691 2300 1702 2326 ς
1725 2293 1903 2334 quocum

507 2356 587 2384 erat
606 2359 687 2383 non
707 2344 882 2398 hospitio
903 2346 1029 2384 solum
1044 2375 1055 2391 ,
1087 2360 1225 2384 verum
1246 2347 1364 2385 etiam
1384 2345 1650 2385 familiaritate
1664 2376 1676 2393 ,
1708 2347 1904 2399 conjunc·

509 2423 594 2451 tus:
627 2421 665 2449 et
686 2411 794 2450 venit
813 2412 876 2450 vel
897 2422 1069 2465 rogatus,
1092 2422 1137 2451 ut
1157 2414 1333 2458 amicus;
1366 2413 1428 2451 vel
1449 2413 1659 2459 arcessitus,
1682 2421 1727 2451 ut
1747 2409 1900 2457 socius}

510 2479 570 2517 vel
602 2487 783 2516 evocatus
799 2508 810 2525 ‚
843 2488 887 2517 ut
919 2479 950 2518 is
967 2509 978 2524 ‚
1010 2479 1081 2532 qui
1114 2479 1259 2518 senatui
1292 2493 1424 2532 parere
1457 2479 1648 2518 didiciffet
1667 2494 1676 2517 ε
1710 2478 1904 2531 postremo
