2076 2860
667 145 1243 185 PHILIPPICA
1320 145 1435 186 XIV.
1669 148 1749 201 467

352 249 504 287 mentio
525 248 648 286 nulla.
688 250 818 287 Grave
839 249 991 287 bellum
1014 250 1277 288 O&avianum
1298 250 1521 289 insecutum
1542 250 1595 288 est
1613 264 1622 289 :
1656 249 1748 303 sup-

351 315 514 367 plicatio
555 315 695 352 Cinnae
734 315 845 352 nulla
883 315 1055 353 νίξὶοι-ἰε.
1109 317 1248 354 Cinnae
1287 317 1492 355 vidtoriam
1537 317 1750 369 imperator

353 381 462 418 ultus
483 379 537 418 est
558 381 688 431 Sylla:
723 381 832 418 nulla
861 381 1097 434 supplicatio
1125 382 1279 421 decreta
1307 397 1328 420 a
1356 383 1504 421 senatu.
1549 383 1613 420 Ad
1638 383 1747 435 teip-

352 446 453 491 sum,
487 447 532 484 P.
558 447 712 492 Servili,
745 461 842 485 num
872 448 977 485 misit
1008 448 1105 486 ullas
1136 449 1289 501 collega
1318 450 1448 487 literas
1478 449 1526 487 de
1555 449 1623 486 illa
1644 448 1747 486 cala-

350 513 592 551 mitofiffima
621 528 754 566 pugna
784 513 1020 552 Pharsaliae?
1054 528 1151 552 num
1182 523 1219 553 te
1246 515 1295 553 de
1315 515 1601 568 supplicatione
1621 516 1750 554 voluit

351 578 524 617 referre?
556 579 734 633 prosecto
767 580 910 619 noluit.
953 582 1010 618 At
1041 581 1148 620 mifit
1178 581 1308 634 postea
1338 582 1387 620 de
1415 583 1668 628 Alexandria,
1701 583 1748 621 de

350 645 563 685 Pharnace.
598 647 826 686 Pharsalicae
847 662 938 686 vero
958 662 1100 701 pugnae
1121 662 1170 687 ne
1191 648 1444 702 triumphum
1465 649 1628 702 quidem
1649 651 1745 702 egit.

350 713 430 750 Eos
461 713 569 751 enim
600 714 702 754 cives
733 727 866 766 pugna
895 714 964 751 illa
993 714 1211 759 sustulerat,
1242 713 1393 767 quibus
1421 728 1500 753 non
1531 716 1650 754 modo
1685 717 1746 754 vi-

348 779 420 823 vis,
453 779 517 817 sed
545 780 663 817 etiam
695 781 925 825 vidtoribus,
958 790 995 818 et
1023 781 1238 819 incolumis
1267 790 1307 819 et
1336 781 1478 820 florens
1508 782 1645 820 civitas
1674 783 1746 821 effe

347 845 489 897 poffet:
515 845 622 898 quod
639 846 745 884 idem
762 847 981 899 contigerat
998 847 1262 900 superioribus
1280 847 1394 886 bellis
1411 849 1613 888 civilibus.
1639 850 1747 888 Nam

347 911 449 950 mihi
483 913 636 950 consuli
669 913 919 966 supplicatio,
952 914 1073 952 nullis
1106 915 1224 953 armis
1256 915 1438 968 sumptis,
1472 930 1551 954 non
1585 916 1637 954 ob
1669 930 1745 955 cae-

349 976 437 1014 dem
468 976 657 1022 hostium,
690 978 752 1016 sed
783 978 834 1016 ob
865 979 1201 1017 conservationem
1232 981 1396 1026 civium,
1429 995 1531 1019 novo
1561 991 1601 1019 et
1630 982 1745 1020 inau-

348 1042 432 1079 dito
453 1056 607 1094 genere,
641 1043 795 1080 decreta
814 1044 881 1082 est.
919 1045 1192 1095 Qamobrem
1213 1055 1280 1084 aut
1310 1047 1547 1100 supplicatio
1565 1048 1618 1085 ob
1639 1062 1744 1086 rem-

344 1108 549 1161 publicam
580 1108 848 1161 pulcherrime
876 1110 1022 1162 gestam
1052 1111 1342 1163 postulantibus
1372 1113 1504 1152 vestris
1529 1114 1745 1167 imperato-

345 1174 455 1212 ribus
477 1175 703 1227 deneganda
723 1175 791 1220 est,
823 1176 930 1228 quod
950 1185 1089 1228 praeter
1111 1177 1333 1216 Gabinium
1360 1181 1532 1233 contigit
1561 1183 1713 1222 nemini
1729 1204 1743 1231 3

344 1248 426 1284 aut,
458 1239 747 1292 supplicatione
768 1240 1024 1286 decernenda,
1055 1240 1184 1280 hostes
1206 1256 1286 1288 eos,
1318 1244 1366 1282 de
1386 1247 1532 1299 quibus
1563 1248 1743 1288 decerni-

344 1305 410 1350 tis,
437 1306 626 1358 judicetis
648 1305 796 1344 necess‘e
815 1305 882 1345 est.

403 1372 478 1410 IX.
511 1372 633 1424 Qod
653 1385 745 1424 ergo
767 1372 834 1410 ille
856 1385 910 1417 re,
928 1371 968 1410 id
988 1385 1062 1425 ego
1081 1372 1201 1411 etiam
1221 1375 1356 1422 verbo,
1373 1390 1469 1416 cum
1488 1380 1744 1433 imperatores

344 1450 409 1475 eos
431 1438 588 1490 appello
607 1453 616 1476 :
648 1436 726 1475 hoc
747 1438 830 1491 ipso
852 1439 1014 1476 nomine
1034 1448 1073 1476 et
1093 1453 1174 1485 eos,
1205 1442 1275 1492 qui
1297 1442 1383 1494 jam
1404 1443 1547 1485 devicti
1568 1448 1672 1494 sunt,
1703 1459 1744 1489 et

343 1516 424 1549 eos,
447 1504 518 1556 qui
539 1503 758 1556 supersunt,
776 1503 903 1542 hostes
919 1505 1074 1557 judico,
1093 1519 1186 1543 curn
1207 1507 1372 1546 viCtores
1392 1511 1549 1563 appello
1569 1513 1741 1567 impera-

343 1579 461 1608 tores.
530 1570 702 1608 uomodo
723 1571 831 1608 enim
851 1572 984 1623 potius
1007 1572 1168 1610 Pansam
1189 1573 1414 1625 appellem?
1437 1577 1503 1615 etsi
1525 1577 1645 1618 habet
1663 1579 1740 1619 ho-

342 1636 449 1674 noris
471 1635 697 1688 ampliffimi
720 1650 880 1675 nomen.
924 1638 1017 1688 Qo
1046 1638 1229 1676 Hirtium
1250 1640 1262 1676 ?
1295 1640 1347 1678 est
1368 1642 1436 1680 ille
1457 1644 1619 1696 quidem
1640 1660 1739 1686 con-

343 1701 401 1739 sul
422 1716 429 1739 :
455 1701 519 1739 sed
539 1702 707 1740 alterurn
728 1715 873 1740 nomen
896 1703 1076 1741 beneficii
1097 1704 1151 1742 est
1172 1706 1311 1757 populi
1332 1707 1530 1755 Romani,
1555 1711 1738 1760 alterurn,

343 1768 501 1806 virtutis
534 1778 651 1820 atque
684 1769 870 1807 vietoriae.
918 1769 1057 1821 Qid?
1091 1771 1297 1817 Caesarem,
1331 1774 1509 1813 Deorum
1545 1777 1740 1818 beneficio

343 1834 571 1887 reipublicae
592 1844 855 1887 procreatum,
873 1835 1106 1874 dubitemne
1127 1838 1321 1890 appellare
1342 1840 1644 1893 imperatorem?
1669 1847 1739 1898 qui

342 1902 495 1954 primus
517 1902 686 1939 Antonii
708 1902 924 1940 immanem
945 1912 983 1941 et
1003 1903 1151 1942 foedam
1173 1905 1448 1946 crudelitatem
1469 1923 1547 1947 non
1571 1910 1697 1950 solum
1719 1928 1740 1952 a

335 1968 490 2020 jugulis
507 1967 662 2013 nostris,
680 1967 743 2005 sed
759 1969 877 2006 etiam
895 1982 915 2006 a
928 1970 1117 2008 membris
1135 1980 1174 2008 et
1189 1972 1417 2019 visceribus,
1432 1977 1586 2016 avertit.
1606 1978 1737 2019 Unius

341 2043 473 2072 autem
494 2033 571 2072 diei
593 2044 691 2087 quot
711 2044 750 2072 et
769 2044 924 2086 quantae
944 2036 1124 2082 virtutes,
1158 2038 1228 2075 Dii
1254 2039 1513 2088 immortales,
1545 2042 1706 2084 fuerunt
1725 2046 1735 2084 !

397 2100 585 2152 Princeps
607 2100 715 2138 enim
736 2101 918 2138 omnium
941 2102 1061 2140 Pansa
1081 2104 1213 2155 proelii
1238 2103 1423 2152 faciendi,
1455 2117 1494 2146 et
1523 2123 1615 2149 cum
1646 2112 1736 2150 An-

340 2165 452 2203 tonio
473 2165 714 2218 confligendi
741 2165 835 2212 fuit,
867 2167 1010 2219 dignus
1039 2169 1253 2222 imperator
1274 2172 1429 2225 legione
1450 2175 1611 2222 Martia,
1643 2177 1735 2230 dig-

341 2244 391 2269 na
420 2231 525 2282 legio
557 2232 806 2283 imperatore.
851 2233 976 2286 Cujus
1008 2234 1034 2272 fi
1062 2236 1297 2276 acerrimum
1325 2239 1521 2292 impetum
1549 2240 1736 2282 cohibere

341 2296 462 2334 Pansa
481 2295 680 2349 potuisset,
707 2311 786 2336 uno
806 2299 949 2352 proelio
969 2301 1148 2340 confecta
1168 2317 1226 2341 res
1247 2304 1352 2344 effet.
1386 2306 1472 2352 Sed,
1496 2321 1588 2345 cum
1610 2309 1732 2347 liber-

340 2363 431 2402 tatis
454 2363 564 2401 avida
583 2363 688 2416 legio
708 2364 932 2404 effrenatius
960 2367 1001 2404 in
1029 2370 1154 2406 aciem
1184 2369 1357 2409 hostium
1388 2372 1596 2425 irrupisset,
1629 2375 1729 2426 ipse-

340 2443 418 2482 que
438 2430 480 2468 in
501 2429 641 2482 primis
669 2430 790 2469 Pansa
814 2441 1034 2484 pugnaret,
1067 2434 1221 2473 duobus
1251 2437 1474 2487 periculofis
1502 2439 1729 2478 vulneribus

1239 2500 1278 2538 N
1302 2514 1326 2538 n
1350 2514 1374 2538 n
1406 2515 1427 2540 2
