2076 2860
670 128 1245 168 PHILIPPICA
1324 129 1441 171 VIII.
1679 149 1754 188 395

353 230 530 270 senatum
556 230 635 269 fuit
654 246 662 269 :
696 230 763 269 hic
784 229 964 269 hesterno
984 231 1046 276 dic
1068 230 1277 270 sententias
1300 233 1444 272 nostras
1466 233 1507 270 in
1528 233 1751 281 codicillos,

351 306 391 335 et
411 298 546 336 omnia
564 297 694 342 verba,
718 296 931 335 referebat:
955 295 1051 335 huic
1072 297 1109 335 se
1128 298 1247 336 etiam
1268 298 1433 338 summis
1454 297 1674 339 honoribus
1696 303 1751 341 usi

351 372 488 401 contra
508 362 745 415 dignitatem
766 362 874 401 suam
898 362 1168 402 venditabant.

407 431 444 467 Ο
468 429 539 467 Dii
561 430 805 468 immortales
825 430 834 468 l
867 443 988 483 quam
1009 443 1200 482 magnum
1221 430 1289 476 est,
1311 431 1516 484 personam
1539 432 1580 471 in
1601 434 1747 486 repub-

349 494 426 534 lica
446 497 548 534 tueri
569 497 786 550 principis!
821 511 907 550 quae
938 510 1017 535 non
1045 498 1187 536 animis
1216 497 1344 536 solum
1372 498 1503 543 debet,
1536 499 1599 538 sed
1629 501 1749 540 etiam

347 563 490 608 oculis,
522 562 661 602 servire
681 563 846 602 civium.
892 565 1075 601 Domum
1096 564 1267 616 recipere
1287 564 1463 617 legatum
1483 564 1675 612 hostium,
1706 568 1746 605 in

347 629 583 668 cubiculum
614 629 845 674 admittere,
877 630 995 667 etiam
1029 629 1231 674 seducere,
1261 628 1439 668 hominis
1472 630 1525 668 est
1560 631 1663 670 nihil
1699 633 1746 670 de

346 693 554 746 dignitate,
578 695 750 735 nimium
772 695 819 733 de
839 695 1032 748 periculo,
1055 696 1282 747 cogitantis.
1306 695 1428 748 Qod
1448 705 1580 735 autem
1601 697 1654 735 est
1673 712 1745 751 pe·

346 760 550 799 ticulum?
574 775 678 807 nam,
698 762 724 799 fi
746 762 968 799 maximum
989 762 1029 798 in
1051 760 1264 799 discrimen
1282 763 1476 807 venietur,
1497 770 1565 801 aut
1585 762 1746 803 libertas

345 836 476 878 parata
495 827 634 866 victori
654 827 722 872 est,
753 836 820 865 aut
851 840 956 865 mors
986 827 1184 879 proposita
1211 827 1342 866 victo:
1376 841 1548 880 quorum
1575 829 1746 869 alterum

345 893 521 945 optabile
541 893 608 939 est,
631 894 799 932 alterum
819 893 991 946 effugere
1012 907 1129 932 nemo
1150 893 1289 946 potest.
1323 896 1474 948 Turpis
1496 904 1628 945 autem
1648 895 1745 950 fuga

343 960 485 997 mortis
506 959 617 997 omni
638 960 691 997 est
711 968 839 998 morte
859 960 982 1012 pejor.

401 1025 508 1063 Nam
541 1025 642 1063 illud
674 1026 838 1078 quidem
868 1039 948 1064 non
978 1025 1151 1064 adducor
1172 1035 1216 1065 ut
1240 1026 1412 1072 credam,
1443 1027 1516 1066 effe
1536 1028 1743 1081 quosdam,

340 1090 411 1142 qui
432 1090 633 1130 invideant
653 1092 820 1144 alicujus
842 1091 1082 1137 constantiae,
1115 1092 1184 1143 qui
1210 1092 1335 1130 labori
1351 1111 1364 1137 ;
1397 1094 1479 1144 ejus
1512 1104 1745 1148 perpetuam

343 1157 384 1194 in
417 1158 620 1210 republica
650 1157 868 1210 adjuvanda
899 1157 1146 1198 voluntatem
1180 1166 1220 1196 et
1253 1172 1275 1196 a
1305 1158 1439 1196 senatu
1470 1169 1509 1198 et
1540 1174 1561 1198 a
1592 1162 1745 1214 populo

343 1223 527 1262 Romano
548 1224 718 1277 probari,
747 1224 907 1262 moleste
927 1223 1068 1262 ferant.
1103 1225 1255 1262 Omnes
1276 1225 1318 1263 id
1338 1225 1501 1277 quidem
1523 1225 1650 1266 facere
1671 1227 1740 1266 de-

342 1289 559 1328 bebamus:
592 1304 713 1343 eaque
747 1299 827 1328 erat
863 1303 942 1328 non
978 1290 1098 1328 modo
1133 1290 1237 1343 apud
1267 1292 1435 1344 majores
1469 1292 1645 1339 nostros,
1677 1294 1742 1333 sed

339 1356 458 1394 etiam
480 1370 618 1409 nuper,
651 1357 804 1398 summa
823 1356 906 1394 laus
928 1356 1210 1402 consularium,
1238 1357 1416 1410 vigilare,
1447 1358 1568 1398 adeffe
1589 1360 1739 1406 animo,

340 1421 490 1476 semper
511 1422 661 1477 aliquid
682 1437 754 1476 pro
775 1423 978 1476 republica
998 1432 1064 1461 aut
1091 1424 1280 1476 cogitare,
1311 1433 1378 1462 aut
1406 1423 1550 1471 facere,
1580 1436 1647 1466 aut
1675 1426 1738 1467 di-

338 1501 439 1527 cere.
484 1491 587 1542 Ego,
622 1491 751 1527 Patres
782 1489 1012 1542 conscripti,
1045 1490 1337 1541 QScaevolam
1364 1504 1554 1543 augurem
1581 1506 1739 1532 memo-

338 1556 393 1592 ria
414 1565 542 1601 teneo,
576 1557 681 1594 bello
713 1556 899 1602 Marfico,
931 1570 1024 1594 cum
1056 1556 1147 1594 effet
1179 1556 1332 1594 summa
1363 1557 1560 1596 senectute
1586 1568 1625 1597 et
1645 1573 1736 1611 per·

339 1620 420 1658 dita
440 1621 678 1667 valetudine,
710 1622 904 1674 quotidie,
936 1621 1050 1659 fimul
1072 1631 1189 1675 atque
1210 1622 1375 1667 luceret,
1400 1621 1527 1661 facere
1547 1624 1737 1662 omnibus

338 1688 599 1726 conveniendi
633 1688 690 1726 sui
722 1688 981 1741 potestatem:
1014 1703 1142 1742 neque
1168 1702 1261 1727 eum
1289 1688 1499 1742 quisquam
1526 1689 1599 1728 illo
1631 1691 1737 1730 bello

337 1754 437 1792 vidit
458 1754 499 1792 in
521 1755 622 1793 lecto
641 1770 649 1793 :
674 1755 869 1808 senexque
888 1765 928 1793 et
949 1755 1106 1800 debilis,
1130 1755 1282 1807 primus
1304 1755 1485 1793 veniebat
1505 1755 1547 1793 in
1568 1756 1734 1796 curiam.

336 1820 473 1873 Hujus
504 1820 735 1860 industriam
767 1822 940 1860 maxime
971 1822 1135 1875 quidem
1163 1822 1307 1860 vellem
1335 1831 1380 1860 ut
1407 1822 1657 1862 imitarentur
1689 1824 1734 1869 ii,

336 1900 436 1939 quos
461 1888 667 1940 oportebat
682 1907 695 1934 ;
727 1887 898 1927 secundo
929 1898 1062 1927 autem
1095 1888 1199 1934 loco,
1231 1902 1279 1926 ne
1300 1888 1459 1927 alterius
1481 1888 1608 1926 labori
1628 1889 1733 1928 invi-

335 1952 485 1992 derent.

389 2020 465 2059 XI.
495 2020 674 2066 Etenim,
693 2020 824 2058 Patres
841 2019 1070 2073 conscripti,
1089 2034 1182 2058 cum
1199 2020 1239 2058 in
1258 2019 1365 2073 spem
1386 2019 1579 2060 libertatis
1596 2021 1733 2060 sexen-

336 2084 402 2122 nio
430 2085 514 2137 post
541 2086 658 2124 fimus
691 2085 862 2137 ingreffi,
894 2084 1121 2138 diutiusque
1148 2086 1376 2124 servitutem
1402 2087 1581 2140 perpeffi,
1612 2102 1733 2140 quam

336 2150 483 2202 captivi
503 2150 611 2203 frugi
631 2159 670 2188 et
691 2150 900 2203 diligentes
923 2151 1073 2197 solent,
1097 2165 1191 2204 quas
1214 2151 1384 2204 vigilias,
1415 2166 1511 2205 quas
1533 2151 1729 2191 sollicitu-

335 2216 461 2261 dines,
494 2230 592 2268 quos
620 2216 786 2262 labores,
818 2217 1011 2255 liberandi
1044 2219 1183 2271 populi
1215 2218 1389 2256 Romani
1422 2219 1532 2257 causa
1559 2219 1730 2258 recusare

336 2282 524 2321 debemus
545 2285 557 2320 ?
591 2282 806 2335 Equidem,
831 2284 962 2322 Patres
983 2285 1212 2338 conscripti,
1235 2298 1463 2338 quanquam
1483 2284 1560 2323 hoc
1581 2284 1729 2324 honore

337 2349 392 2387 usi
414 2350 537 2401 togati
558 2348 684 2387 solent
704 2349 791 2395 effe,
822 2364 916 2388 cum
936 2350 989 2388 est
1010 2351 1050 2388 in
1074 2351 1169 2403 sagis
1192 2351 1328 2389 civitas
1345 2370 1358 2397 3
1391 2351 1505 2389 statui
1534 2360 1677 2395 tamen,
1710 2365 1730 2388 a

336 2415 448 2453 vobis
471 2415 696 2467 ca‘terisque
717 2415 870 2455 civibus
897 2417 937 2454 in
960 2426 1066 2455 tanta
1085 2417 1288 2455 atrocitate
1311 2416 1515 2467 temporis,
1547 2425 1731 2468 tantaque

1230 2480 1430 2519 Ddd2
