2076 2860
322 205 393 244 108
638 202 740 239 DE
813 197 1391 236 PROVINCIIS

314 301 580 353 unusquisque
602 298 769 336 vestrum
792 296 906 334 debet
927 295 998 334 effe
1020 296 1061 333 in
1087 295 1176 334 illos
1193 325 1203 341 ,
1235 295 1313 334 hoc
1342 310 1408 335 ero
1426 311 1434 335 :
1468 298 1714 350 praecipuum

317 368 435 405 illum
456 376 494 405 et
514 366 717 419 proprium
740 363 892 400 sensum
913 362 1058 400 doloris
1081 364 1186 408 mei,
1218 377 1337 415 quem
1360 373 1488 401 tamen
1510 377 1578 401 vos
1599 376 1713 400 com-

318 447 481 471 munem
504 432 653 483 semper
672 429 784 467 vobis
806 442 965 466 mecum
986 428 1058 466 effe
1079 428 1242 467 duxistis
1257 458 1269 474 ,
1301 442 1322 466 a
1341 429 1531 468 sententia
1551 428 1716 466 dicenda

317 499 535 543 amovebo,
569 496 615 533 ad
637 493 850 533 ulciscendi
873 504 1050 547 tempora
1071 494 1284 533 reservabo.

374 566 429 603 ΙΙ.
463 565 644 615 Qatuor
664 561 752 599 sunt
775 561 999 613 provinciae,
1024 561 1155 598 Patres
1172 560 1401 613 conscripti,
1419 560 1466 598 de
1482 560 1628 613 quibus
1645 560 1715 597 ad·

317 630 397 668 huc
418 629 601 680 intelligo
623 628 829 666 sententias
851 626 923 665 effe
944 627 1086 664 dietas:
1112 627 1253 665 Galliae
1273 627 1372 672 duae,
1395 640 1490 680 quas
1512 627 1589 665 hoc
1611 636 1716 664 tem-

317 711 410 750 pore
431 709 510 734 uno
532 695 699 747 irnperio
719 693 898 732 videmus
920 693 992 731 esse
1012 694 1269 745 conju116ta85
1302 702 1341 731 et
1367 694 1474 744 Syria
1504 703 1543 731 et
1575 693 1715 731 Mace-

318 762 449 807 donia,
468 774 578 814 quas,
596 761 706 798 vobis
731 760 865 798 invitis
887 768 925 797 et
945 759 1145 812 oppreffis‚
1168 757 1341 811 pestiferi
1364 758 1424 796 illi
1445 759 1623 797 consules
1646 772 1717 810 pro

318 827 455 866 eversae
485 826 713 880 reipublicae
743 825 914 878 praemiis
947 833 1255 877 occupaverunt.
1303 823 1569 862 Decernendae
1601 823 1717 861 nobis

319 895 410 933 sunt
439 895 527 947 lege
560 893 789 946 Sempronia
819 891 918 929 duae.
952 891 1062 943 Qid
1094 890 1161 935 est,
1194 890 1302 943 quod
1329 890 1516 942 poffimus
1542 890 1589 928 de
1611 890 1720 942 Syria

320 960 634 1012 Macedoniaque
656 959 833 996 dubitare
853 959 866 995 ?
900 957 1040 1002 Mitto,
1073 955 1181 1009 quod
1201 970 1262 995 eas
1285 957 1339 994 ita
1357 965 1484 1009 partas
1505 955 1653 995 habent
1673 957 1717 1001 ii,

322 1027 391 1079 qui
413 1039 519 1064 nunc
540 1026 738 1069 obtinent,
758 1033 800 1061 ut
823 1037 901 1061 non
923 1032 1011 1061 ante
1032 1022 1250 1074 attigerint,
1269 1036 1388 1074 quam
1409 1021 1517 1060 hunc
1537 1021 1719 1059 ordinem

320 1091 622 1130 condemnarint
640 1110 651 1136 3
685 1103 803 1143 quam
832 1089 1105 1127 auctoritatem
1126 1088 1289 1126 vestram
1311 1101 1330 1126 e
1351 1088 1509 1126 civitate
1529 1088 1718 1126 extermi-

320 1158 450 1196 narint
465 1176 476 1202 3
496 1171 615 1210 quam
633 1155 751 1194 fidem
769 1155 986 1208 publicam,
1005 1168 1124 1207 quam
1141 1163 1369 1206 perpetuam
1385 1154 1522 1206 populi
1547 1154 1719 1191 Romani

323 1224 501 1269 salutem,
533 1236 652 1276 quam
673 1236 750 1268 me,
773 1235 816 1261 ac
837 1234 945 1260 meos
966 1234 1119 1266 omneS,
1151 1219 1358 1259 foediffime
1379 1219 1720 1273 crudeliflimeque

322 1290 514 1328 vexarint.

380 1355 530 1393 Omnia
550 1353 760 1392 domestica
780 1353 849 1392 illa
868 1353 1153 1405 atque'urbana
1173 1353 1291 1391 mitto
1308 1371 1319 1398 3
1352 1366 1439 1405 quae
1470 1360 1576 1391 tanta
1603 1351 1693 1390 sunt
1706 1381 1718 1397 ,

323 1430 367 1459 ut
388 1434 594 1472 nunquam
616 1419 792 1457 Annibal
812 1418 907 1456 huic
930 1419 1017 1456 urbi
1041 1427 1197 1456 tantum
1217 1418 1312 1456 mali
1333 1418 1492 1470 optarit,
1525 1426 1720 1470 quantum

322 1487 383 1524 illi
404 1486 633 1524 effecerint:
664 1485 711 1523 ad
730 1485 829 1538 ipsas
851 1485 966 1522 venio
987 1485 1222 1537 provincias.
1256 1486 1437 1536 Qarum
1458 1483 1718 1528 Macedonia,

322 1567 408 1605 quae
428 1562 507 1590 erat
528 1561 639 1590 antea
659 1552 813 1589 munita
833 1551 1099 1603 plurimorum
1120 1552 1402 1602 imperatorum
1424 1563 1503 1587 non
1530 1549 1720 1594 turribus,

323 1617 384 1656 sed
406 1617 576 1669 tropaeis,
606 1630 692 1668 quae
712 1616 852 1654 multis
873 1616 1045 1653 victoriis
1068 1624 1147 1652 erat
1163 1615 1317 1666 jamdiu
1339 1613 1629 1666 triumphisque
1649 1627 1720 1666 pa-

323 1692 430 1727 cata,-
465 1683 516 1720 sic
541 1695 561 1719 a
593 1681 786 1726 Barbaris,
819 1682 965 1732 quibus
986 1680 1039 1718 est
1059 1689 1220 1732 propter
1239 1680 1441 1718 avaritiam
1472 1693 1547 1732 pax
1575 1689 1720 1732 erepta,

321 1757 482 1785 vexatur
496 1776 505 1791 ‚
540 1756 581 1784 ut
604 1745 991 1790 Thessalonicenses,
1023 1746 1137 1797 positi
1159 1746 1198 1783 in
1221 1746 1373 1797 gremio
1394 1746 1552 1798 imperii
1573 1745 1720 1790 nostri,

324 1813 542 1865 relinquere
564 1811 757 1864 oppidum
773 1840 784 1856 ‚
816 1819 855 1848 et
884 1824 1014 1848 arcem
1044 1811 1200 1847 munire
1216 1839 1226 1854 ,
1258 1819 1477 1861 cogantur,
1509 1820 1554 1848 ut
1574 1812 1635 1848 via
1654 1811 1723 1849 illa

324 1878 463 1923 nostra,
483 1891 568 1930 quae
587 1891 653 1929 per
670 1875 949 1914 Macedoniam
966 1875 1019 1913 est
1034 1875 1155 1927 usque
1172 1874 1217 1912 ad
1240 1874 1550 1927 Hellespontum
1569 1876 1720 1913 milita-

326 1946 391 1990 ris,
425 1958 503 1982 non
525 1944 653 1982 solum
673 1942 969 1981 excursionibus
992 1942 1251 1980 Barbarorum
1273 1941 1317 1979 fit
1339 1940 1489 1986 infesta,
1520 1941 1581 1979 sed
1603 1942 1721 1980 etiam

326 2010 455 2048 castris
477 2009 662 2048 Threciis
684 2008 861 2046 distincta
882 2021 925 2045 ac
947 2016 1092 2045 notata.
1118 2008 1176 2045 Ita
1195 2016 1330 2059 gentes
1352 2021 1418 2052 eae,
1441 2020 1541 2059 quae,
1566 2017 1607 2045 ut
1629 2021 1723 2061 pace

325 2085 544 2120 uterentur,
571 2075 653 2112 vim
674 2074 823 2126 argenti
845 2073 1029 2112 dederant
1050 2073 1234 2126 praeclaro
1255 2072 1384 2111 nostro
1405 2074 1655 2125 imperatori5
1680 2084 1723 2112 ut

325 2141 527 2180 exhaustas
549 2140 687 2179 domos
714 2139 860 2192 replere
890 2139 1065 2191 possent,
1097 2153 1168 2191 pro
1197 2148 1330 2191 empta
1359 2152 1452 2191 pace
1474 2138 1625 2177 bellum
1647 2153 1720 2177 no-

326 2208 387 2245 bis
409 2221 530 2260 prope
546 2206 696 2259 justum
718 2206 953 2243 intulerunt.
972 2206 1062 2256 Jam
1078 2219 1168 2243 vero
1189 2205 1382 2243 exercitus
1405 2205 1472 2245 ille
1493 2205 1633 2250 noster,
1656 2205 1722 2243 su-

327 2273 551 2327 perbiffimo
571 2272 722 2311 delectu
744 2281 782 2310 et
803 2271 1000 2309 duriffirna
1029 2271 1316 2325 conquisitione
1345 2272 1533 2310 collectus
1548 2301 1560 2317 ,
1592 2273 1722 2310 omnis

328 2340 492 2380 interiit.

386 2406 460 2444 ΙΙΙ.
494 2405 647 2456 Magno
676 2403 752 2442 hoc
783 2403 872 2441 dico
902 2417 996 2441 cum
1020 2402 1168 2441 dolore.
1202 2403 1473 2441 Miserandum
1495 2404 1534 2441 in
1557 2402 1725 2441 modum

330 2472 474 2510 milites
509 2470 647 2524 populi
680 2470 852 2509 Romani
884 2470 1003 2522 capti,
1040 2469 1180 2514 necati,
1213 2469 1366 2515 deserti,
1404 2469 1570 2523 diffipati
1604 2469 1691 2507 sunt
1708 2487 1723 2514 3
