2076 2860
541 162 681 201 PRO
746 161 943 200 REGE
1004 160 1425 212 DEJOTARO.
1606 162 1683 212 263

280 262 378 315 quid
406 277 513 302 nunc
541 263 644 302 mihi
671 263 794 302 animi
822 263 882 307 fit,
915 262 961 300 ad
990 271 1027 300 te
1055 262 1183 315 ipsum
1213 261 1381 307 referre;
1414 274 1494 313 quo
1525 259 1681 298 facilius

280 338 367 367 tum
389 330 548 382 aequitas
571 340 651 374 tua,
670 339 757 367 tum
778 329 963 367 audiendi
985 328 1205 381 diligentia,
1226 329 1380 366 minuat
1401 327 1502 365 hanc
1524 336 1681 379 pertur-

281 394 482 433 bationem
498 409 641 433 meam.
667 395 754 439 Sed,
773 404 983 447 antequam
1001 394 1046 431 de
1063 394 1307 432 accusatione
1329 393 1408 446 ipsa
1428 393 1531 436 dico,
1552 392 1597 428 de
1614 405 1679 429 ac-

280 460 503 500 cusatorum
525 462 588 515 spe
609 475 731 514 pauca
753 461 902 500 dicam:
927 461 996 513 qui
1018 475 1110 499 cum
1133 461 1336 498 videantur
1358 474 1482 511 neque
1504 459 1678 510 ingenio,

279 540 408 580 neque
429 528 499 566 usu
520 538 637 581 atque
657 529 936 566 exercitatione
966 542 1094 566 rerum
1112 557 1121 572 ,
1154 528 1304 572 valere,
1339 537 1467 565 tamen
1500 526 1547 562 ad
1579 524 1680 563 hanc

279 593 433 632 causam
455 608 533 632 non
556 595 633 632 fine
654 594 785 646 aliqua
805 594 870 646 spe
889 603 926 631 et
949 594 1190 645 cogitatione
1211 602 1415 630 venerunt.

336 660 413 698 ΙΙΙ.
448 661 598 698 Iratum
613 670 650 698 te
667 660 748 712 regi
771 660 959 712 Dejotaro
976 658 1088 697 fuiffe
1110 673 1188 696 non
1206 668 1314 696 erant
1336 658 1474 695 nescii:
1499 656 1681 694 affetftum

280 725 398 764 illum
420 727 655 778 quibusdam
677 726 958 770 incommodis,
977 734 1015 763 et
1031 725 1291 769 detrimentis,
1316 733 1475 777 propter
1496 723 1678 761 offenfio-

280 806 373 831 nem
394 794 516 831 animi
538 794 610 839 tui,
633 793 920 831 meminerant:
946 802 1060 844 teque
1082 805 1175 829 cum
1196 790 1292 828 huic
1319 791 1478 835 iratum,
1504 799 1589 827 tum
1612 790 1681 827 fibi

280 859 469 905 amicum,
493 868 783 912 cognoverant:
816 872 989 910 cumque
1010 857 1113 910 apud
1135 856 1264 909 ipsum
1287 866 1323 894 te
1345 856 1392 894 de
1414 865 1482 894 tuo
1503 856 1680 908 periculo

280 925 455 964 dicerent
470 956 480 971 ‚
512 925 597 964 fore
623 925 815 978 putabant
830 954 840 969 ‚
874 934 918 962 ut
945 924 985 961 in
1007 924 1233 972 exulcerato
1253 923 1385 961 animo
1407 922 1521 961 facile
1542 922 1681 960 fletum

279 992 429 1029 crimen
451 991 646 1030 insideret.
680 991 954 1042 Qamobrem
974 989 1051 1028 hoc
1073 1004 1142 1028 nos
1165 990 1342 1042 primum
1364 999 1488 1033 metu,
1519 989 1567 1026 C.
1589 989 1677 1026 Cae-

278 1058 359 1103 sar,
391 1072 460 1112 per
480 1058 600 1096 fidem
613 1088 623 1104 ‚
656 1068 695 1096 et
715 1057 973 1096 constantiam
986 1087 996 1102 ,
1028 1065 1066 1094 et
1087 1057 1342 1094 clementiam
1365 1065 1473 1093 tuam
1489 1085 1499 1100 ,
1532 1055 1653 1092 libera
1668 1084 1678 1099 ,

278 1138 327 1164 ne
348 1124 508 1163 refidere
527 1125 569 1163 in
591 1134 629 1163 te
649 1125 773 1163 ullam
794 1133 945 1177 partem
966 1122 1177 1161 iracundiae
1198 1122 1453 1174 suspicemur.
1488 1122 1561 1159 Per
1582 1121 1679 1158 dex-

281 1199 404 1229 teram
432 1201 470 1229 te
497 1191 608 1229 istam
638 1205 721 1236 oro,
754 1204 874 1243 quam
905 1189 987 1242 regi
1018 1190 1207 1241 Dejotaro
1237 1188 1377 1241 hospes
1408 1187 1555 1240 hospiti
1586 1201 1680 1240 por-

281 1257 412 1295 rexisti
431 1272 440 1295 ε
464 1257 591 1302 istam,
614 1257 793 1310 inquam,
815 1256 1030 1300 dexteram,
1055 1269 1133 1293 non
1156 1264 1237 1293 tam
1258 1256 1298 1292 in
1321 1254 1436 1292 bellis
1458 1263 1496 1291 et
1518 1254 1558 1291 in
1580 1267 1680 1306 prae-

281 1323 345 1362 liis
361 1353 372 1368 ,
404 1337 523 1376 quam
544 1324 586 1361 in
608 1323 801 1376 promiffis
823 1331 862 1359 et
884 1321 959 1359 fide
975 1351 985 1366 ,
1018 1321 1250 1359 firmiorem.
1293 1322 1361 1359 Tu
1382 1320 1490 1358 illius
1513 1320 1680 1358 domum

281 1390 395 1436 inire,
414 1399 457 1429 tu
478 1399 589 1429 vetus
610 1389 832 1442 hospitium
852 1401 1049 1433 renovare,
1067 1387 1246 1425 voluisti:
1271 1396 1308 1425 te
1329 1388 1411 1440 ejus
1430 1387 1500 1425 Dii
1522 1395 1679 1440 penates

279 1465 515 1510 acceperunt
534 1472 542 1495 :
576 1466 614 1496 te
634 1456 823 1500 amicum,
855 1464 894 1492 et
914 1454 1127 1507 placatum,
1160 1453 1338 1506 Dejotari
1361 1454 1462 1506 regis
1484 1467 1554 1491 arae
1575 1452 1679 1491 foci-

280 1537 358 1576 que
377 1523 577 1563 viderunt.

338 1590 446 1628 Cum
466 1589 582 1628 facile
602 1589 767 1634 exorari,
801 1588 940 1633 Caesar,
964 1596 1050 1626 tum
1072 1587 1189 1625 semel
1211 1586 1375 1630 exorari,
1400 1585 1512 1623 soles.
1545 1585 1681 1623 Nemo

282 1669 459 1708 unquam
481 1666 518 1694 te
538 1656 708 1708 placavit
728 1655 916 1694 inimicus
930 1684 940 1700 ,
972 1654 1042 1707 qui
1065 1653 1163 1691 ullas
1185 1651 1357 1690 resediffe
1379 1652 1419 1689 in
1442 1661 1479 1689 te
1501 1651 1679 1689 fimulta-

283 1721 333 1760 tis
355 1721 538 1774 reliquias
561 1721 733 1759 senserit.
772 1722 1013 1772 Qanquam
1034 1719 1099 1756 cui
1121 1718 1211 1756 sunt
1231 1716 1416 1755 inauditae
1437 1730 1531 1754 cum
1553 1716 1680 1768 Dejo-

283 1796 365 1827 taro
385 1788 551 1840 querelae
568 1788 670 1826 tuae?
694 1787 916 1838 Nunquam
934 1794 977 1822 tu
998 1785 1116 1822 illum
1131 1783 1354 1821 accusavisti
1371 1792 1415 1820 ut
1432 1781 1598 1827 hostem,
1618 1781 1681 1819 sed

282 1863 328 1892 ut
357 1854 533 1892 amicum
564 1852 698 1891 officio
729 1866 869 1905 parum
902 1850 1102 1895 funetum,
1134 1848 1242 1902 quod
1271 1848 1497 1900 propensior
1527 1848 1567 1885 in
1600 1849 1678 1886 Cn.

283 1920 465 1973 Pompeii
485 1919 703 1958 amicitiam
724 1917 869 1963 fuiffet,
892 1930 1012 1970 quam
1033 1916 1074 1954 in
1097 1924 1220 1953 tuam.
1255 1914 1333 1952 Cui
1357 1923 1486 1951 tamen
1508 1913 1578 1965 ipfi
1599 1914 1683 1964 regi

282 1986 438 2026 veniam
459 1994 497 2025 te
517 1985 703 2024 daturum
722 1983 836 2022 fuiffe
857 1983 1028 2027 dicebas,
1061 1982 1087 2020 fi
1109 1990 1196 2020 tum
1217 1979 1363 2018 auxilia
1383 1980 1591 2032 Pompeio,
1620 1979 1682 2017 vel

283 2052 310 2091 fi
337 2052 457 2091 etiam
485 2051 642 2096 filium,
674 2050 856 2095 misisset,
888 2049 968 2102 ipse
996 2058 1126 2087 tamen
1154 2046 1403 2086 excusatione
1435 2045 1558 2085 aetatis
1591 2045 1682 2083 usus

283 2117 388 2156 effet.
426 2120 578 2170 Itaque,
611 2131 705 2154 cum
737 2116 921 2154 maximis
954 2129 1046 2154 eum
1076 2115 1191 2153 rebus
1223 2113 1422 2158 liberares,
1454 2125 1681 2165 perparvam

285 2183 468 2222 amicitiae
489 2183 649 2235 culpam
671 2181 934 2234 relinquebas.

342 2250 480 2301 Itaque
501 2262 579 2287 non
602 2248 727 2286 solum
749 2248 790 2286 in
811 2261 902 2286 eum
921 2261 998 2286 non
1015 2245 1336 2291 animadvertisti,
1355 2244 1418 2283 sed
1439 2244 1550 2282 omni
1572 2251 1683 2281 metu

285 2314 520 2359 liberavisti;
552 2313 749 2367 hospitem
769 2314 983 2367 agnovisti,
1017 2327 1148 2367 regem
1169 2312 1376 2365 reliquisti.
1409 2311 1553 2363 Neque
1574 2310 1682 2347 enim

286 2382 354 2420 ille
375 2382 467 2419 odio
488 2381 546 2419 tui
568 2381 800 2433 progressus,
832 2381 895 2419 sed
915 2395 1041 2419 errore
1062 2379 1269 2418 communi
1291 2377 1418 2431 lapsus
1440 2376 1507 2414 est.
1540 2377 1576 2413 Is
1599 2388 1680 2419 rex,

286 2462 407 2502 quem
442 2447 593 2485 senatus
633 2446 709 2485 hoc
749 2448 910 2485 nomine
950 2447 1045 2499 saepe
1080 2443 1482 2484 honorificentiffimis
1518 2441 1683 2478 decretis

370 2516 514 2552 Tom.
546 2513 619 2552 VI.
1305 2510 1337 2547 L
1369 2509 1381 2546 1
