2076 2860
676 170 1252 210 PHILIPPICA
1329 169 1403 209 IX.
1656 178 1730 222 401

338 273 524 318 malebat,
556 286 675 325 quam
696 274 972 312 controverfias
995 274 1147 312 tollere.
1193 275 1301 326 Ergo
1329 273 1406 312 hoc
1428 274 1558 312 statuae
1585 286 1731 311 monu-

338 349 474 377 mento
504 352 583 377 non
613 348 728 391 eget:
761 339 879 377 habet
904 340 977 377 alia
999 341 1158 392 majora.
1203 341 1303 378 Haec
1324 341 1431 378 enim
1452 340 1573 378 statua
1594 340 1732 378 mortis

337 404 507 443 honestae
529 405 632 442 testis
654 405 752 450 erit3
786 406 868 450 illa,
892 406 1083 443 memoria
1103 407 1191 444 vitae
1212 406 1412 458 gloriosae:
1446 415 1490 444 ut
1510 405 1586 444 hoc
1609 406 1732 458 magis

336 480 645 508 monumentum
666 471 766 523 grati
788 471 954 516 senatus,
988 485 1107 524 quarn
1128 472 1223 509 clari
1243 472 1332 517 viri,
1365 471 1547 510 futurum
1569 471 1628 510 fit.

393 536 579 574 Multum
605 537 725 574 etiam
751 537 907 575 valuisse
935 537 981 575 ad
1008 538 1128 589 patris
1158 536 1351 575 honorem
1373 538 1495 590 pietas
1517 537 1590 575 filii
1621 537 1730 575 vide-

338 603 447 640 bitur
465 618 474 641 :
509 603 579 655 qui
600 616 825 656 quanquam
846 602 1012 641 afflictus
1040 604 1149 641 luctu
1170 617 1249 641 non
1271 603 1387 649 adest,
1422 614 1551 641 tamen
1574 604 1624 641 fic
1646 604 1731 641 ani-

337 669 434 706 mati
456 668 527 706 effe
548 668 713 714 debetis,
746 678 789 706 ut
810 669 836 707 fi
858 669 926 707 ille
945 669 1099 707 adesset.
1144 668 1212 707 Est
1241 678 1373 707 autem
1402 670 1456 706 ita
1482 669 1656 714 affectus,
1689 676 1734 708 ut

337 748 456 772 nemo
490 748 665 788 unquam
697 735 806 773 unici
838 735 912 773 filii
945 744 1116 773 mortem
1147 736 1271 787 magis
1301 734 1485 779 doluerit,
1518 749 1637 787 quam
1666 736 1733 774 ille

338 810 480 839 moeret
499 802 634 853 patris.
666 801 867 854 Equidem
888 801 1007 839 etiam
1027 800 1073 839 ad
1094 800 1239 838 famam
1262 801 1367 839 Serv.
1388 801 1554 854 Sulpicii
1575 801 1649 839 filii
1670 815 1732 839 ar-

338 866 465 905 bitror
484 868 693 920 perfinere,
726 876 770 905 ut
797 867 973 905 videatur
993 866 1186 905 honorem
1208 867 1388 905 debitum
1410 868 1510 920 patri
1532 867 1730 920 praestitis-

338 933 388 971 se.
431 934 672 986 Qanquam
701 933 860 972 nullum
890 942 1200 972 monumentum
1230 934 1372 971 clarius
1404 934 1508 971 Serv.
1534 934 1731 986 Sulpicius

335 998 559 1051 relinquere
592 999 747 1051 potuit,
780 1013 900 1051 quam
935 999 1107 1051 effigiem
1142 1013 1301 1038 morum
1337 999 1517 1044 suorum,
1551 1000 1729 1045 virtutis,

335 1063 577 1109 constantiae‚
599 1064 771 1116 pietatis,
799 1065 964 1115 ingenii,
996 1064 1127 1102 filium
1146 1079 1154 1102 :
1187 1066 1300 1116 cujus
1322 1065 1450 1103 luctus
1472 1073 1537 1102 aut
1558 1065 1635 1103 hoc
1655 1065 1732 1104 ho-

335 1143 431 1167 nore
451 1129 589 1174 vestro,
621 1138 687 1167 aut
708 1129 820 1167 nullo
841 1129 992 1174 solatio,
1023 1129 1143 1167 levari
1163 1129 1302 1182 potest.

394 1197 468 1234 VI.
503 1195 612 1234 Mihi
633 1205 764 1234 autem
785 1196 1005 1235 recordanti
1031 1197 1136 1235 Serv.
1161 1196 1328 1250 Sulpicii
1356 1197 1505 1235 multos
1536 1198 1577 1236 in
1608 1197 1735 1235 nostra

334 1261 605 1299 familiaritate
626 1261 834 1306 sermones,
866 1262 1013 1313 gratior
1033 1262 1094 1299 illi
1114 1261 1283 1308 videtur,
1307 1262 1333 1300 fi
1355 1263 1444 1315 quis
1465 1263 1518 1300 est
1539 1263 1668 1301 sensus
1691 1264 1730 1301 in

337 1337 480 1372 morte,
505 1341 606 1366 aenea
626 1327 749 1365 statua
768 1327 915 1372 futura,
934 1336 972 1365 et
988 1341 1031 1365 ea
1047 1327 1246 1380 pedestris,
1264 1342 1384 1381 quam
1405 1329 1579 1367 inaurata
1594 1329 1733 1382 eques-

336 1395 433 1440 tris;
457 1394 583 1447 qualis
605 1393 658 1431 est
679 1395 728 1432 L.
746 1394 860 1445 Syllae
880 1395 1007 1446 prima
1029 1393 1162 1432 statua.
1196 1394 1372 1432 Mirifice
1389 1396 1495 1433 enim
1518 1397 1627 1434 Serv.
1641 1396 1731 1433 Sul-

336 1461 466 1514 picius
487 1461 684 1513 majorum
704 1461 992 1498 continentiam
1013 1459 1230 1512 diligebam
1264 1459 1383 1513 hujus
1411 1461 1531 1500 seculi
1557 1462 1732 1499 insolen-

338 1527 436 1565 tiam
456 1526 716 1579 vituperabat.
750 1527 807 1564 Ut
829 1526 965 1578 igitur,
993 1527 1018 1565 fi
1040 1526 1169 1579 ipsum
1191 1526 1407 1571 consulam,
1431 1527 1527 1579 quid
1549 1528 1658 1572 velit,
1682 1527 1732 1565 fic

337 1592 553 1645 pedestrem
575 1606 623 1631 ex
644 1607 714 1630 aere
735 1591 914 1639 statuam,
947 1603 1135 1646 tanquam
1164 1607 1211 1631 ex
1241 1594 1323 1645 ejus
1353 1594 1581 1631 auctoritate
1601 1602 1639 1631 et
1660 1606 1732 1630 vo-

338 1657 504 1702 luntate,
538 1658 730 1696 decerno:
765 1672 849 1711 qua:
882 1658 1045 1711 quidem
1073 1672 1264 1711 magnum
1291 1659 1441 1696 civium
1470 1658 1662 1703 dolorem,
1695 1667 1733 1696 et

339 1723 586 1769 defiderium‚
619 1723 768 1762 honore
789 1725 1040 1762 monumenti
1061 1725 1230 1769 minuet,
1262 1733 1300 1762 et
1321 1724 1454 1762 leniet.

397 1791 531 1843 Atque
564 1790 665 1828 hanc
697 1804 825 1828 meam
858 1790 1105 1836 sententiam,
1139 1792 1270 1829 Patres
1304 1790 1532 1842 conscripti,
1566 1790 1610 1828 P.
1645 1791 1732 1828 Ser-

339 1855 425 1894 vilii
447 1856 636 1894 sententia
657 1856 906 1909 comprobari
934 1857 1080 1895 neceffe
1101 1856 1182 1901 est3
1215 1856 1284 1909 qui
1317 1856 1541 1908 sepulcrum
1573 1856 1735 1908 publice

330 1922 632 1961 'decernendum
674 1923 778 1961 Serv.
818 1923 995 1976 Sulpicio
1034 1923 1210 1968 censuit,
1247 1923 1411 1961 statuam
1451 1936 1530 1960 non
1566 1922 1732 1960 censuit.

342 1988 463 2034 Nam,
496 1989 522 2026 fi
551 2002 656 2026 mors
685 1989 804 2041 legati
832 1990 910 2026 sine
939 1988 1042 2027 caede
1071 1999 1188 2042 atque
1215 1988 1319 2027 ferro
1351 1988 1509 2026 nullum
1541 1987 1734 2026 honorem

334 2052 552 2098 -defiderat;
587 2067 656 2091 cur
677 2053 851 2091 decernit
872 2053 1064 2091 honorem
1086 2053 1308 2106 sepulturae,
1341 2054 1410 2106 qui
1437 2055 1634 2092 maximus
1662 2053 1734 2091 ha-

343 2118 424 2155 beri
446 2119 569 2171 potest
591 2121 780 2157 mortuo?
815 2120 881 2156 Sin
914 2119 953 2156 id
987 2119 1127 2157 tribuit
1161 2121 1265 2158 Serv.
1291 2120 1482 2172 Sulpicio,
1515 2119 1622 2172 quod
1655 2133 1735 2157 non

341 2183 394 2221 est
415 2184 550 2222 datum
573 2186 650 2222 Cn.
676 2186 868 2230 Oc'tavi03
902 2199 986 2231 cur,
1019 2186 1126 2238 quod
1158 2186 1219 2224 illi
1252 2186 1387 2224 datum
1415 2186 1482 2231 est,
1514 2186 1609 2224 huic
1637 2185 1734 2223 dan-

329 2249 439 2287 ·dum
461 2249 531 2287 effe
554 2264 632 2287 non
653 2251 809 2289 censet?
832 2252 1006 2304 Majores
1024 2253 1187 2304 quidem
1209 2252 1327 2290 nostri
1349 2253 1487 2291 statuas
1510 2253 1648 2290 multis
1666 2252 1735 2289 de·-

342 2325 576 2360 creverunt3
610 2316 784 2368 sepulcra
816 2318 965 2370 paucis.
1009 2318 1080 2356 Sed
1109 2319 1239 2357 statuae
1267 2319 1466 2356 intereunt
1495 2317 1734 2370 tempestate,

344 2383 397 2427 vi,
429 2382 641 2420 vetustate:
676 2383 944 2437 sepulcrorum
977 2395 1108 2424 autem
1142 2385 1318 2424 sanctitas
1350 2386 1392 2422 in
1425 2385 1508 2437 ipso
1538 2384 1619 2422 solo
1653 2382 1733 2427 est3

431 2450 562 2487 Tor-1.
597 2449 668 2487 VI.
1302 2451 1335 2489 E
1367 2463 1387 2488 e
1416 2463 1437 2488 e
