2076 2860
377 230 449 267 142
852 208 1292 249 ORAT1o

368 317 457 368 jure
477 314 553 353 hoc
569 312 768 366 judicium
789 308 1049 347 constitutum
1069 306 1128 351 fit,
1152 306 1198 343 de
1219 318 1264 343 eo
1284 317 1489 357 nunquam
1509 304 1674 343 omnino
1693 303 1766 342 effe

374 382 613 419 dubitatum.
647 380 758 429 Qos
793 376 915 427 igitur
947 373 1265 427 prudentiffirnos
1293 372 1523 424 interpretes
1553 370 1765 417 foederum,

374 461 471 500 quos
493 444 740 498 peritissimos
763 441 900 479 bellici
921 441 1021 492 juris
1037 469 1048 485 ,
1080 452 1179 492 quos
1208 437 1524 490 diligentiffimos
1554 438 1596 476 in
1622 438 1766 490 exqui-

374 513 502 552 rendis
535 509 830 549 conditionibus
859 507 1066 545 civitatum
1093 515 1209 557 atque
1235 504 1371 549 caufiS,
1402 503 1475 542 effe
1499 504 1766 543 arbitramur?

373 592 437 617 eos
459 576 648 630 profecto,
680 575 749 627 qui
765 575 848 626 jam
869 573 1034 625 imperia
1053 585 1096 609 ac
1118 571 1220 608 bella
1239 570 1447 622 gesserunt.

429 645 521 682 XX.
555 642 732 686 Etenim,
755 641 781 679 fi
803 637 1057 691 QScaevola,
1075 636 1142 674 ille
1159 649 1295 687 augur,
1318 649 1410 673 cum
1431 635 1478 673 de
1493 636 1582 688 jure
1602 634 1766 688 praedia-

375 711 476 748 torio
507 708 794 751 consuleretur,
827 705 949 743 homo
976 703 1076 756 juris
1109 702 1375 756 peritifflmuS,
1407 701 1646 739 consultores
1679 700 1766 739 suos

375 788 661 827 nonnunquam
676 773 722 811 ad
740 772 908 811 Furium
924 779 962 808 et
980 768 1232 813 Cascellium,
1256 767 1515 820 praediatores,
1539 767 1739 819 rejiciebat
1752 786 1764 812 ς

376 843 401 880 s1
425 855 493 880 nos
516 841 561 878 de
582 853 680 891 aqua
704 838 829 877 nostra
856 835 1081 875 Tusculana
1112 835 1176 872 M.
1200 834 1431 885 Tugionem
1457 833 1589 885 potius
1605 862 1616 878 ,
1648 846 1769 886 quam

378 909 426 946 C.
452 907 686 959 Aquilium,
719 902 1042 945 consulebamus,
1072 899 1181 953 quod
1200 899 1365 936 affiduus
1387 898 1498 944 usus,
1531 899 1600 936 uni
1621 899 1678 937 rei
1698 898 1768 936 de-

377 973 481 1010 ditus
499 1002 508 1017 ,
540 981 579 1010 et
606 971 812 1022 ingenium
833 978 871 1006 et
892 978 1015 1006 artem
1036 966 1132 1019 saepe
1151 966 1277 1003 vincit
1295 980 1303 1003 ε
1337 965 1425 1017 quis
1446 964 1602 1002 dubitet
1623 964 1669 1002 de
1689 963 1768 1004 foe-

377 1039 534 1077 deribus
550 1067 560 1083 ‚
589 1046 628 1074 et
648 1036 694 1074 de
716 1045 800 1073 toto
815 1036 904 1087 jure
924 1033 1029 1087 pacis
1051 1042 1089 1071 et
1111 1032 1229 1076 belli,
1261 1031 1447 1070 omnibus
1463 1031 1564 1082 juris
1584 1031 1768 1084 peritiffi-

377 1106 451 1144 mis
473 1107 724 1157 imperatores
746 1101 893 1140 nostros
914 1099 1104 1138 anteferre
1123 1100 1134 1136 ?

434 1169 687 1209 Poss‘umusne
708 1169 830 1220 igitur
850 1166 924 1204 tibi
945 1166 1107 1218 probare
1128 1166 1324 1203 auetorem
1345 1164 1517 1216 exempli
1542 1173 1658 1216 atque
1678 1162 1771 1201 facti

378 1238 501 1281 illius,
534 1235 640 1289 quod
661 1248 681 1272 a
702 1244 738 1271 te
760 1232 1072 1286 reprehenditur,
1106 1232 1154 1269 C.
1178 1231 1357 1268 Marium
1376 1231 1388 1267 ?
1421 1230 1575 1281 Qaeris
1596 1229 1770 1281 aliquem

378 1304 621 1356 graviorem,
653 1300 980 1343 constantiorem,
1012 1297 1317 1350 praestantiorem
1337 1296 1506 1340 virtute,
1537 1295 1768 1348 prudentia,

380 1369 568 1421 religione
584 1398 594 1413 ,
626 1368 805 1419 aequitate
825 1367 836 1402 ?
871 1366 907 1403 Is
935 1364 1058 1417 igitur
1080 1363 1143 1401 M.
1166 1363 1348 1400 Annium
1370 1362 1548 1414 Appium
1564 1390 1575 1406 ,
1606 1360 1769 1400 fortiffi-

379 1449 491 1473 mum
512 1435 655 1478 virum,
688 1432 840 1470 summa
865 1431 1010 1469 virtute
1037 1429 1262 1482 praeditum,
1293 1427 1450 1466 civitate
1471 1427 1645 1473 donavit,
1676 1441 1771 1466 cum

379 1500 655 1539 Camertinum
677 1497 804 1536 foedus
826 1495 1103 1535 sanctiffimum
1123 1504 1240 1547 atque
1260 1493 1522 1546 aequiffimum
1546 1492 1660 1531 sciret
1680 1492 1767 1532 effe.

379 1566 509 1604 Potest
540 1566 676 1618 igitur,
709 1563 884 1614 Judices,
915 1563 965 1601 L.
990 1561 1199 1600 Cornelius
1232 1559 1500 1604 condemnari,
1532 1567 1576 1598 ut
1608 1572 1688 1597 non
1716 1559 1767 1598 C.

377 1632 498 1670 Marii
518 1629 667 1668 faetum
687 1628 973 1667 condemnetur
991 1629 1004 1664 ?
1770 1618 1774 1621 ’

434 1696 586 1736 Existat
611 1709 705 1748 ergo
731 1695 799 1733 ille
824 1695 884 1732 vir
910 1706 1121 1746 parumper
1144 1691 1384 1744 cogitatione
1403 1690 1548 1736 vestra,
1579 1689 1771 1744 quoniam

379 1776 418 1800 re
439 1775 517 1800 non
540 1761 663 1814 potest
680 1780 691 1805 ς
715 1769 759 1798 ut
779 1759 1028 1812 conspiciatis
1049 1771 1141 1795 eum
1161 1757 1378 1802 mentibus,
1400 1769 1521 1809 quem
1541 1756 1667 1795 oculis
1689 1768 1771 1794 non

379 1827 553 1881 potestis.
587 1828 720 1870 Dicat,
752 1825 788 1863 se
809 1837 888 1862 non
909 1824 1142 1876 imperitum
1168 1821 1341 1866 foederis,
1374 1835 1453 1860 non
1476 1822 1613 1860 rudem
1632 1835 1770 1860 exem-

381 1894 538 1946 plorum
554 1922 564 1937 ‚
597 1905 676 1930 non
698 1892 877 1943 ignarum
898 1889 994 1927 belli
1015 1887 1152 1926 fuisse:
1185 1887 1221 1925 se
1243 1888 1287 1925 P.
1311 1885 1491 1924 Africani
1512 1886 1768 1939 discipulum,

380 1973 423 1997 ac
444 1959 635 1997 militem:
660 1957 695 1995 se
717 1956 932 2009 stipendiis,
955 1955 990 1993 se
1011 1950 1273 2007 legationibus
1296 1952 1449 1991 bellicis
1470 1952 1692 1991 eruditum:
1717 1952 1768 1998 se,

382 2026 406 2063 fi
442 2034 546 2062 tanta
577 2023 679 2061 bella
710 2021 872 2074 legisset,
905 2029 1050 2074 quanta
1080 2019 1204 2072 geffit,
1236 2028 1274 2057 et
1306 2018 1493 2064 confecit,
1526 2019 1551 2057 fi
1584 2027 1645 2057 tot
1671 2032 1771 2057 con-

382 2091 530 2128 sulibus
552 2088 748 2127 meruiffet
764 2117 773 2133 ,
800 2087 954 2140 quoties
976 2086 1055 2139 ipse
1076 2085 1211 2124 consul
1232 2084 1361 2123 fuiffet
1376 2114 1386 2130 ,
1418 2085 1550 2123 omnia
1564 2086 1655 2138 jura
1675 2084 1771 2122 belli

381 2156 595 2210 perdiscere
616 2169 659 2193 ac
681 2155 782 2192 nosse
803 2153 989 2207 potuiffe:
1010 2153 1079 2191 fibi
1101 2166 1179 2191 non
1202 2151 1312 2190 fuiffe
1333 2150 1516 2197 dubium,
1539 2153 1636 2205 quin
1658 2151 1771 2189 nullo

382 2223 527 2262 foedere
559 2236 579 2259 a
611 2221 811 2274 republica
842 2221 940 2258 bene
971 2219 1138 2272 gerenda
1169 2218 1452 2271 impediretur:
1486 2232 1506 2256 a
1533 2218 1568 2256 se
1595 2232 1643 2256 ex
1670 2231 1769 2256 con-

376 2288 615 2342 junctiffima
634 2297 751 2340 atque
771 2286 999 2324 amiciffima
1018 2285 1176 2323 civitate
1196 2284 1448 2322 fortissimum
1476 2297 1674 2337 quemque
1698 2282 1772 2321 effe

381 2355 604 2393 delectum:
639 2367 765 2406 neque
798 2352 1066 2404 Iguvinatium
1099 2365 1225 2404 neque
1253 2352 1499 2389 Camertium
1527 2350 1673 2389 foedere
1699 2348 1772 2387 effe

383 2430 593 2474 exceptum
609 2450 620 2466 ‚
651 2433 732 2472 quo
752 2420 884 2458 minus
905 2432 1042 2456 eorum
1063 2418 1215 2456 civibus
1248 2431 1268 2455 a
1300 2417 1448 2470 populo
1469 2418 1651 2456 Romano
1670 2429 1770 2470 prae-

383 2489 461 2527 mia
480 2487 636 2525 virtutis
659 2486 937 2525 tribuerentur.
