2076 2860
561 162 697 200 PRO
758 161 807 200 L.
870 160 1083 199 CORN.
1146 160 1392 200 BALBO.
1606 175 1678 216 145

275 259 450 312 populiS,
483 258 573 296 sunt
594 257 750 296 liberati
769 272 777 295 ε
804 270 921 294 nemo
943 269 1119 308 unquam
1140 257 1193 296 est
1215 258 1261 296 de
1283 259 1442 297 civitate
1462 259 1679 306 accusatus,

273 325 380 376 quod
400 333 467 363 aut
488 323 659 378 populus
681 321 830 361 fundus
851 321 976 361 faetus
999 336 1079 361 non
1100 322 1206 369 esset,
1234 334 1300 363 aut
1321 325 1428 378 quod
1449 324 1596 365 foedere
1618 326 1678 364 ci-

274 390 406 428 vitatis
422 389 698 442 mutandaejus
716 388 989 442 impediretur.
1009 389 1179 428 Audebo
1195 391 1310 429 etiam
1329 391 1407 430 hoc
1428 392 1678 438 contendere,

271 468 479 508 nunquam
511 455 584 493 efi‘e
616 455 952 500 condemnatum,
985 468 1106 508 quem
1139 456 1332 495 constaret
1363 457 1410 496 ab
1443 458 1679 511 imperatore

272 522 402 561 nostro
423 522 582 561 civitate
603 522 809 561 donatum.

329 589 569 642 Cognoscite
590 604 697 628 nunc
718 589 858 643 populi
882 590 1053 627 Romani
1068 589 1286 642 judicium,
1314 591 1453 630 multis
1474 592 1591 630 rebus
1613 593 1678 630 in-

271 656 520 708 terpofitum,
549 665 667 709 atque
688 656 729 693 in
750 656 935 694 maximis
958 655 1078 693 caufis
1101 669 1141 693 re
1161 655 1242 708 ipsa
1261 665 1379 709 atque
1400 657 1469 695 usu
1491 671 1678 711 compro-

273 723 426 761 batum.
452 724 559 761 Cum
581 723 734 761 Latinis
756 723 944 761 omnibus
966 721 1096 760 foedus
1119 722 1259 767 ictum,
1284 724 1350 776 Sp.
1371 723 1512 769 Caffio,
1537 725 1677 763 Postu-

271 789 355 828 mio
377 789 582 834 Cominio,
613 789 858 833 consulibus,
891 789 980 840 quis
1001 789 1189 840 ignorat?
1221 789 1329 842 quod
1359 789 1523 842 quidem
1553 805 1679 843 nuper

272 855 313 893 in
331 855 518 893 columna
533 868 636 893 aenea
648 854 907 893 meminimus
922 853 1007 906 post
1024 854 1163 892 Rostra
1179 855 1349 894 incisum
1363 865 1402 894 et
1415 856 1679 911 perscriptum

211 937 216 941 ’
271 920 399 959 fuifl‘e.
433 920 648 973 Qomodo
670 921 794 973 igitur
814 921 864 959 L.
882 920 1079 958 Coffinius
1101 921 1268 967 Tiburs,
1291 931 1400 975 pater
1420 921 1540 975 hujus
1561 924 1678 976 equi-

271 988 322 1026 tis
344 987 532 1032 Romani,
565 988 709 1040 optimi
730 997 849 1040 atque
870 987 1101 1026 ornatiffimi
1121 988 1210 1033 viri,
1234 988 1420 1026 damnato
1441 991 1495 1027 T.
1521 990 1674 1036 Caelio;

271 1054 474 1107 quomodo
499 1067 547 1092 ex
568 1054 704 1092 eadem
733 1054 892 1092 civitate
923 1055 977 1092 T.
1003 1054 1236 1107 Coponius,
1269 1055 1366 1093 civis
1398 1056 1495 1094 item
1527 1055 1678 1094 summa

271 1121 417 1160 virtute
436 1130 475 1160 et
495 1121 688 1174 dignitate
703 1151 713 1167 ,
749 1122 929 1174 (nepotes
952 1121 1005 1158 T.
1029 1130 1069 1158 et
1091 1121 1139 1159 C.
1165 1121 1368 1174 Coponios
1392 1122 1529 1173 nostis)
1563 1122 1677 1161 dam—

270 1197 362 1226 nato
385 1189 434 1227 C.
459 1187 637 1226 Maffone
653 1218 663 1233 ‚
695 1188 793 1226 civis
816 1189 1021 1225 Romanus
1042 1186 1096 1224 est
1116 1186 1242 1225 factus
1262 1189 1275 1225 ?
1308 1189 1373 1226 An
1395 1188 1533 1241 lingua
1553 1198 1591 1227 et
1612 1190 1676 1228 in-

269 1255 388 1307 genio
409 1254 584 1307 patefieri
605 1254 733 1293 aditus
754 1253 801 1292 ad
823 1255 1025 1292 civitatem
1046 1253 1180 1306 potuit
1192 1272 1203 1299 ;
1227 1268 1348 1293 manu
1369 1264 1408 1293 et
1429 1256 1575 1294 virtute
1597 1270 1676 1295 non

270 1320 433 1372 potuit?
464 1333 565 1358 anne
585 1319 632 1358 de
653 1320 769 1359 nobis
791 1319 942 1358 trahere
963 1319 1085 1373 spolia
1105 1318 1305 1359 foederatis
1327 1321 1491 1366 licebit3
1516 1322 1563 1360 de
1583 1321 1677 1360 hos-

270 1387 379 1426 tibus
402 1400 481 1425 non
502 1387 641 1426 licebit
660 1388 674 1425 ?
705 1401 753 1425 an
768 1416 780 1433 ‚
813 1387 920 1440 quod
941 1385 1105 1440 adipisci
1126 1396 1315 1440 poterunt
1336 1387 1528 1434 dicendo,
1560 1388 1601 1426 id
1622 1389 1677 1427 eis

269 1453 415 1507 affequi
435 1454 650 1507 pugnando
671 1467 752 1493 non
772 1453 939 1492 licebit?
961 1466 1010 1492 an
1026 1453 1241 1492 accusatori
1261 1455 1427 1507 majores
1449 1454 1570 1493 nostri
1589 1468 1677 1494 ma-

265 1521 353 1573 jora
372 1521 546 1574 praemia,
578 1534 699 1573 quam
720 1520 918 1566 bellatori,
950 1520 1023 1558 effe
1043 1520 1256 1559 voluerunt
1274 1521 1288 1558 ?

328 1588 485 1626 XXIV.
519 1588 641 1641 Qod
671 1588 697 1625 fi
727 1587 969 1625 acerbiffima
989 1586 1075 1639 lege
1097 1587 1259 1625 Servilia
1279 1587 1480 1641 principes
1501 1588 1601 1634 viri,
1633 1601 1677 1626 ac

272 1652 484 1706 graviffimi
504 1662 543 1690 et
564 1652 833 1705 sapientiflimi
854 1653 974 1698 cives,
997 1651 1100 1690 hanc
1122 1653 1292 1698 Latinis,
1325 1652 1366 1691 id
1386 1653 1439 1691 est
1460 1652 1676 1700 fcederatis,

272 1720 376 1758 viam
392 1719 440 1757 ad
455 1719 658 1758 civitatem
674 1719 932 1772 populijuffu
950 1728 1080 1772 patere
1095 1719 1187 1772 paffi
1205 1719 1317 1766 sunt;
1342 1734 1471 1773 neque
1487 1721 1528 1760 in
1544 1719 1606 1760 his
1624 1721 1679 1759 est

271 1785 349 1824 hoc
370 1783 650 1839 reprehensum
671 1785 830 1823 Licinia
849 1794 888 1823 et
909 1785 1051 1823 Mucia
1070 1785 1172 1838 lege,
1201 1800 1296 1824 cum
1316 1787 1530 1839 praesertim
1552 1800 1677 1840 genus

272 1851 404 1905 ipsum
423 1851 682 1890 accusationis
704 1860 743 1889 et
764 1864 934 1897 nomen,
957 1850 1152 1904 ejusmodi
1173 1852 1404 1905 praemium,
1431 1852 1540 1907 quod
1560 1867 1679 1892 nemo

269 1917 415 1970 affequi
435 1917 551 1970 poffit
572 1917 642 1956 nisi
663 1930 711 1955 ex
732 1917 917 1956 senatoris
940 1917 1176 1963 calamitate,
1200 1932 1328 1972 neque
1349 1919 1530 1965 senatori,
1549 1933 1678 1973 neque

271 1984 378 2023 bono
399 1984 603 2037 cuiquam,
630 1984 750 2022 nimis
766 1983 996 2036 jucundum
1016 1983 1089 2022 effe
1109 1985 1232 2037 poffet
1251 2000 1259 2023 :
1294 1985 1560 2024 dubitandum
1581 1985 1675 2031 fuit,

271 2051 386 2104 quin,
417 2064 499 2104 quo
530 2050 572 2089 in
606 2063 747 2103 genere
774 2050 961 2102 judicum
993 2051 1154 2103 praemia
1185 2060 1265 2090 rata
1296 2052 1430 2098 essent,
1463 2053 1504 2090 in
1537 2052 1677 2091 eodem

266 2117 419 2169 judicia
437 2117 724 2169 imperatorum
745 2116 950 2154 valerent?
984 2117 1098 2155 Num
1118 2116 1265 2156 fundos
1294 2118 1418 2171 igitur
1446 2118 1569 2158 factos
1599 2133 1674 2172 po-

272 2182 388 2235 pulos
409 2183 574 2221 Latinos
595 2182 832 2220 arbitramur
860 2191 928 2220 aut
958 2183 1120 2222 Servilia
1140 2183 1226 2236 lege
1242 2214 1252 2230 ,
1285 2195 1352 2223 aut
1373 2185 1521 2224 caeteris
1538 2215 1547 2230 ‚
1581 2185 1674 2238 qui-

272 2248 346 2286 bus
377 2248 532 2286 Latinis
561 2246 793 2286 hominibus
815 2258 895 2286 erat
917 2250 1162 2301 propositum
1183 2250 1316 2303 aliqua
1336 2264 1383 2289 ex
1405 2264 1444 2289 re
1465 2251 1674 2304 praemium

272 2314 444 2352 civitatis
463 2314 476 2351 ?

330 2379 570 2432 Cognoscite
592 2394 696 2419 nunc
713 2381 913 2434 judicium
936 2382 1102 2427 senatus,
1135 2383 1242 2435 quod
1274 2383 1423 2436 semper
1453 2381 1676 2435 estjudicio

357 2448 501 2486 Tom.
534 2446 608 2486 VI.
1331 2451 1370 2487 T
