2076 2860
443 157 521 196 470
799 141 873 178 IN
934 140 998 177 M.
1060 139 1484 178 ANTONIUM

445 246 643 300 parricidii
679 244 817 282 luent:
852 256 918 280 vos
954 256 1067 287 ver0‚
1100 243 1169 293 qui
1204 251 1429 280 extremum
1459 242 1644 296 spiritum
1677 244 1720 283 in
1754 245 1840 284 vic-

445 314 545 351 toria
564 310 768 354 effudistis,
801 310 958 361 piorum
989 308 1076 346 estis
1108 308 1237 345 sedem
1268 319 1307 346 et
1337 309 1472 347 locum
1494 309 1710 349 consecuti.
1744 311 1840 349 Bre-

445 380 501 417 vis
524 393 543 416 a
565 389 698 416 natura
720 376 833 413 nobis
856 377 936 413 vita
956 375 1042 412 data
1063 375 1143 420 est;
1176 384 1214 412 at
1235 376 1425 413 memoria
1452 376 1549 414 bene
1570 377 1730 415 redditae
1751 378 1841 416 vitae

445 445 691 496 sempiterna.
737 444 837 494 Qae
870 442 896 479 fi
927 455 1007 479 non
1037 441 1128 479 effet
1158 441 1330 493 longior,
1362 455 1482 493 quam
1507 441 1590 480 haec
1612 444 1719 488 vita;
1752 443 1842 495 quis

443 511 532 549 effet
567 520 645 547 tam
677 523 825 554 amens,
857 509 927 559 qui
954 508 1139 546 maximis
1170 507 1371 545 laboribus
1393 517 1432 545 et
1453 509 1640 560 periculis
1661 509 1708 547 ad
1729 510 1839 548 sum-

443 590 548 615 mam
570 575 727 613 laudem
747 575 995 627 gloriamque
1015 573 1270 612 contenderet
1289 575 1301 611 ?

498 645 647 681 Aitum
679 643 803 694 igitur
836 641 1018 694 praeclare
1051 640 1278 685 vobiscum,
1311 639 1509 679 fortifiimi
1544 641 1642 679 dum
1676 641 1842 688 vixistis,

443 724 549 748 nunc
572 723 662 747 vero
682 710 801 747 etiam
823 708 1046 746 sanffiffimi
1067 707 1232 752 milites,
1260 707 1367 760 quod
1388 707 1508 745 vestra
1529 709 1655 745 virtus
1674 721 1745 746 nec
1766 709 1841 746 ob-

443 778 591 815 livione
612 791 764 821 eorum,
787 777 856 828 qui
878 789 984 813 nunc
1006 775 1110 820 sunt,
1137 788 1209 813 nec
1231 775 1436 813 reticentia
1455 774 1714 828 posterorum,
1737 775 1841 814 inse-

443 845 556 898 pulta
576 844 647 882 effe
673 843 846 896 poterit,
879 856 972 880 curn
1005 842 1117 880 vobis
1150 841 1375 879 immortale
1407 851 1733 887 monumentum,
1765 841 1845 880 suis·

442 926 543 965 pene
563 910 761 955 manibus,
786 910 937 948 senatus
959 909 1207 962 populusque
1229 909 1433 947 Romanus
1455 910 1687 947 extruxerit.
1712 909 1841 947 Multi

444 978 541 1030 saepe
561 978 756 1016 exercitus
779 977 956 1021 Punicis,
990 976 1174 1021 Gallicis,
1208 976 1356 1014 Italicis
1380 975 1510 1021 bellis,
1533 976 1628 1013 clari
1648 984 1687 1013 et
1707 976 1842 1028 magni

443 1044 633 1089 fuerunt;
658 1058 729 1082 nec
751 1054 882 1082 tamen
904 1043 996 1081 ullis
1018 1043 1094 1081 tale
1113 1056 1237 1095 genus
1259 1042 1421 1080 honoris
1443 1042 1641 1080 tributum
1661 1041 1729 1080 est.
1761 1044 1841 1080 At-

442 1126 520 1165 que
541 1113 694 1150 utinam
716 1113 861 1164 majora
880 1111 1091 1164 pofl‘emus,
1122 1108 1445 1162 quandoquidem
1476 1123 1497 1146 a
1528 1109 1639 1147 vobis
1667 1110 1842 1147 maxima

443 1178 696 1232 accepimus!
730 1178 812 1215 Vos
845 1177 892 1215 ab
925 1177 1021 1215 urbe
1049 1175 1248 1214 furentem
1277 1176 1502 1213 Antonium
1523 1175 1739 1214 avertistis:
1772 1189 1844 1215 vos

445 1245 569 1283 redire
589 1245 821 1283 molientem
844 1242 1054 1296 repulistis.
1099 1243 1189 1280 Erit
1221 1242 1345 1294 igitur
1371 1243 1549 1278 extructa
1578 1241 1704 1279 moles
1725 1254 1843 1294 opere

444 1313 672 1365 magnifico,
704 1311 913 1363 incisaeqrue
933 1310 1070 1354 literae,
1094 1309 1235 1346 divinae
1257 1308 1414 1345 virtutis
1438 1308 1548 1346 testes
1570 1307 1840 1360 sempiternae:

443 1393 648 1430 nunquam
671 1377 717 1415 de
737 1378 848 1415 vobis
882 1390 1035 1421 eorum,
1067 1376 1137 1427 qui
1169 1384 1235 1412 aut
1266 1374 1460 1412 videbunt
1491 1374 1663 1413 vestrum
1695 1388 1843 1413 monu-

442 1455 640 1490 mentum,
673 1453 739 1482 aut
760 1443 935 1488 audient,
966 1441 1203 1495 gratiffimus
1232 1441 1358 1479 sermo
1385 1439 1638 1479 conticescet.
1683 1441 1744 1479 Ita
1768 1454 1842 1494 pro

442 1511 601 1549 mortali
622 1510 851 1548 conditione
873 1509 960 1547 vitae
981 1507 1324 1546 immortalitatem
1345 1507 1432 1545 estis
1454 1506 1671 1545 consecuti.

497 1578 616 1618 XIII.
642 1576 715 1614 Sed
736 1576 940 1628 quoniam,
960 1576 1091 1613 Patres
1109 1574 1339 1627 conscripti,
1356 1573 1490 1626 gloriae
1507 1587 1657 1612 munus
1674 1572 1839 1626 optimis

440 1654 481 1683 ct
507 1643 725 1682 fortifiimis
747 1643 901 1681 civibus
923 1642 1177 1681 monumenti
1203 1640 1353 1679 honore
1380 1640 1630 1694 persolvitur,
1661 1639 1842 1678 console-

440 1725 531 1749 mur
552 1724 688 1749 eorum
711 1710 930 1762 proximos,
959 1709 1105 1762 quibus
1127 1708 1280 1761 optima
1299 1707 1353 1745 est
1373 1706 1456 1746 haec
1478 1706 1641 1760 quidem
1662 1706 1843 1745 consola-

441 1778 526 1816 tio:
559 1776 803 1829 parentibus,
835 1775 944 1827 quod
978 1784 1084 1812 tanta
1118 1774 1346 1827 reipublicae
1380 1773 1553 1827 praefidia
1586 1782 1837 1826 genuerunt:

440 1843 592 1888 liberis,
610 1842 718 1894 quod
738 1840 942 1878 habebunt
959 1840 1170 1878 domestica
1185 1840 1367 1892 exempla
1381 1840 1560 1877 virtutis:
1584 1839 1841 1891 conjugibus,

442 1909 550 1962 quod
572 1909 618 1946 iis
641 1907 732 1946 viris
755 1906 958 1952 carebunt,
991 1920 1089 1959 quos
1112 1906 1282 1951 laudare,
1306 1919 1426 1958 quam
1447 1905 1597 1957 lugere,
1619 1904 1838 1957 praestabit:

441 1975 644 2019 fratribus,
668 1973 775 2026 quod
796 1973 836 2011 in
854 1973 905 2018 se,
929 1982 973 2011 ut
994 1986 1221 2025 corporum,
1249 1972 1298 2010 fic
1320 1973 1516 2009 virtutum
1538 1971 1845 2009 similitudinem,

440 2042 513 2081 effe
534 2040 749 2080 confident.
782 2039 927 2094 'Atque
958 2040 1111 2078 utinam
1144 2038 1206 2077 his
1239 2038 1426 2077 omnibus
1458 2038 1674 2090 abstergere
1704 2038 1843 2076 fletum

442 2107 644 2146 sententiis
678 2105 816 2144 nostris
849 2105 1116 2158 consultisque
1148 2105 1372 2158 possemus,
1405 2104 1466 2142 vel
1497 2103 1629 2156 aliqua
1659 2103 1747 2141 talis
1777 2102 1841 2141 his

440 2173 620 2212 adhiberi
641 2173 801 2226 publice
823 2172 943 2225 pofl'et
965 2173 1103 2218 oratio,
1131 2186 1208 2224 qua
1229 2172 1469 2225 deponerent
1490 2184 1701 2209 moerorem
1722 2179 1841 2223 atque

442 2240 610 2284 luctum,
643 2238 936 2291 gauderentque
964 2238 1112 2290 potius,
1145 2251 1238 2276 cum
1270 2238 1397 2276 multa
1428 2246 1467 2275 et
1498 2237 1602 2275 varia
1633 2236 1840 2289 impende-

442 2314 529 2344 rent
550 2304 782 2344 hominibus
804 2318 944 2357 genera
967 2305 1121 2349 mortis,
1154 2304 1194 2341 id
1226 2317 1364 2356 gemm,
1397 2303 1503 2355 quod
1532 2302 1622 2341 effet
1649 2301 1840 2355 pulcher-

442 2374 605 2418 timum,
638 2372 714 2410 suis
749 2371 945 2424 obtigiffe,
979 2371 1119 2423 eosque
1152 2385 1222 2409 nec
1252 2370 1480 2408 inhumatos
1501 2370 1587 2415 effe,
1621 2382 1692 2407 nec
1713 2369 1844 2406 deser-

442 2447 501 2478 tos
535 2438 662 2492 (quod
694 2446 825 2477 tamen
856 2437 986 2492 ipsum
1016 2451 1087 2491 pro
1118 2437 1242 2490 patria
1271 2451 1350 2476 non
1372 2435 1638 2475 miserandum
1659 2432 1836 2487 putatur)
