2076 2860
468 214 542 251 203
945 208 1390 245 ORATIO

464 327 485 351 a
499 324 607 364 tergo
621 311 770 349 hostem
785 309 1042 347 interclusum
1059 308 1287 361 reliquiffet,
1305 307 1407 346 nihil
1425 307 1471 345 de
1487 309 1569 360 ejus
1587 310 1772 348 extremis
1787 323 1856 348 co-

465 380 629 417 mitibus
652 376 839 427 cogitavit
858 391 866 413 2
900 376 939 412 in
963 388 1060 427 quos
1084 375 1260 412 incensos
1282 375 1357 420 ira,
1389 375 1591 426 vitamque
1611 374 1764 413 domini
1786 376 1854 414 de—

464 445 677 496 sperantes,
710 455 802 478 cum
824 441 1038 485 incidisset,
1069 440 1178 479 haesit
1198 441 1238 478 in
1260 440 1306 478 iis
1328 442 1477 493 poenis,
1509 454 1604 493 quas
1625 440 1672 478 ab
1693 455 1738 479 eo
1760 441 1856 480 servi

464 510 594 546 fideles
617 522 686 559 pro
708 507 860 544 domini
881 507 960 544 vita
979 507 1266 559 expetiverunt.
1301 508 1384 544 Cur
1413 507 1536 558 igitur
1560 520 1624 544 eos
1653 508 1855 545 manumi-

462 575 507 612 sit
527 576 538 611 ?
562 573 761 611 metuebat
783 572 946 617 scilicet,
979 586 1026 609 ne
1047 572 1293 617 indicarent3
1318 586 1366 610 ne
1386 572 1563 610 dolorem
1585 571 1755 624 perferre
1775 587 1855 611 non

461 641 636 693 poffent;
670 654 717 677 ne
739 640 946 676 tormentis
967 647 1200 690 cogerentur
1220 638 1395 676 occisum
1415 638 1487 676 effe
1507 652 1528 675 a
1547 638 1662 676 servis
1685 639 1855 678 Milonis

460 708 501 744 in
524 707 655 759 Appia
674 706 734 743 via
756 706 799 743 Ρ.
818 705 1008 743 Clodium
1029 704 1223 742 confiteri.
1242 703 1352 755 Qid
1368 717 1465 756 opus
1483 704 1536 741 est
1553 694 1722 742 tortore?
1742 705 1852 756 Qid

460 773 600 823 quaeris
619 773 630 809 ?
655 771 923 809 occideritne?
947 769 1108 808 occidit.
1132 771 1242 820 Jure,
1265 783 1311 806 an
1334 770 1504 820 injuria?
1536 768 1638 806 nihil
1659 769 1706 806 ad
1729 779 1854 808 torto-

461 852 542 876 rem
561 854 569 877 :
602 837 694 876 faeti
715 838 821 875 enim
842 838 882 875 in
904 837 1039 874 eculeo
1060 836 1219 888 quaestio
1239 835 1306 880 est,
1333 836 1434 887 juris
1456 836 1496 872 in
1513 835 1682 887 judicio.

516 906 652 942 XXII.
676 905 797 955 Qod
817 904 938 955 igitur
959 903 999 940 in
1020 902 1130 941 causa
1149 901 1404 954 quaerendum
1424 901 1492 946 est,
1516 901 1555 938 id
1576 915 1735 953 agamus
1757 900 1850 940 hic:

460 971 567 1023 quod
584 971 789 1009 tormentis
807 971 980 1007 invenire
997 969 1069 1014 vis,
1087 968 1127 1006 id
1143 968 1327 1006 fatemur.
1352 969 1480 1005 Manu
1496 981 1586 1005 vero
1603 981 1673 1005 cur
1689 968 1852 1012 miserit,

461 1038 487 1075 si
509 1038 549 1074 id
570 1038 701 1089 potius
723 1037 877 1088 quaeris,
909 1049 1029 1088 quam
1049 1049 1119 1073 cur
1139 1048 1277 1087 parum
1298 1034 1439 1086 amplis
1460 1033 1634 1071 affecerit
1654 1033 1852 1086 praemiis;

461 1103 584 1141 nescis
606 1103 760 1140 inimici
781 1101 930 1140 faffitum
951 1100 1245 1153 reprehendere.
1278 1101 1396 1137 Dixit
1417 1100 1525 1136 enim
1546 1098 1612 1136 hic
1634 1098 1755 1144 idem,
1784 1099 1855 1150 qui

459 1171 594 1206 omnia
614 1169 762 1221 semper
782 1168 1001 1205 constanter
1020 1176 1059 1204 et
1079 1166 1249 1211 fortiter,
1273 1166 1336 1204 M.
1354 1167 1479 1210 Cat03
1503 1165 1684 1216 dixitque
1705 1165 1746 1202 in
1769 1174 1854 1202 tur—

463 1236 624 1273 bulenta
642 1236 846 1279 concione,
865 1248 951 1286 quae
973 1243 1101 1271 tamen
1123 1232 1242 1284 hujus
1264 1233 1492 1270 auffimritate
1513 1232 1664 1283 placata
1684 1231 1750 1276 est,
1775 1244 1853 1268 non

462 1301 641 1339 libertate
663 1301 804 1345 solum,
828 1300 890 1338 sed
911 1300 1029 1337 etiam
1050 1299 1236 1336 omnibus
1258 1298 1443 1350 praemiis,
1462 1297 1706 1349 dignissimos
1726 1296 1854 1341 fuisse,

460 1368 530 1419 qui
553 1367 705 1405 domini
722 1376 840 1418 caput
857 1365 1127 1403 defendissent.
1148 1364 1268 1415 Qod
1283 1364 1390 1401 enim
1407 1363 1615 1416 praemium
1631 1363 1720 1401 satis
1742 1376 1854 1415 mag-

462 1447 559 1471 num
580 1433 633 1471 est
654 1441 733 1470 tam
755 1432 971 1476 benevolis,
1003 1440 1084 1468 tam
1105 1430 1235 1476 bonis,
1267 1439 1348 1467 tarn
1368 1429 1553 1467 fidelibus
1575 1429 1706 1472 servis,
1733 1442 1854 1481 prop-

461 1509 519 1537 ter
539 1513 637 1551 quos
659 1499 780 1536 vivit?
804 1498 886 1536 Etfi
907 1498 947 1535 id
967 1497 1131 1549 quidem
1151 1510 1231 1534 non
1252 1496 1351 1533 tanti
1372 1495 1440 1540 est,
1463 1508 1583 1547 quam
1603 1494 1711 1547 quod
1730 1508 1853 1547 prop-

461 1575 518 1603 ter
537 1566 689 1603 eosdem
712 1578 790 1602 non
813 1564 998 1615 sanguine
1013 1592 1024 1607 ,
1055 1573 1094 1601 et
1116 1562 1343 1602 vulneribus
1365 1561 1467 1605 suis,
1498 1560 1752 1599 crudelissimi
1772 1561 1852 1598 ini-

460 1632 555 1668 mici
577 1641 751 1668 mentem
773 1629 985 1681 oculosque
1006 1628 1170 1666 satiavit.
1207 1629 1320 1679 Qos
1342 1627 1413 1664 nifi
1434 1626 1713 1664 manumisisset
1728 1657 1739 1671 ,
1771 1635 1853 1664 tor-

460 1698 605 1735 mentis
626 1697 744 1734 etiam
765 1695 932 1733 dedendi
959 1694 1117 1732 fuiffent
1135 1723 1146 1738 ,
1177 1693 1464 1731 conservatores
1496 1692 1676 1738 domini,
1708 1692 1854 1731 ultores

462 1763 612 1801 sceleris
630 1793 639 1807 ,
672 1761 889 1800 defensores
920 1762 1042 1799 necis.
1087 1760 1170 1798 Hic
1190 1773 1280 1798 vero
1302 1758 1405 1797 nihil
1425 1758 1544 1797 habet
1566 1760 1607 1797 in
1627 1758 1690 1797 his
1712 1759 1825 1797 malis
1841 1787 1852 1803 ‚

460 1828 566 1879 quod
599 1828 730 1864 minus
763 1825 922 1863 moleste
948 1824 1061 1868 ferat,
1092 1837 1226 1875 quam,
1258 1824 1378 1861 etiam
1406 1823 1433 1860 s1
1464 1823 1562 1875 quid
1589 1824 1659 1876 ipsi
1687 1824 1852 1867 accidat,

460 1892 532 1930 effe
554 1902 683 1930 tamen
706 1891 784 1929 illis
807 1890 994 1927 meritum
1015 1889 1223 1941 praemium
1244 1888 1503 1940 persolutum.

519 1958 591 1995 Sed
613 1956 841 2009 quaestiones
864 1964 1004 2007 urgent
1025 1946 1224 1992 Milonem
1240 1983 1251 1998 ,
1283 1967 1369 2005 quae
1397 1952 1486 1990 sunt
1515 1951 1659 1990 habitae
1686 1965 1790 1990 nunc
1811 1953 1852 1991 in

461 2024 559 2061 atrio
588 2023 813 2061 Libertatis.
848 2020 1098 2072 Qibusnam
1129 2019 1176 2057 de
1208 2018 1354 2056 servis?
1388 2019 1529 2070 rogas?
1562 2017 1609 2055 de
1630 2018 1675 2056 P.
1701 2017 1850 2057 Clodii.

462 2089 564 2140 Qis
587 2102 650 2126 eos
671 2087 909 2140 postulavit?
932 2086 1103 2138 Appius.
1137 2085 1238 2137 Qis
1260 2084 1476 2137 produxit?
1499 2083 1670 2136 Appius.
1705 2083 1851 2122 Unde?

461 2155 508 2192 ab
531 2154 678 2206 Appio.
713 2153 782 2190 Dii
804 2151 922 2189 boni!
947 2151 1043 2204 quid
1065 2151 1189 2203 potest
1209 2151 1271 2202 agi
1293 2150 1457 2188 severius
1478 2150 1490 2186 ?
1524 2150 1585 2187 De
1606 2149 1721 2187 servis
1743 2149 1853 2187 nulla

460 2221 621 2273 quaestio
652 2219 705 2256 est
736 2219 777 2255 in
810 2218 1007 2261 dominos,
1039 2217 1109 2255 nisi
1141 2216 1188 2254 de
1220 2216 1383 2261 incestu,
1416 2225 1460 2253 ut
1480 2214 1557 2253 fuit
1579 2215 1619 2253 in
1642 2214 1849 2254 Clodium.

462 2286 646 2324 Proxime
679 2285 785 2322 Deos
817 2283 969 2322 acceffit
1002 2282 1182 2327 Clodius,
1215 2282 1375 2334 propius
1404 2295 1524 2334 quam
1553 2290 1654 2326 tum,
1685 2294 1780 2319 cum
1804 2280 1852 2319 ad

462 2353 562 2405 ipsos
584 2359 827 2404 penetrarat;
861 2351 972 2402 cujus
995 2349 1041 2387 de
1061 2358 1201 2393 morte,
1226 2358 1411 2400 tanquam
1432 2348 1479 2385 de
1500 2348 1741 2386 coeremoniis
1762 2347 1849 2385 vio-

460 2420 548 2457 latis
564 2447 575 2463 ,
607 2417 807 2470 quaeritur.
841 2416 914 2454 Sed
935 2425 1064 2454 tamen
1086 2417 1249 2467 majores
1271 2414 1390 2452 nostri
1411 2415 1451 2452 in
1473 2414 1682 2452 dominum
1703 2413 1750 2450 de
1770 2412 1848 2450 ser-

462 2499 509 2524 vo
533 2485 655 2539 quaeri
683 2483 895 2522 noluerunt
909 2512 919 2529 ,
952 2496 1031 2522 non
1053 2483 1145 2535 quia
1165 2495 1243 2520 non
1263 2480 1386 2534 poffet
1406 2494 1542 2520 verum
1562 2479 1755 2523 inveniri,
1787 2477 1848 2516 sed
