2076 2860
457 241 531 291 248
934 238 1378 277 ORATIO

453 342 566 380 istam
600 342 805 379 doctorum
843 337 1057 377 hominum
1096 339 1138 376 in
1178 340 1467 378 contemnenda
1506 349 1632 378 morte
1671 340 1844 393 pruden-

454 409 576 446 tiam:
611 407 693 445 noli
725 406 853 444 nostro
885 405 1062 458 periculo
1093 405 1242 458 sapiens
1273 406 1359 444 effe.
1394 407 1498 460 Saepe
1525 408 1633 445 enim
1665 409 1773 445 venit
1800 407 1847 446 ad

452 487 560 511 aures
589 486 708 516 meas,
741 482 777 509 te
809 471 915 509 idem
947 471 1049 509 istud
1081 472 1200 509 nimis
1234 472 1371 510 crebro
1404 472 1546 518 dicere,
1579 473 1666 511 satis
1700 482 1738 511 te
1771 473 1846 511 tibi

451 539 600 577 vixisse.
644 538 800 576 Credo:
834 538 897 576 sed
925 547 1012 576 tum
1040 538 1080 575 id
1107 538 1307 584 audirem,
1341 539 1366 576 fi
1389 540 1464 577 tibi
1484 539 1555 577 soli
1575 540 1748 585 viveres,
1780 548 1853 578 aut*

453 606 478 642 s1
501 605 575 641 tibi
595 605 714 641 etiam
735 604 805 642 soli
828 614 938 642 natus
960 603 1066 642 effes.
1101 604 1223 641 Nunc
1239 634 1249 649 ,
1282 618 1375 642 cum
1397 605 1580 643 omnium
1601 605 1765 643 salutem
1785 606 1845 644 ci-

451 671 576 715 vium,
594 672 856 722 cunctamque
877 670 1180 722 rempublicam,
1203 683 1261 708 res
1284 679 1359 708 tuae
1379 671 1491 723 gcstae
1513 671 1729 724 complexae
1751 671 1844 716 fint3

452 746 608 774 tantum
633 737 722 774 abes
743 750 764 773 a
784 735 1022 788 perfectione
1042 736 1310 774 maximorum
1331 750 1511 788 operum,
1544 746 1587 774 ut
1608 736 1846 775 fundamen·

452 812 504 848 ta,
531 818 617 856 quae
637 804 801 855 cogitas,
825 804 1002 841 nondum
1017 803 1173 855 jeceris.
1207 803 1290 840 Hic
1312 810 1355 840 tu
1376 803 1541 841 modum
1563 812 1637 842 tuae
1659 805 1746 841 vitae
1768 817 1848 841 non

453 869 573 907 salute
594 869 836 921 1·eipublicae‚
868 868 931 907 sed
953 870 1134 922 aequitate
1156 869 1293 914 animi,
1317 868 1478 907 definies
1499 870 1511 906 ?
1545 869 1669 920 Qid,
1697 869 1723 906 fi
1744 868 1848 906 istud

454 949 501 973 ne
535 935 669 987 gloriae
704 935 867 987 quidem
902 944 977 973 tuae
1012 935 1100 973 satis
1135 934 1219 973 est?
1252 935 1365 987 cujus
1398 945 1435 973 te
1465 935 1537 973 effe
1567 935 1846 981 avidiflimum,

453 1001 631 1053 quamvis
654 1001 699 1038 fis
721 1000 884 1053 sapiens,
916 1015 996 1038 non
1018 1001 1193 1053 negabis.

508 1067 703 1104 Parumne
735 1067 883 1118 igitur,
914 1067 1095 1119 inquies,
1127 1067 1295 1119 gloriam
1327 1080 1511 1119 magnam
1544 1066 1846 1118 relinquemus?

454 1132 585 1170 Immo
606 1145 696 1169 vero
717 1132 817 1176 aliis,
835 1132 1014 1183 quamvis
1037 1131 1190 1176 multis,
1214 1131 1328 1177 satis;
1353 1132 1428 1169 tibi
1450 1132 1518 1169 uni
1539 1145 1694 1184 parum.
1713 1130 1846 1183 Qid-

453 1197 549 1249 quid
570 1197 677 1234 enim
698 1197 750 1234 est
766 1227 776 1242 ,
808 1197 987 1249 quamvis
1009 1197 1188 1250 amplum
1210 1198 1254 1235 fit
1269 1227 1280 1243 ,
1313 1197 1353 1235 id
1374 1207 1477 1235 certe
1499 1211 1638 1250 parum
1658 1197 1711 1234 est
1732 1206 1819 1234 tum
1834 1226 1846 1242 ,

453 1276 545 1300 cum
567 1263 621 1300 est
641 1263 791 1314 aliquid
811 1263 997 1315 amplius.
1023 1263 1142 1314 Qod
1163 1263 1189 1300 fi
1211 1277 1341 1301 rerum
1364 1272 1521 1301 tuarum
1541 1263 1846 1308 immortalium,

455 1331 503 1367 C.
525 1329 662 1373 Caesar,
681 1328 747 1366 hic
769 1329 896 1367 exitus
918 1328 1076 1366 futurus
1097 1328 1190 1373 fuit,
1215 1339 1272 1373 ut,
1296 1328 1457 1366 devietis
1479 1328 1717 1373 adversariis,
1740 1341 1846 1366 rem-

452 1395 655 1446 publicam
681 1395 721 1431 in
742 1409 788 1432 eo
808 1394 906 1432 statu
928 1394 1182 1447 relinqueres,
1205 1394 1245 1432 in
1268 1408 1348 1446 quo
1369 1408 1474 1431 nunc
1496 1394 1577 1439 est3
1610 1394 1713 1439 vide,
1736 1408 1846 1446 quae-

453 1460 492 1497 so
508 1489 518 1504 ,
551 1474 598 1497 ne
628 1470 691 1497 tua
716 1460 848 1497 divina
867 1460 990 1498 virtus
1012 1460 1281 1497 admirationis
1304 1459 1392 1511 plus
1415 1450 1460 1497 fit
1487 1458 1694 1504 habitura,
1727 1472 1848 1511 quam

452 1525 612 1578 gloriae:
647 1525 837 1578 siquidem
865 1526 990 1577 gloria
1015 1525 1069 1563 est
1096 1525 1257 1562 illustris
1278 1539 1320 1563 ac
1342 1534 1547 1577 pervagata
1566 1525 1787 1563 multorum
1808 1534 1847 1563 et

452 1604 688 1643 magnorum
709 1592 769 1629 vel
791 1592 831 1629 in
854 1591 955 1636 suos,
987 1591 1048 1629 vel
1069 1591 1110 1628 in
1131 1592 1312 1643 patriam,
1344 1590 1405 1628 vel
1427 1591 1467 1629 in
1489 1604 1606 1628 omne
1626 1603 1749 1643 genus
1770 1590 1845 1629 ho-

450 1657 623 1702 minum,
655 1656 760 1695 fama
781 1657 1029 1695 meritorum.

509 1723 582 1761 IX.
616 1723 715 1761 Haec
737 1723 859 1775 igitur
880 1723 954 1761 tibi
976 1723 1126 1775 reliqua
1145 1736 1231 1776 pars
1252 1723 1320 1769 est,
1343 1723 1410 1762 hic
1432 1723 1544 1762 restat
1564 1725 1685 1769 aetus,
1708 1724 1748 1762 in
1770 1722 1846 1762 hoc

449 1787 732 1825 elaborandum
748 1788 815 1833 est,
834 1797 877 1826 ut
894 1789 1183 1840 rempublicam
1199 1790 1425 1835 constituas,
1444 1803 1564 1842 eaque
1581 1798 1625 1828 tu
1645 1791 1685 1828 in
1707 1789 1847 1842 primis

452 1866 547 1891 cum
567 1853 721 1890 summa
741 1854 1027 1905 tranquillitate
1048 1862 1086 1891 et
1107 1855 1189 1891 otio
1210 1855 1407 1906 perfruare
1426 1871 1435 1893 :
1469 1864 1556 1892 tum
1578 1864 1635 1900 te,
1667 1856 1693 1893 fi
1716 1856 1844 1900 voleS,

453 1933 547 1957 cum
579 1929 617 1957 et
649 1920 796 1972 patriae,
828 1920 935 1971 quod
968 1920 1100 1964 debes,
1132 1920 1304 1966 solveris,
1337 1931 1375 1959 et
1407 1930 1586 1958 naturam
1619 1921 1743 1973 ipsam
1774 1934 1845 1959 ex-

453 1986 618 2038 pleveris
654 1985 825 2023 satietate
858 1986 1041 2031 vivendi,
1074 1986 1162 2024 satis
1198 1986 1265 2024 diu
1300 1987 1434 2025 vixiffe
1469 1986 1606 2025 dicito.
1649 1986 1759 2038 Qid
1793 1986 1846 2025 est

453 2051 560 2089 enim
582 2051 746 2088 omnino
767 2050 842 2088 hoc
871 2051 999 2104 ipsum
1028 2051 1095 2089 diu
1112 2081 1122 2097 ,
1156 2052 1195 2089 in
1224 2052 1384 2104 quo-est
1411 2052 1561 2104 aliquid
1588 2053 1844 2090 extremum?

455 2116 560 2169 quod
593 2130 686 2154 cum
719 2118 882 2162 venerit,
914 2118 1044 2155 omnis
1076 2118 1256 2170 voluptas
1290 2120 1482 2171 praeterita
1513 2132 1584 2171 pro
1616 2117 1744 2156 nihilo
1776 2117 1845 2164 est,

454 2183 547 2235 quia
567 2182 694 2235 postea
715 2183 823 2220 nulla
843 2183 976 2221 futura
997 2184 1055 2221 fit.
1088 2185 1328 2236 Qanquam
1356 2184 1424 2222 iste
1453 2193 1542 2222 tuus
1563 2185 1717 2222 animus
1740 2198 1844 2222 nun-

454 2262 573 2301 quam
594 2248 655 2286 his
677 2248 877 2301 angustiis,
896 2262 991 2301 quas
1013 2258 1149 2287 natura
1169 2250 1283 2288 nobis
1305 2251 1351 2288 ad
1372 2250 1585 2288 vivendum
1605 2250 1728 2296 dedit,
1746 2264 1844 2288 con-

455 2324 585 2353 tentus
607 2315 700 2360 fuit,
732 2315 959 2368 semperque
981 2316 1289 2354 immortalitatis
1310 2331 1440 2355 amore
1461 2317 1650 2370 flagravit.

511 2382 599 2420 Nec
620 2395 710 2419 vero
730 2381 813 2420 haec
835 2390 900 2420 tua
920 2382 999 2420 vita
1026 2381 1203 2420 ducenda
1228 2382 1306 2428 est,
1339 2397 1424 2436 quae
1451 2397 1614 2436 corpore
1641 2392 1679 2421 et
1707 2382 1844 2436 spiritu

454 2448 695 2486 continetur.
729 2448 823 2493 Illa,
855 2449 1040 2500 inquam,
1073 2448 1141 2485 illa
1161 2450 1240 2487 vita
1259 2449 1311 2487 est
1334 2459 1419 2495 tua,
1453 2449 1597 2494 Caesar,
1629 2462 1715 2501 quae
1735 2449 1845 2499 vige-

457 2514 515 2552 bit
533 2514 724 2552 memoria
746 2513 966 2553 seculorum
988 2514 1171 2553 omnium
1188 2534 1200 2561 ς
1232 2528 1350 2568 quam
1371 2514 1571 2569 posteritas
1593 2514 1694 2559 alet,
1725 2526 1845 2565 quam
