2076 2860
407 204 485 255 428
684 203 760 242 IN
820 202 882 240 M.
944 199 1387 246 ANTONIUM‚
1448 200 1523 238 εκ.

410 318 563 358 augere,
595 304 717 342 debeo
737 319 744 342 :
778 304 847 356 qui
869 312 1001 340 autem
1022 302 1245 355 quiescunt,
1277 311 1321 340 ut
1347 302 1452 341 sexta
1471 311 1509 340 et
1530 303 1662 340 octava
1681 301 1805 355 legio,

411 372 452 409 in
482 385 623 425 magna
649 370 775 422 gloria
805 378 843 407 et
876 368 990 407 laude
1018 368 1220 420 ponendos
1248 377 1361 421 puto.
1404 369 1582 407 Comites
1604 382 1696 407 vero
1717 370 1806 406 An·
1830 374 1834 392 ³

412 438 527 481 tonii‚
559 437 643 489 qui,
674 435 881 489 postquam
908 434 1098 472 beneficia
1119 434 1277 472 Caesaris
1299 434 1571 479 comederunt,
1603 434 1806 472 consulem

411 503 655 555 designatum
676 501 870 547 obsident,
891 501 987 539 huic
1009 501 1099 539 urbi
1119 500 1222 538 ferro
1243 500 1407 552 ignique
1428 501 1679 546 minitantur,
1703 501 1807 538 Saxae

411 570 447 607 se
468 579 506 607 et
528 569 712 622 Caphoni
736 568 994 613 tradiderunt,
1026 568 1072 605 ad
1102 566 1256 605 facinus
1287 566 1537 619 praedamque
1563 567 1679 612 natis,
1710 580 1809 604 num

411 637 501 690 quis
531 636 598 682 est,
631 637 701 690 qui
731 635 897 674 tuendos
922 636 1067 688 putet?
1101 636 1209 687 Ergo
1229 643 1295 672 aut
1317 634 1412 672 boni
1433 635 1537 679 sunt,
1570 647 1668 686 quos
1690 633 1809 671 etiam

411 717 576 749 ornare,
600 713 665 741 aut
686 703 826 756 quieti,
851 715 949 755 quos
971 701 1194 757 conservare
1215 701 1431 745 debemus3
1463 710 1530 739 aut
1552 700 1681 752 impii,
1705 712 1806 752 quo-

414 785 502 809 rum
525 779 660 808 contra
681 769 870 814 furorem,
903 778 940 807 et
963 768 1114 806 bellum
1137 777 1175 806 et
1190 767 1294 820 justa
1313 781 1419 806 arma
1438 768 1632 820 cepimuS.

470 837 563 875 XV.
597 838 782 888 Qorum
817 836 942 887 igitur
976 844 1249 873 veteranorum
1283 834 1436 872 animos
1468 847 1517 871 ne
1549 831 1809 878 offendamus,

415 903 626 942 veremur?
661 903 878 947 Eorumne,
911 901 981 954 qui
1011 902 1065 939 D.
1090 902 1259 939 Brutum
1289 899 1490 938 obsidione
1518 899 1687 951 cupiunt
1708 898 1811 936 libe-

417 970 524 1007 rare?
548 968 694 1021 quibus
711 981 804 1005 cum
822 968 935 1005 Bruti
956 967 1055 1005 salus
1077 980 1163 1004 cara
1183 966 1242 1011 fit,
1261 965 1331 1019 qui
1351 965 1509 1018 poffunt
1530 964 1646 1003 Caffii
1667 977 1814 1002 nomen

416 1034 565 1073 odisse?
598 1035 662 1072 An
683 1047 836 1079 eorum,
859 1033 929 1087 qui
951 1033 1126 1086 utrisque
1146 1033 1263 1070 armis
1286 1041 1422 1070 vacant
1440 1033 1452 1069 ?
1485 1045 1564 1069 non
1585 1044 1732 1075 vereor,
1765 1043 1813 1067 ne

417 1101 580 1139 acerbus
602 1100 698 1139 civis
720 1100 929 1152 quisquam
950 1099 1113 1136 istorum
1134 1098 1194 1143 fit,
1227 1098 1297 1150 qui
1317 1098 1399 1135 otio
1421 1097 1675 1135 delectantur.
1709 1097 1818 1133 Ter-⁷

419 1168 476 1205 tio
496 1180 587 1206 vero
606 1167 740 1218 generi
761 1179 840 1204 non
861 1165 1041 1203 rnilitum
1062 1173 1350 1208 veteranorum,
1373 1163 1435 1201 sed
1458 1161 1814 1215 importuniffimo-

419 1247 510 1272 rum
548 1232 721 1270 hostium
736 1261 747 1277 ‚
784 1232 904 1284 cupio
943 1244 1063 1283 quam
1102 1229 1392 1268 acerbiflimum
1426 1228 1605 1266 dolorem
1645 1227 1813 1265 inurere.

422 1301 688 1351 Qanquam,
719 1298 851 1336 Patres
886 1296 1124 1349 conscripti,
1157 1295 1361 1348 quousque
1395 1293 1572 1332 dicemus
1608 1292 1817 1331 sententias

420 1375 694 1404 veteranorum
715 1364 904 1402 arbitratu
919 1352 1062 1415 ?‘quod
1083 1376 1220 1400 eorum
1242 1370 1398 1399 tantum
1419 1359 1619 1398 fastidium
1640 1358 1708 1405 est,
1731 1372 1818 1412 quae

422 1440 530 1469 tanta
558 1430 790 1483 arrogantia,
823 1438 867 1467 ut
897 1428 945 1466 ad
976 1428 1186 1466 arbitrium
1218 1427 1381 1465 illorum
1413 1427 1666 1479 imperatores
1699 1425 1821 1463 etiam

423 1497 641 1550 deligamus
662 1498 674 1534 ?
699 1498 787 1548 Ego
807 1505 938 1533 autem
963 1494 1195 1547 (dicendum
1215 1493 1269 1531 est
1289 1494 1414 1537 enim,
1435 1493 1566 1530 Patres
1589 1490 1819 1543 conscripti,

423 1563 531 1616 quod
570 1561 711 1613 sentio)
756 1575 834 1599 non
875 1570 956 1599 tam
991 1570 1191 1599 veteranos
1227 1558 1437 1597 intuendos
1474 1557 1587 1596 nobis
1623 1556 1791 1595 arbitror
1806 1585 1821 1601 ,

423 1643 543 1682 quam
578 1628 675 1681 quid
708 1628 853 1666 tirones
886 1627 1050 1672 milites,
1083 1626 1153 1664 flos
1187 1625 1324 1671 Italiae‚
1357 1624 1454 1678 quid
1487 1638 1595 1662 novae
1628 1623 1824 1676 legiones„

425 1696 471 1733 ad
493 1694 734 1733 liberandam
755 1693 923 1747 patriam
945 1692 1203 1746 paratiffimae‚
1236 1691 1334 1745 quid
1364 1692 1505 1729 cunCta
1534 1689 1648 1728 Italia
1668 1687 1821 1727 deves-

427 1773 484 1800 t1·a
504 1761 692 1813 gravitate
718 1760 870 1799 sentiat.
914 1758 1034 1798 Nihil
1055 1758 1164 1797 enim
1185 1758 1335 1811 semper
1356 1757 1468 1796 floret
1488 1772 1496 1795 :
1530 1766 1618 1795 aetas
1648 1754 1829 1794 succedit-

427 1828 545 1875 :rtati.
592 1827 675 1863 Diu
705 1826 879 1877 legiones
912 1824 1069 1863 Caesaris
1100 1825 1339 1875 viguerunt,
1372 1837 1479 1861 nunc
1510 1823 1644 1874 vigent
1676 1821 1820 1866 Pansae,

427 1894 563 1944 vigent
585 1891 727 1935 Hirtii,
750 1891 884 1942 vigent
907 1889 1066 1929 Caesaris
1088 1889 1177 1933 filii,
1205 1888 1339 1940 VIgent
1361 1888 1497 1926 Planci
1517 1902 1525 1925 :
1558 1888 1725 1925 vincunt
1745 1900 1822 1924 nu-

429 1972 552 2002 mero,
583 1957 751 1994 vincunt
781 1956 987 1994 aetatibus:
1022 1945 1214 1992 nimirum
1243 1955 1362 1993 etiam
1391 1953 1620 1993 auctoritate
1640 1953 1821 1991 vincunt.

434 2024 477 2064 {d
497 2024 604 2062 enim
626 2023 776 2060 bellum
798 2031 955 2074 gerunt,
974 2021 1079 2074 quod
1101 2021 1148 2058 ab
1170 2021 1356 2059 omnibus
1378 2019 1563 2072 gentibus
1586 2018 1830 2072 comproba-m

430 2101 509 2128 tur.
534 2090 670 2142 Itaque
691 2087 753 2127 his
775 2088 933 2141 praemia
953 2087 1135 2140 promissa
1156 2086 1269 2125 sunt:
1293 2087 1373 2124 illis
1395 2085 1604 2138 persoluta.
1630 2085 1827 2122 Fruantur

431 2156 493 2195 his
526 2155 602 2200 illi,
634 2154 902 2207 persolvantur
933 2153 1011 2199 his,
1043 2167 1128 2206 quae
1162 2152 1473 2206 spopondimus:
1506 2151 1546 2190 id
1578 2152 1685 2189 enim
1718 2151 1832 2188 Deos,

434 2220 675 2261 immortales
698 2219 807 2273 spero
829 2219 1088 2272 aequiffimum
1103 2218 1296 2272 judicare.

490 2289 589 2340 Qae
623 2301 714 2326 cum
751 2287 806 2324 ita
839 2287 937 2331 sint,
969 2299 1077 2331 eam,
1109 2299 1229 2338 quam
1263 2284 1370 2330 dixi,
1403 2284 1658 2328 sententiam,
1691 2282 1831 2327 νοῐῦἰε,Α

435 2356 566 2394 Patres
587 2353 815 2407 conscripti,
847 2351 983 2392 censeo
1005 2351 1354 2405 comprobandam.
