2076 2860
614 200 1189 246 PHILIPPICA
1267 199 1344 237 ΙΙΙ.
1602 210 1679 250 333

338 311 406 351 Illi
438 309 597 363 regibus
628 321 759 361 parere
781 307 866 358 jam
886 318 907 342 a
927 303 1087 342 condita
1106 301 1202 340 urbe
1224 300 1444 338 didicerant
1463 314 1472 337 ε
1506 311 1576 336 nos
1598 297 1683 350 post

280 392 391 430 reges
412 379 565 416 exactos
588 373 784 412 servitutis
806 371 957 409 oblivio
978 378 1146 422 ceperat.
1174 368 1309 419 Atque
1331 366 1399 404 ille
1419 365 1681 418 Tarquinius,

282 457 403 497 quem
425 444 590 495 majores
613 440 732 479 nostri
753 452 832 477 non
854 437 1047 481 tulerunt,
1080 448 1159 472 non
1190 432 1375 478 crudelis,
1409 445 1487 470 non
1518 431 1682 483 impius,

284 509 348 549 sed
368 510 572 563 superbus,
596 507 755 546 habitus
777 505 830 543 est
851 513 890 542 et
909 503 1051 541 dietus.
1086 500 1206 553 Qod
1228 513 1298 538 nos
1320 500 1466 537 vitium
1488 497 1528 535 in
1551 497 1682 550 priva-

282 577 335 616 tis
358 577 454 629 saepe
476 576 658 619 tulimus,
691 573 731 610 id
763 572 929 623 majores
963 568 1082 608 nostri
1115 581 1162 605 ne
1195 568 1235 604 in
1269 580 1357 618 rege
1389 564 1551 617 quidem
1584 563 1685 601 ferre

285 651 515 697 potuerunt.
540 642 589 679 L.
607 641 752 679 Brutus
771 651 903 689 regem
920 635 1133 689 superbum
1150 647 1228 671 non
1247 631 1360 670 tulit:
1385 631 1578 669 Decimus
1601 629 1684 667 sce-

284 709 454 747 leratum
470 717 587 760 atque
608 705 780 758 impium
803 716 961 755 regnare
977 700 1170 754 patietur?
1195 697 1306 749 Qid
1327 696 1571 748 Tarquinius
1595 695 1685 741 tale,

284 774 416 827 qualia
431 771 737 811 innumerabilia
751 779 790 808 et
806 768 917 813 fecit,
933 777 972 805 et
987 766 1098 810 facit,
1117 764 1344 802 Antonius?
1364 763 1551 799 Senatum
1567 761 1688 799 etiam

286 854 395 893 reges
418 839 642 878 habebant:
677 851 748 874 nec
779 845 925 879 tamen,
958 842 1002 871 ut
1030 831 1211 870 Antonio
1239 829 1416 867 senatum
1435 827 1614 872 habenti,
1646 828 1688 865 in

288 906 452 945 confilio
474 905 574 956 regis
598 903 846 941 versabantur
863 899 1016 938 barbari
1032 897 1186 935 armati.
1212 895 1422 934 Servabant
1438 893 1609 946 auspicia
1625 907 1686 930 re-

287 986 371 1025 ges,
395 986 480 1025 quae
501 970 568 1008 hic
590 969 741 1013 consul,
765 979 983 1019 augurque,
1007 963 1209 1016 neglexit;
1235 975 1362 1015 neque
1384 960 1510 998 solum
1531 959 1687 1011 legibus

288 1047 427 1077 contra
457 1036 628 1089 auspicia
658 1033 853 1077 ferendis,
886 1032 949 1070 sed
981 1031 1102 1068 etiam
1133 1029 1288 1080 collega
1319 1040 1396 1065 una
1430 1025 1594 1071 ferente,
1626 1039 1686 1070 eo,

288 1102 410 1158 quem
431 1103 511 1157 ipse
531 1101 733 1140 ementitis
755 1099 937 1152 auspiciis
959 1095 1147 1134 vitiosum
1167 1094 1327 1132 fecerat.

347 1171 450 1223 Qis
467 1179 599 1208 autem
615 1181 682 1206 rex
698 1179 877 1219 unquam
897 1163 976 1202 fuit
997 1171 1078 1201 tam
1099 1161 1283 1214 infignite
1304 1159 1530 1212 impudens,
1553 1166 1598 1196 ut
1618 1156 1690 1195 ha-

291 1238 403 1276 beret
432 1236 566 1275 omnia
592 1232 816 1277 commoda,
849 1229 1053 1274 beneficia,
1081 1230 1170 1281 jura
1202 1227 1313 1279 regni
1343 1225 1524 1264 venalia?
1557 1226 1691 1276 Qam

291 1302 360 1342 hic
388 1301 700 1344 immunitatem,
733 1311 852 1351 quam
880 1296 1096 1339 civitatem,
1129 1293 1236 1346 quod
1263 1292 1487 1345 praemium,
1520 1304 1599 1328 non
1630 1289 1691 1327 vel

294 1369 457 1422 fingulis
492 1366 740 1410 hominibus,
773 1364 833 1402 vel
869 1361 1112 1405 civitatibus,
1145 1359 1206 1397 vel
1239 1358 1425 1397 univerfis
1458 1356 1689 1411 provinciis,

293 1434 473 1475 vendidit
491 1435 504 1472 ?
528 1432 647 1472 Nihil
667 1430 822 1470 humile
843 1429 890 1466 de
912 1426 1149 1480 Tarquinio,
1172 1424 1275 1463 nihil
1297 1423 1513 1469 sordidum,
1535 1422 1691 1475 accepi-

296 1516 400 1541 mus.
438 1502 494 1538 At
523 1513 613 1538 vero
645 1498 763 1551 hujus
797 1496 907 1534 domi
939 1495 1041 1532 inter
1073 1491 1234 1545 quasilla
1262 1490 1506 1543 pendebatur
1536 1502 1690 1532 aurum,

296 1568 577 1607 numerabatur
596 1565 786 1619 pecunia:
822 1576 898 1601 una
918 1561 958 1598 in
981 1560 1099 1598 domo
1121 1571 1272 1602 omnes,
1300 1570 1471 1609 quorum
1491 1557 1690 1598 intererat,

297 1642 430 1672 totum
469 1632 683 1684 imperium
722 1628 861 1682 populi
902 1625 1074 1664 Romani
1115 1622 1449 1662 nundinabantur.
1493 1619 1695 1672 Supplicia

296 1713 388 1740 vero
409 1700 450 1737 in
472 1699 575 1736 cives
598 1698 799 1734 Romanos
822 1693 932 1732 nulla
952 1691 1165 1743 Tarquinii
1192 1689 1432 1741 accepimus.
1475 1687 1531 1724 At
1558 1684 1624 1724 hic
1655 1693 1693 1722 et

300 1765 436 1804 Sueffae
452 1763 652 1817 jugulavit
676 1775 755 1807 eos,
788 1774 885 1813 quos
906 1760 947 1797 in
970 1757 1187 1796 custodiam
1209 1755 1393 1800 dederat,
1426 1762 1464 1791 et
1486 1751 1694 1790 Brundufii

297 1841 494 1872 trecentos
516 1829 743 1868 fortiffimos
764 1829 883 1872 viros,
915 1825 1096 1877 civesque
1117 1823 1305 1876 optimOS,
1339 1820 1563 1859 trucidavit.

355 1898 556 1937 Postremo
589 1895 833 1948 Tarquinius
862 1906 932 1946 pro
965 1890 1115 1944 populo
1146 1890 1329 1928 Romano
1358 1887 1510 1925 bellum
1536 1884 1695 1938 gerebat

299 1975 404 2011 turn,
435 1978 528 2003 cum
549 1963 603 2001 est
623 1961 807 2015 expulsus
828 1976 837 1999 ε
871 1958 1071 1997 Antonius
1093 1965 1229 1995 contra
1250 1954 1445 2007 populum
1466 1953 1696 1991 Romanum

301 2031 521 2070 exercitum
541 2028 759 2067 adducebat
781 2036 882 2071 tum,
914 2038 1022 2069 cum,
1055 2037 1075 2061 a
1098 2021 1324 2074 legionibus
1344 2020 1518 2064 relictus,
1552 2031 1695 2056 nomen

303 2097 462 2136 Caesaris
483 2095 780 2145 exercitumque
801 2091 1022 2145 pertimuit,
1042 2087 1305 2141 neglectisque
1322 2085 1518 2125 sacrificiis
1536 2084 1695 2122 sollem-

304 2162 439 2207 nibus,
471 2171 560 2199 ante
581 2161 712 2198 lucem
732 2168 822 2196 vota
842 2172 898 2203 ea,
930 2170 1016 2209 quae
1044 2168 1249 2207 nunquam
1277 2153 1455 2196 solveret,
1488 2163 1694 2202 nuncupa-

303 2228 389 2273 vit3
422 2235 461 2265 et
492 2226 569 2265 hoc
603 2235 777 2278 tempore
809 2225 850 2261 in
883 2222 1127 2275 provinciam
1160 2219 1299 2272 populi
1331 2218 1504 2256 Romani
1534 2224 1698 2253 conatur

306 2292 500 2332 invadere.
548 2291 681 2343 Majus
713 2290 836 2342 igitur
867 2303 887 2326 a
919 2288 1090 2327 Decimo
1118 2287 1241 2324 Bruto
1266 2283 1505 2323 beneficium
1527 2280 1697 2333 populus

305 2361 511 2415 Romanus
532 2366 570 2395 et
594 2356 727 2402 habet,
758 2365 796 2394 et
828 2356 1019 2408 expectat,
1051 2367 1170 2407 quam
1201 2353 1367 2404 majores
1395 2349 1514 2388 nostri
1535 2359 1696 2398 accepe-

306 2435 400 2465 runt
431 2438 452 2462 a
481 2425 529 2462 L.
554 2424 692 2469 Bruto,
723 2423 902 2476 principe
930 2420 1050 2474 hujus
1080 2419 1253 2459 maxime
1274 2415 1525 2457 conservandi
1545 2412 1698 2466 generis

304 2501 346 2532 ct
368 2503 555 2530 nominis.
