2076 2860
412 235 488 276 ³70
886 211 1331 252 ORATIO

410 318 582 357 reditum
600 330 695 354 cum
717 327 804 352 meo
825 310 1089 349 conferamus.
1121 310 1182 347 Ac
1212 321 1322 346 meus
1344 307 1506 360 quidem
1527 306 1560 344 is
1582 305 1660 345 fuit
1674 334 1686 351 ,
1717 314 1761 345 ut
1782 319 1802 342 a

412 383 630 430 Brundusio
651 381 771 432 usque
792 380 965 416 Romam
984 389 1123 428 agmen
1146 384 1381 427 perpetuum
1403 373 1524 411 totius
1547 372 1670 411 Italiae
1691 370 1800 408 vide-

411 463 509 487 rem.
547 449 689 499 Neque
709 445 816 482 enim
838 443 945 494 regio
965 440 1044 479 fuit
1065 440 1168 485 ulla,
1200 453 1327 492 neque
1347 438 1616 493 municipium
1631 466 1644 482 ,
1676 449 1803 489 neque

410 513 650 566 praefe&ura,
682 520 748 548 aut
777 508 946 552 colonia,
978 520 1025 545 ex
1055 520 1131 558 qua
1161 519 1240 543 non
1269 504 1430 557 publice
1459 503 1505 542 ad
1535 517 1599 541 me
1625 503 1804 541 venerint

411 579 665 632 gratulatum.
703 575 813 627 Qid
834 574 964 612 dicam
984 573 1172 610 adventus
1194 585 1301 609 meos
1321 572 1333 608 ?
1366 570 1463 623 quid
1491 569 1696 608 effufiones
1726 567 1802 607 ho-

409 645 567 683 minum
593 656 640 680 ex
670 640 826 694 oppidis
848 641 860 677 ?
892 638 989 691 quid
1009 637 1245 676 concursum
1266 650 1313 674 ex
1334 637 1435 688 agris
1456 644 1613 688 patrum
1633 633 1803 673 familias

410 723 505 748 cum
525 707 763 760 conjugibus
785 720 826 743 ac
849 704 982 742 liberis
1003 705 1015 741 ?
1048 702 1145 756 quid
1166 715 1229 739 eos
1253 701 1350 745 dies,
1381 701 1466 752 qui,
1498 700 1603 752 quasi
1625 700 1804 741 Deorum

411 774 702 813 immortalium
731 771 817 810 festi
849 784 891 808 ac
925 769 1146 813 sollemnes,
1179 767 1269 806 sunt
1300 766 1469 804 adventu
1490 779 1579 804 meo
1599 765 1805 818 redituque

411 841 598 880 celebrati
617 841 629 877 ?

468 909 584 953 Unus
605 906 673 944 ille
694 905 775 943 dies
798 903 899 942 mihi
920 902 1082 955 quidem
1100 898 1408 938 immortalitatis
1426 898 1542 936 instar
1557 897 1650 944 fuit,
1668 910 1749 949 quo
1764 896 1806 935 in

410 974 578 1028 patriam
598 973 709 1017 redii,
727 985 820 1009 cum
838 970 1013 1008 senatum
1033 966 1224 1020 egrefi‘um
1244 965 1340 1010 vidi,
1362 965 1638 1018 populumque
1653 964 1805 1003 Roma-

412 1053 511 1078 num
531 1037 756 1077 universum
768 1056 779 1081 3
803 1050 896 1074 cum
918 1034 1019 1073 mihi
1040 1033 1120 1086 ipsa
1140 1033 1284 1076 Roma,
1306 1044 1427 1083 prope
1447 1029 1632 1068 convulsa
1652 1029 1806 1068 sedibus

413 1105 490 1144 suis
502 1134 514 1151 ,
546 1104 594 1142 ad
624 1101 971 1156 complectendum
1003 1098 1312 1138 conservatorem
1344 1096 1458 1134 suum
1491 1095 1699 1148 procedere
1730 1094 1808 1132 visa

412 1171 480 1210 est.
514 1172 613 1222 Qae
634 1183 698 1208 me
718 1169 771 1206 ita
790 1168 956 1220 accepit,
979 1175 1023 1204 ut
1044 1179 1122 1203 non
1144 1163 1264 1201 modo
1285 1162 1467 1200 omnium
1486 1175 1692 1214 generum,
1714 1169 1806 1200 aeta-

414 1247 517 1281 tum,
549 1236 735 1274 ordinum
755 1247 891 1272 omnes
912 1233 986 1271 viri
1006 1245 1050 1269 ac
1069 1230 1269 1274 mulieres,
1301 1228 1431 1266 omnis
1452 1227 1622 1265 fortunae
1642 1241 1685 1266 ac
1713 1226 1808 1271 loci,

414 1303 478 1341 sed
498 1303 617 1340 etiam
638 1301 784 1339 moenia
803 1299 884 1352 ipsa
903 1297 1142 1341 viderentur,
1173 1304 1212 1333 et
1232 1296 1331 1333 testa
1351 1293 1458 1332 urbis
1479 1307 1522 1331 ac
1545 1292 1708 1345 templa,
1738 1292 1807 1331 lae-

414 1370 502 1408 tari.
535 1369 607 1406 Me
636 1366 966 1419 consequentibus
997 1364 1135 1401 diebus
1166 1362 1207 1399 in
1237 1374 1279 1399 ea
1308 1360 1388 1413 ipsa
1416 1359 1551 1404 domo,
1582 1372 1661 1411 qua
1680 1367 1724 1396 tu
1745 1371 1809 1396 me

415 1435 633 1488 expuleras,
664 1446 784 1486 quam
804 1431 1008 1484 expilaras,
1040 1442 1160 1481 quam
1181 1427 1421 1471 incenderas,
1453 1425 1677 1478 pontifices,
1708 1438 1808 1462 con-

416 1501 530 1545 sules,
563 1509 688 1551 patres
709 1497 922 1548 conscripti
943 1495 1258 1537 collocaverunt3
1290 1490 1486 1543 mihique,
1509 1489 1617 1542 quod
1636 1498 1725 1528 ante
1745 1503 1810 1528 me

416 1567 581 1610 nemini,
613 1564 779 1617 pecunia
799 1562 960 1615 publica
979 1559 1246 1599 aedificandam
1268 1557 1435 1595 domum
1454 1555 1703 1598 censuerunt.

473 1632 607 1675 Habes
629 1630 800 1668 reditum
821 1641 970 1666 meum.
995 1625 1145 1669 Confer
1164 1638 1269 1667 nunc
1291 1623 1456 1662 viciffim
1477 1631 1607 1667 tuum,
1630 1620 1810 1674 quando-

417 1699 594 1753 quidem,
610 1695 743 1739 amiffo
758 1695 949 1739 exercitu,
964 1691 1067 1735 nihil
1083 1690 1286 1733 incolume
1301 1688 1481 1733 domum,
1497 1697 1635 1740 praeter
1650 1700 1692 1725 os
1709 1686 1812 1729 illud

419 1764 626 1818 pristinum
649 1772 778 1805 tuum,
809 1759 998 1798 retulisti:
1031 1758 1101 1810 qui
1131 1757 1306 1809 primum
1337 1768 1415 1806 qua
1438 1753 1588 1791 veneris
1609 1766 1703 1792 cum
1723 1752 1810 1790 lau-

419 1830 532 1882 reatis
555 1828 631 1866 tuis
652 1826 872 1869 lictoribus,
890 1824 979 1876 quis
1000 1822 1098 1859 scit?
1117 1834 1215 1873 quos
1237 1829 1323 1857 tum
1345 1818 1583 1862 Maeandros,
1605 1817 1701 1856 dum
1721 1831 1812 1855 om-

421 1910 486 1935 nes
508 1893 737 1933 solitudines
758 1889 1012 1944 persequeris,
1043 1901 1130 1940 quae
1150 1884 1382 1927 diverticula
1402 1883 1678 1935 flexionesque,
1701 1897 1810 1935 quae-

421 1963 494 2000 sisti
514 1963 526 1998 ?
558 1958 665 2012 quod
687 1967 724 1996 te
744 1956 1012 2009 municipium
1031 1949 1131 1992 vidit
1149 1954 1162 1990 ?
1194 1952 1282 2005 quis
1304 1951 1452 1988 amicus
1478 1949 1660 1987 invitavit
1679 1949 1692 1985 ?
1723 1949 1812 2000 quis

419 2027 559 2080 hospes
580 2025 784 2078 adspexit?
808 2035 938 2061 nonne
959 2020 1034 2059 tibi
1055 2033 1133 2058 nox
1154 2028 1233 2057 erat
1254 2031 1325 2070 pro
1345 2017 1436 2055 die?
1459 2029 1539 2054 non
1555 2015 1726 2054 solitudo
1742 2028 1814 2068 pro

422 2092 643 2145 frequentia
661 2092 673 2128 ?
706 2102 881 2141 caupona
902 2102 972 2141 pro
992 2086 1168 2139 oppido?
1200 2097 1280 2123 non
1302 2092 1346 2121 ut
1366 2081 1489 2120 redire
1510 2095 1556 2119 ex
1578 2080 1815 2119 Macedonia

424 2159 568 2198 nobilis
589 2158 800 2209 imperator
814 2184 826 2200 ‚
858 2154 921 2192 sed
942 2162 986 2191 ut
1006 2161 1185 2191 mortuus
1212 2149 1370 2188 infamis
1393 2147 1553 2192 referri,
1583 2146 1779 2185 videretur
1798 2147 1812 2184 ?

427 2227 595 2264 Romam
614 2236 704 2260 vero
725 2221 846 2273 ipsam
867 2219 1030 2258 foedavit
1050 2217 1236 2256 adventus
1259 2225 1365 2254 tuus.

479 2289 637 2328 XXIII.
672 2289 708 2324 O
731 2286 890 2324 familiae
908 2299 986 2323 non
1003 2284 1132 2322 dicam
1150 2282 1388 2334 Calpurniae,
1407 2279 1470 2318 sed
1492 2278 1720 2323 Calventiae,
1742 2290 1814 2315 ne-

423 2370 498 2409 que
519 2355 637 2406 hujus
658 2352 782 2397 urbis,
805 2351 868 2390 sed
890 2349 1110 2389 Placentini
1131 2347 1357 2399 municipii,
1376 2359 1502 2398 neque
1522 2344 1674 2398 paterni
1693 2357 1813 2395 gene-

426 2425 490 2466 ris,
510 2420 571 2458 sed
588 2420 774 2457 braccatae
794 2416 1057 2469 cognationis,
1079 2413 1268 2452 dedecus!
1294 2411 1630 2464 quemadmodum
1645 2409 1812 2449 venisti?

425 2489 513 2540 quis
536 2485 624 2531 tibi,
644 2498 722 2523 non
743 2483 871 2522 dicam
888 2482 1046 2527 horum,
1065 2490 1130 2520 aut
1147 2480 1294 2518 civium
1311 2487 1556 2522 caeterorum,
1576 2476 1638 2515 sed
1656 2482 1815 2514 tuorum
