2076 2860
717 144 857 185 PRO
919 143 964 182 P.
1028 139 1318 179 SEXTm.
1671 149 1717 189 27

317 265 380 291 me
402 250 530 289 civem
547 277 557 293 ,
592 245 702 284 nullo
725 258 814 283 meo
835 242 1004 281 crimine
1020 270 1030 286 ‚
1063 239 1196 292 patriae
1226 237 1387 276 nomine
1404 266 1414 280 ‚
1448 233 1692 272 laborantem
1711 259 1719 271 ‚

318 333 397 357 non
420 315 538 354 modo
560 313 725 352 stantem
748 324 827 348 non
849 306 1113 346 defenderunt
1129 336 1139 351 ,
1173 305 1235 343 sed
1265 318 1312 342 ne
1337 304 1536 355 jacentem
1559 298 1722 351 quidem

318 389 575 438 protexerunt
595 380 607 418 ?
641 377 837 416 Cefferam
852 405 861 420 ,
895 375 920 412 fi
943 374 1111 412 alienam
1133 386 1153 410 a
1174 386 1238 410 me
1260 370 1419 424 plebem
1441 366 1554 406 fuiffe
1575 366 1696 403 vultis
1711 394 1720 408 ,

316 463 402 503 quae
422 461 502 486 non
524 445 617 490 fuit,
650 443 834 487 invidiae3
868 441 894 479 fi
915 438 1161 478 commoveri
1182 437 1318 476 omnia
1337 435 1586 477 videbantur,
1619 440 1721 469 tem-

318 516 431 571 pori,
464 515 491 552 fi
512 514 569 551 vis
584 511 760 555 suberat,
784 509 929 552 armis,
954 507 980 545 fi
1003 506 1180 550 societas,
1205 502 1504 556 magistratuum
1525 499 1721 552 paetioni5

318 583 345 622 fi
367 580 591 636 periculum
613 578 779 621 civium,
813 574 1056 628 reipublicae.

377 651 475 694 Cur,
508 661 602 685 cum
636 645 683 683 de
716 643 844 696 capite
877 642 974 680 civis
1011 642 1107 692 (non
1143 638 1316 689 disputo,
1349 633 1573 687 cujusmodi
1606 632 1722 682 civis)

319 727 358 755 et
379 716 426 754 de
449 714 564 752 bonis
587 710 822 765 proscriptio
844 707 1034 751 fer1·etur;
1054 719 1147 743 cum
1165 713 1203 741 et
1220 702 1374 740 sacratis
1396 701 1553 752 legibus
1575 709 1614 736 et
1638 711 1722 736 xix.

322 782 468 821 tabulis
500 780 696 818 sancitum
727 776 833 820 effet,
867 784 910 812 ut
940 786 1068 824 neque
1098 769 1355 823 privilegium
1381 767 1543 819 irrogari
1574 765 1725 809 liceret,

322 862 449 902 neque
479 847 527 885 de
556 845 699 898 capite,
732 842 802 880 nifi
835 839 1011 879 comitiis
1041 836 1289 880 centuriatis,
1322 834 1478 887 rogari3
1512 832 1622 870 nulla
1652 845 1728 869 vox

323 917 377 955 est
397 915 529 953 audita
549 909 787 950 consulum?
806 906 1149 957 constitutumque
1165 902 1219 941 est
1240 903 1311 941 illo
1333 915 1450 945 anno,
1469 909 1666 953 quantum
1688 899 1730 936 in

324 983 405 1021 illis
427 980 578 1018 duabus
601 977 721 1030 hujus
744 974 903 1028 imperii
924 972 1098 1027 pestibus
1120 969 1200 1008 fuit
1216 1000 1225 1015 ‚
1253 970 1342 1022 jure
1371 967 1475 1021 poffe
1505 981 1574 1020 per
1595 979 1729 1019 operas

322 1049 538 1090 concitatas
560 1045 740 1099 quemvis
763 1043 892 1081 civem
914 1040 1155 1080 nominatim
1170 1068 1181 1084 ,
1215 1037 1368 1076 tribuni
1389 1036 1517 1088 plebis
1538 1034 1704 1073 consilio
1719 1063 1729 1078 ,

323 1132 372 1157 ex
393 1117 552 1156 civitate
572 1111 775 1152 exturbari
792 1112 804 1149 ?

380 1186 480 1236 Qae
501 1195 592 1220 vero
613 1178 866 1234 promulgata
885 1175 957 1214 illo
978 1187 1081 1212 anno
1102 1172 1291 1211 fuerunt?
1310 1184 1396 1224 quae
1418 1167 1602 1223 promiffa
1622 1168 1733 1206 mul—

326 1252 404 1290 tis?
427 1263 515 1303 quae
531 1246 780 1299 conscripta?
804 1257 890 1297 quae
912 1241 1086 1296 sperata?
1110 1253 1197 1293 quae
1217 1237 1416 1291 cogitata?
1441 1235 1553 1288 Qid
1573 1235 1732 1273 dicam?

326 1318 397 1371 qui
416 1318 528 1355 locus
550 1314 657 1353 orbis
680 1323 789 1351 terrae
806 1301 891 1364 jam
912 1323 993 1348 non
1015 1317 1095 1346 erat
1115 1306 1236 1345 alicui
1260 1304 1472 1343 destinatus
1491 1304 1503 1341 ?
1527 1303 1640 1355 cujus
1662 1315 1734 1339 ne-

327 1383 429 1437 gotii
449 1381 603 1435 publici
624 1379 815 1432 cogitari,
847 1376 999 1429 optari,
1032 1373 1155 1425 fingi,
1188 1371 1339 1411 curatio
1361 1370 1518 1423 potuit,
1546 1382 1632 1421 quae
1654 1381 1736 1406 non

328 1450 419 1489 effet
440 1448 630 1487 attributa
649 1456 766 1499 atque
788 1442 1012 1495 descripta?
1046 1439 1154 1493 quod
1183 1451 1307 1492 genus
1339 1436 1524 1490 imperii,
1557 1444 1623 1473 aut
1650 1447 1738 1486 quae

329 1515 547 1570 provincia,
580 1527 668 1567 quae
700 1511 799 1550 ratio
832 1507 1052 1548 auferendae
1084 1515 1152 1544 aut
1184 1503 1400 1543 conflandae
1432 1501 1624 1555 pecuniae,
1657 1514 1738 1538 non

330 1582 624 1635 reperiebatur?
648 1593 733 1631 quae
755 1577 863 1629 regio
884 1589 998 1614 orave
1020 1584 1211 1612 terrarum
1231 1580 1312 1609 erat
1333 1570 1464 1613 latior,
1497 1568 1537 1605 in
1559 1580 1637 1619 qua
1657 1580 1739 1604 non

331 1661 500 1701 regnum
520 1645 683 1698 aliquod
704 1642 960 1681 statueretur?
983 1640 1074 1692 quis
1095 1648 1228 1676 autem
1250 1650 1332 1682 rex,
1351 1635 1419 1688 qui
1441 1634 1512 1672 illo
1533 1647 1635 1672 anno
1657 1646 1739 1671 non

331 1725 398 1753 aut
419 1712 635 1753 emendum
656 1711 742 1755 fibi,
774 1709 882 1762 quod
903 1721 983 1746 non
1004 1706 1190 1750 habebat,
1223 1713 1290 1742 aut
1311 1701 1604 1746 redimendum,
1631 1699 1742 1753 quod

330 1781 517 1826 habebat,
549 1777 833 1817 arbitraretur?
864 1775 954 1827 quis
984 1771 1248 1826 provinciam,
1281 1770 1369 1823 quis
1391 1768 1618 1822 pecuniam,
1651 1766 1740 1819 quis

331 1847 588 1900 legationem,
612 1844 660 1882 ab
682 1843 816 1881 senatu
838 1840 1023 1894 petebat?
1048 1837 1259 1877 Damnatis
1282 1836 1330 1874 de
1349 1836 1390 1874 vi
1411 1834 1621 1879 restitutio,
1640 1847 1741 1871 con-

333 1914 480 1953 sulatus
502 1911 645 1966 petitio
666 1910 736 1963 ipfi
759 1909 820 1947 illi
843 1906 1024 1961 populari
1046 1903 1250 1948 sacerdoti,
1281 1901 1598 1954 comparabatur.
1643 1900 1743 1938 Haec

332 1980 545 2035 gemebant
578 1978 698 2022 boni,
731 1975 936 2029 sperabant
968 1972 1168 2026 improbi,
1200 1969 1340 2023 agebat
1370 1969 1553 2007 tribunus
1586 1966 1740 2020 plebis,

333 2048 513 2087 consules
535 2045 787 2099 adjuvabant.

391 2114 548 2154 XXXI.
583 2112 682 2156 Hic,
709 2111 913 2162 aliquanto
935 2106 1069 2152 serius,
1103 2117 1223 2158 quam
1246 2102 1325 2157 ipse
1345 2102 1480 2147 vellet,
1514 2101 1593 2139 Cn.
1618 2100 1743 2138 Pom-

335 2182 462 2235 peius,
481 2179 722 2219 invitiffimis
746 2178 808 2222 iis,
828 2176 897 2228 qui
919 2183 1097 2213 mentem
1117 2171 1264 2225 optimi
1286 2184 1328 2208 ac
1352 2168 1552 2207 fortiffimi
1569 2166 1643 2205 viri
1665 2166 1743 2205 suis

336 2248 525 2292 confiliis,
559 2245 737 2297 fiftisque
767 2241 998 2286 terroribus,
1031 2253 1051 2278 a
1074 2237 1298 2277 defensione
1319 2249 1415 2274 meae
1436 2234 1570 2273 salutis
1592 2241 1744 2271 averte-
1783 2228 1787 2232 ’

338 2323 424 2352 rant
440 2343 450 2359 ‚
482 2312 671 2351 excitavit
692 2311 804 2349 illam
827 2309 935 2347 suam
958 2320 1038 2345 non
1060 2305 1229 2358 sopitam
1244 2333 1255 2349 ,
1288 2302 1351 2340 sed
1374 2301 1593 2354 suspicione
1614 2298 1747 2351 aliqua

338 2379 585 2424 retardatam,
617 2376 947 2417 consuetudinem
969 2372 1198 2426 reipublicae
1219 2370 1319 2409 bene
1339 2368 1531 2422 gerendae.
1575 2367 1670 2405 Non
1693 2364 1747 2403 est

340 2446 463 2499 paffus
487 2444 555 2484 ille
574 2445 657 2489 vir,
689 2444 759 2495 qui
783 2439 1090 2482 sceleratiffimos
1111 2438 1232 2483 cives,
1264 2435 1333 2488 qui
1355 2434 1565 2472 acerrimos
1586 2430 1714 2470 hostes
1732 2459 1744 2476 ‚

1346 2501 1440 2540 D2
