2076 2860
567 168 703 207 PRO
764 167 813 205 L.
878 164 1091 204 CORN.
1154 162 1400 202 BALBO.
1616 173 1690 211 129

286 277 346 307 tot
362 266 482 306 habet
499 263 741 318 triumphos,
759 271 858 315 quot
873 275 948 300 orae
966 260 1056 299 sunt
1072 259 1277 313 partesque
1294 268 1506 302 terrarum3
1532 266 1591 296 tot
1607 256 1691 294 vic-

287 334 402 373 torias
425 332 602 376 bellicas,
625 339 726 384 quot
746 329 836 368 sunt
857 328 897 366 in
920 341 1053 366 rerum
1074 335 1211 365 natura
1226 339 1369 379 genera
1385 324 1609 363 bellorum?
1628 315 1694 360 An

283 399 493 453 ingenium
512 399 525 436 ?
548 411 643 436 cum
662 395 782 434 etiam
802 394 873 448 ipfi
894 393 1001 432 casus
1023 391 1265 445 eventusque
1286 404 1432 436 rerum,
1456 404 1535 429 non
1558 388 1693 432 duces,

284 465 350 505 sed
379 465 561 510 comites,
593 464 676 516 ejus
707 461 964 500 confiliorum
984 458 1162 504 fuerint;
1196 459 1237 496 in
1265 471 1345 510 quo
1366 471 1446 496 uno
1467 456 1522 495 ita
1542 455 1697 494 summa

285 531 447 572 fortuna
465 545 560 570 cum
581 530 736 568 summa
755 529 902 567 virtute
923 526 1086 566 certavit
1102 555 1113 571 ,
1145 534 1190 563 ut
1219 525 1403 563 onmium
1427 522 1584 576 judicio
1604 521 1694 576 plus

284 598 459 645 homini,
482 611 604 652 quam
626 598 735 642 Deae,
769 594 1040 633 tribueretur?
1073 593 1139 630 An
1161 590 1303 645 pudor,
1325 604 1374 628 an
1395 589 1617 642 integritas,
1649 602 1697 626 an

287 665 428 718 religio
449 665 490 703 in
508 678 568 710 eo,
586 677 635 701 an
657 661 866 714 diligentia
882 673 1060 712 unquam
1082 657 1266 710 requifita
1286 655 1339 695 est
1355 657 1368 693 ?
1392 669 1514 708 quem
1531 654 1694 707 provin-

288 732 357 770 ciae
380 730 531 775 nostrae,
553 742 675 782 quem
695 727 813 765 liberi
834 725 989 779 populi,
1008 737 1128 776 quem
1150 735 1274 774 regeS,
1292 734 1414 772 quem
1434 730 1575 758 exterae
1596 733 1697 772 gen-

289 807 370 843 tes,
402 796 631 840 castiorem,
664 793 995 835 moderatiorem,
1029 789 1286 832 sanctiorem,
1319 800 1399 824 non
1433 785 1554 824 modo
1585 785 1697 824 vide-

290 873 398 908 runt,
429 862 494 901 sed
514 870 581 899 aut
601 858 789 913 sperando
811 869 1004 909 unquam,
1036 863 1103 893 aut
1123 852 1313 907 optando,
1346 852 1622 904 cogitaverunt
1643 853 1655 888 ?

346 928 457 982 Qid
479 926 608 966 dicam
630 925 677 964 de
693 923 950 963 auctoritate?
973 936 1059 974 quae
1082 930 1188 958 tanta
1209 919 1277 965 est,
1295 927 1442 971 quanta
1462 919 1503 956 in
1525 917 1587 957 his
1611 927 1699 956 tan-

291 997 341 1036 tis
369 994 586 1034 virtutibus
615 1007 660 1031 ac
690 991 874 1030 laudibus
905 989 978 1028 effe
1008 988 1139 1026 debet.
1175 987 1253 1026 Cui
1275 986 1428 1024 senatus
1450 985 1702 1039 populusque

290 1065 496 1102 Romanus
527 1059 774 1113 ampliffimae
804 1056 1010 1110 dignitatis
1039 1054 1201 1108 praemia
1229 1053 1352 1098 dedit,
1386 1066 1465 1090 non
1487 1052 1701 1105 postulanti

291 1130 471 1183 imperia,
503 1141 640 1167 verum
662 1126 782 1164 etiam
804 1123 1027 1168 recusanti;
1060 1120 1180 1174 hujus
1212 1119 1259 1158 de
1289 1119 1406 1164 facto,
1438 1118 1616 1170 Judices‚
1649 1120 1701 1157 ita

290 1196 414 1250 quaeri
429 1225 440 1241 ,
472 1204 517 1233 ut
537 1193 578 1232 id
599 1202 736 1246 agatur
750 1222 761 1237 ,
793 1190 1003 1228 licueritne
1024 1189 1059 1226 ei
1080 1186 1208 1226 facere
1231 1185 1339 1238 quod
1360 1184 1457 1223 fecit
1472 1214 1482 1230 ,
1516 1198 1563 1222 an
1584 1198 1676 1222 vero
1691 1215 1700 1228 ‚

294 1277 373 1301 non
395 1261 540 1305 dicam,
573 1273 654 1297 non
674 1257 848 1301 licuerit,
871 1255 935 1294 sed
957 1254 1064 1293 nefas
1086 1253 1222 1298 fuerit,
1249 1254 1405 1305 (contra
1424 1250 1556 1290 foedus
1578 1251 1701 1296 enim,

294 1329 334 1367 id
355 1327 422 1373 est,
455 1336 592 1365 contra
612 1325 752 1378 populi
775 1322 949 1361 Romani
971 1321 1207 1373 religionem
1228 1328 1266 1357 et
1288 1318 1422 1363 fidem,
1446 1317 1577 1356 feciffe
1599 1317 1703 1355 dici-

295 1394 377 1445 tur)
402 1407 481 1432 non
503 1402 617 1445 turpe
637 1391 788 1445 populo
810 1390 995 1429 Romano
1015 1389 1027 1426 ?
1061 1400 1192 1425 nonne
1213 1385 1325 1424 vobis
1346 1386 1358 1422 ?

352 1462 403 1500 V.
437 1459 588 1499 Audivi
617 1458 694 1497 hoc
725 1457 772 1496 de
802 1464 962 1510 parente
991 1468 1081 1493 meo
1110 1467 1235 1507 puer:
1270 1466 1363 1489 cum
1397 1452 1464 1502 Q
1483 1450 1703 1495 Metellus,

296 1528 416 1567 Lucii
436 1527 559 1572 filius,
578 1525 733 1564 causam
754 1524 801 1561 de
817 1522 998 1576 pecuniis
1016 1519 1244 1573 repetundis
1262 1518 1425 1562 diceret,
1444 1516 1527 1561 ille,
1547 1516 1615 1555 ille
1630 1517 1704 1562 vir,

296 1595 363 1632 cui
383 1594 516 1646 patriae
537 1592 636 1630 salus
658 1591 828 1634 dulcior,
852 1602 973 1642 quarn
994 1586 1241 1639 conspectus,
1263 1583 1367 1628 fuit5
1393 1582 1462 1635 qui
1484 1581 1531 1620 de
1547 1582 1707 1621 civitate

295 1660 495 1704 decedere,
514 1671 634 1711 quarn
654 1657 701 1695 de
724 1654 929 1700 sententia,
947 1653 1109 1692 maluit:
1129 1651 1206 1689 hoc
1224 1651 1347 1702 igitur
1363 1648 1517 1687 causam
1534 1648 1706 1695 dicente,

297 1742 392 1766 cum
413 1726 531 1780 ipfius
554 1725 696 1763 tabulae
722 1721 1075 1761 circumferrentur
1105 1717 1341 1771 inspiciendi
1373 1716 1546 1754 nominis
1569 1716 1680 1755 causa
1695 1745 1706 1762 ‚

298 1793 411 1833 fuisse
426 1792 607 1845 judicem
629 1805 676 1828 ex
698 1790 778 1828 illis
801 1788 1004 1841 equitibus
1026 1785 1235 1829 Romanis,
1255 1782 1487 1836 graviffimis
1509 1782 1618 1827 viris,
1638 1796 1707 1822 ne-

298 1861 465 1904 minem,
488 1859 586 1911 quin
609 1864 826 1895 removeret
847 1854 999 1898 oculos,
1023 1862 1061 1890 et
1082 1852 1118 1891 se
1141 1860 1271 1890 totum
1293 1858 1496 1893 averteret,
1520 1862 1569 1887 ne
1588 1848 1707 1895 forte,

300 1926 408 1981 quod
428 1926 496 1964 ille
518 1926 559 1963 in
581 1924 733 1962 tabulas
755 1922 936 1975 publicas
959 1918 1162 1964 retuliffet,
1182 1916 1372 1956 dubitasse
1394 1916 1620 1968 quisquam,
1639 1930 1706 1954 ve-

300 2006 441 2033 rumne
461 2006 508 2030 an
530 1990 675 2030 falsum
695 1989 800 2034 effer,
823 1988 1035 2026 videretur.
1070 1986 1157 2024 Nos
1181 1985 1259 2023 Cn.
1283 1982 1465 2034 Pompeii
1488 1981 1707 2026 decretum,

294 2060 496 2114 judicium
517 2058 564 2096 de
584 2057 737 2096 confilii
763 2055 955 2093 sententia
983 2052 1288 2106 pronuntiatum
1304 2080 1314 2094 ‚
1347 2047 1673 2100 recognoscemus
1694 2049 1707 2084 ?

301 2141 396 2164 cum
416 2125 572 2177 legibus
594 2121 845 2161 conferemus
867 2122 879 2158 ?
911 2134 1004 2159 cum
1032 2117 1248 2157 foederibus
1277 2116 1436 2160 omnia,
1470 2114 1711 2152 acerbiliima

302 2193 524 2245 diligentia,
539 2212 542 2216 ›
555 2189 844 2243 perpendemus
861 2190 874 2226 ?

359 2258 530 2296 Athenis
551 2257 677 2301 aiunt,
700 2270 793 2294 cum
814 2254 977 2307 quidam
997 2252 1101 2306 apud
1122 2265 1202 2297 (τοῦ,
1225 2251 1294 2303 qui
1317 2250 1443 2288 fanen:
1463 2248 1710 2300 graviterque

305 2324 472 2368 vixisset,
495 2332 533 2360 et
555 2322 826 2360 testimonium
848 2321 1009 2374 publice
1030 2317 1200 2362 dixisset,
1224 2326 1276 2362 et,
1302 2326 1344 2354 ut
1367 2330 1452 2353 mos
1476 2316 1710 2352 Graecorum

303 2391 359 2429 est
373 2420 384 2435 ,
411 2388 572 2442 jurandi
592 2389 703 2427 causa
722 2389 769 2427 ad
789 2402 868 2426 aras
890 2386 1092 2425 accederet
1105 2415 1117 2430 ,
1150 2398 1227 2422 una
1257 2397 1351 2421 voce
1373 2394 1508 2419 omnes
1526 2378 1681 2431 judices
1698 2406 1709 2422 ,

305 2471 355 2497 ne
375 2458 407 2496 is
424 2458 574 2509 juraret
589 2485 599 2500 ‚
632 2454 867 2494 reclamaffe.
906 2456 1014 2493 Cum
1035 2451 1167 2491 Graeci
1187 2450 1370 2489 homines
1387 2478 1397 2493 ‚
1430 2445 1590 2500 spectati
1610 2444 1709 2487 viri,

391 2525 538 2563 ToM.
572 2523 646 2561 VI.
1372 2515 1409 2552 R
