2076 2860
437 188 513 240 308
790 190 866 228 lN
926 188 991 227 M.
1052 187 1482 227 ANTONIUM

436 292 571 333 onmia
591 292 818 344 perturbare
840 291 1045 344 cupienti,
1078 290 1232 329 causam
1263 291 1359 328 belli
1387 298 1524 328 contra
1543 289 1711 342 patriam
1731 289 1835 329 infe-

436 359 548 396 rendi
570 359 721 397 dedisti.
757 359 866 410 Qid
888 360 996 396 enim
1017 358 1131 396 aliud*
1146 359 1214 396 ille
1235 359 1417 396 dicebat?
1451 371 1570 411 quam
1592 357 1746 395 causam
1767 358 1836 395 de-

436 424 665 462 mentiffimi
693 423 751 461 sui
779 424 933 462 consilii
960 433 998 462 et
1024 423 1118 462 facti
1139 423 1350 469 afferebat,
1383 424 1453 461 nifi
1483 422 1592 475 quod
1617 423 1839 461 interceffio

436 490 631 541 neglecta‚
658 490 724 541 jus
757 490 1017 528 tribunitium
1048 490 1268 535 sublatum,
1301 489 1627 542 circumscriptus
1655 503 1676 527 a
1704 489 1839 527 senatu

434 556 526 596 effet
549 557 750 594 Antonius
771 558 784 594 ἓ
819 558 980 595 Omitto
1001 571 1122 609 quam
1142 555 1226 595 haec
1247 555 1354 601 falla,
1378 569 1498 608 quam
1517 555 1618 594 levia
1636 571 1644 593 :
1677 555 1838 609 praeser-

437 624 512 662 tim
545 638 639 662 cum
662 625 828 662 omnino
849 625 960 663 nulla
985 624 1098 663 causa
1118 624 1221 677 justa
1246 624 1436 676 cuiquam
1463 624 1534 662 effe
1562 623 1677 676 poffit
1703 633 1841 661 contra

433 691 603 742 patriam
623 704 730 729 arma
749 691 945 743 capiendi.
991 691 1064 729 Sed
1088 690 1192 728 nihil
1214 690 1260 728 de
1282 690 1428 728 Caesare
1447 705 1456 728 z
1489 690 1564 728 tibi
1585 699 1690 728 certe
1710 690 1838 728 confi-

436 756 605 794 tendum
625 756 704 801 est,
736 757 890 795 causam
910 756 1223 810 perniciosiffimi
1244 756 1340 794 belli
1362 757 1403 793 in
1424 755 1586 808 persona
1606 765 1672 793 tua
1691 755 1839 793 consti-

437 822 536 861 tiffe.
563 824 599 860 O
618 823 806 861 miserum
828 833 879 869 te,
903 824 929 861 fi
951 823 1145 876 intelligis
1166 823 1172 860 !
1197 822 1455 867 miseriorem,
1478 822 1505 860 fi
1527 835 1606 859 non
1628 821 1838 874 intelligis,

437 887 516 926 hoc
537 888 662 926 literis
683 889 875 934 mandari,
907 888 985 927 hoc
1006 890 1206 927 memoriae
1226 889 1358 941 prodi,
1388 887 1508 940 hujus
1530 888 1585 926 rei
1605 901 1654 925 ne
1674 887 1839 941 posteri-

437 964 560 993 tatem
582 955 746 1007 quidem
767 957 951 994 omnium
971 956 1194 994 seculorum
1219 969 1396 1008 unquam
1422 956 1702 993 immemorem
1727 954 1839 1000 fore,

437 1021 618 1060 consules
640 1036 688 1060 ex
709 1023 824 1061 Italia
843 1024 1017 1062 excuffos
1033 1053 1045 1069 ,
1077 1037 1250 1075 cumque
1277 1023 1340 1061 his
1370 1024 1448 1061 Cn.
1473 1022 1711 1075 Pompeium
1727 1051 1738 1067 ,
1769 1022 1841 1074 qui

437 1089 596 1142 imperii
615 1090 757 1143 populi
779 1091 952 1129 Romani
969 1090 1088 1128 decus
1104 1104 1147 1128 ac
1168 1090 1305 1128 lumen
1326 1089 1425 1134 fuit;
1449 1103 1586 1127 omnes
1603 1088 1841 1134 consulares,

436 1156 509 1207 qui
529 1168 598 1207 per
614 1155 881 1194 valetudinem
897 1156 1058 1208 exsequi
1074 1155 1226 1194 cladem
1242 1156 1354 1194 illam
1370 1154 1588 1208 fugamque
1604 1153 1838 1207 potuissent,-

437 1231 637 1274 praetores,
665 1222 884 1274 praetorios‚
913 1222 1095 1260 tribunos
1117 1222 1260 1275 plebis,
1290 1235 1476 1274 magnam
1495 1230 1649 1274 partem
1669 1221 1839 1266 senatus,

438 1301 602 1327 omnem
630 1287 807 1326 sobolem
832 1289 1083 1341 juventutis,
1117 1302 1276 1341 unoque
1303 1288 1423 1325 verbo
1450 1287 1742 1340 rempublicam
1769 1301 1840 1326 ex—

437 1355 607 1409 pulsam,
639 1364 757 1407 atque
777 1355 1081 1393 exterminatam
1104 1354 1180 1392 suis
1203 1354 1384 1392 sedibus!

497 1423 556 1460 Ut
587 1422 711 1474 igitur
742 1421 784 1459 in
812 1421 1029 1460 seminibus
1061 1421 1115 1459 est
1142 1421 1253 1459 causa
1273 1421 1460 1459 arborum
1480 1428 1519 1458 et
1549 1420 1758 1473 stirpium,
1789 1420 1842 1459 fic

438 1487 559 1541 hujus
581 1487 851 1526 luctuosissimi
873 1488 969 1525 belli
992 1487 1121 1526 semen
1144 1497 1187 1526 tu
1208 1487 1332 1526 fuisti.
1366 1486 1524 1540 Doletis
1546 1495 1623 1524 tres
1644 1487 1842 1524 exercitus

439 1555 579 1608 populi
612 1555 785 1592 Romani
818 1553 1045 1592 interfectos
1065 1570 1074 1593 :
1107 1553 1309 1593 interfecit
1340 1554 1559 1592 Antonius.
1602 1552 1840 1592 Defideratis

435 1620 667 1660 clariffimos
688 1621 792 1659 cives
810 1636 818 1659 ε
843 1635 907 1659 eos
929 1634 1089 1674 quoque
1108 1621 1256 1674 eripuit
1275 1620 1387 1659 vobis
1409 1619 1628 1658 Antonius.
1650 1619 1841 1658 Auctori-

438 1698 495 1726 tas
517 1685 637 1740 hujus
654 1686 803 1725 ordinis
825 1686 967 1725 afflicta
982 1687 1055 1725 est:
1080 1686 1224 1725 afflixit
1244 1685 1462 1724 Antonius.
1488 1685 1639 1723 Omnia
1654 1684 1841 1738 denique,

437 1767 526 1806 quae
546 1753 677 1805 postea
695 1753 885 1798 vidimus,
921 1753 1038 1806 (quid
1059 1763 1192 1791 autem
1213 1753 1308 1791 mali
1330 1767 1410 1791 non
1432 1752 1605 1791 vidimus
1625 1751 1659 1802 ?)
1693 1751 1720 1790 fi
1741 1752 1843 1790 reite

439 1818 790 1863 rafiocinaffimur,
824 1820 894 1856 uni
927 1828 1087 1871 accepta
1118 1818 1330 1857 referemus
1364 1818 1559 1856 Antonio.
1598 1818 1656 1856 Ut
1687 1817 1846 1856 Helena

441 1885 644 1936 TrojaniS,
675 1884 726 1921 fic
748 1884 816 1921 iste
837 1883 932 1922 huic
954 1884 1198 1936 reipublicae,
1231 1883 1342 1921 causa
1362 1883 1475 1928 belli,
1509 1881 1621 1920 causa
1641 1882 1756 1935 pestis
1778 1891 1840 1920 at-

440 1964 518 2003 que
549 1950 663 1988 exitii
692 1948 786 1989 fuit.
831 1950 1012 2003 Reliquae
1032 1946 1169 2003 ⁴partes
1198 1950 1422 1988 tribunatus
1445 1949 1642 2002 principio
1663 1948 1808 1987 similes
1826 1964 1838 1987 :

438 2017 576 2057 omnia
596 2015 762 2069 perfecit
778 2047 787 2061 ,
820 2031 906 2070 quae
927 2017 1080 2055 senatus
1095 2046 1107 2062 ,
1139 2016 1240 2055 salva
1259 2016 1462 2069 republica
1483 2029 1531 2054 ne
1552 2015 1637 2054 fieri
1661 2015 1813 2068 possent
1827 2045 1838 2062 ,

441 2082 670 2135 perfecerat.
704 2084 830 2134 Cujus
853 2092 984 2121 tamen
1006 2082 1130 2122 scelus
1152 2084 1192 2121 in
1215 2083 1363 2134 scelere⁸
1377 2082 1617 2135 cognoscite.

496 2149 658 2188 XXIII.
691 2148 938 2187 Restituebat
959 2149 1109 2187 multos
1131 2148 1401 2187 calamitosos:
1434 2149 1475 2186 in
1497 2147 1559 2186 his
1580 2148 1711 2201 patrui
1732 2146 1843 2185 nulla

440 2215 608 2254 mentio.
642 2215 681 2253 Si
702 2215 879 2260 severum
903 2230 973 2254 cur
994 2229 1073 2254 non
1096 2216 1136 2254 in
1158 2229 1295 2254 omnes
1313 2217 1325 2253 ?
1348 2215 1376 2253 fi
1397 2215 1616 2253 misericors
1633 2233 1646 2260 ;
1669 2228 1740 2253 cur
1759 2227 1841 2252 non

439 2282 482 2319 in
504 2282 591 2319 suos
611 2282 624 2319 ?
667 2281 740 2319 Sed
761 2284 905 2320 omitto
927 2291 1101 2320 caeteros.
1146 2283 1353 2321 Licinium
1375 2282 1635 2320 Denticulam
1649 2310 1662 2327 ‚
1693 2280 1741 2318 de
1761 2280 1842 2320 alea

439 2348 773 2394 condemnatum,
805 2349 1043 2388 collusorem
1064 2349 1178 2387 suum
1192 2379 1203 2395 ,
1236 2349 1405 2387 restituit
1424 2364 1433 2387 ε
1467 2349 1573 2402 quasi
1594 2361 1686 2387 vero
1706 2346 1841 2386 ludere

440 2428 534 2452 cum
555 2414 819 2454 condemnato
840 2430 921 2454 non
951 2416 1114 2454 liceret:
1149 2415 1211 2454 sed
1234 2425 1300 2461 ut,
1333 2415 1440 2468 quod
1473 2416 1542 2454 ille
1568 2416 1610 2454 in
1639 2415 1720 2453 alea
1749 2426 1838 2465 per-

439 2480 613 2527 diderat,
645 2481 840 2521 beneficio
871 2482 969 2535 legis
1001 2481 1237 2523 dissolveret.
1282 2484 1416 2535 Qam
1447 2482 1614 2522 attulisti
1646 2479 1839 2519 rationem
