2076 2860
453 240 534 281 430
807 221 885 260 IN
943 220 1013 259 Μ.
1075 220 1502 260 ANTONIUM

453 337 626 385 repente,
649 326 753 381 pacis
775 325 828 363 est
848 325 948 363 facta
968 324 1149 362 mentio?
1183 324 1315 377 Negat
1337 324 1425 363 Piso
1447 324 1482 363 se
1504 323 1613 370 scire,
1644 333 1759 378 negat
1778 339 1850 365 au-

453 396 545 435 diffe
566 393 786 448 quidquam
805 406 813 429 :
839 400 954 443 negat
977 390 1147 428 Calenus
1170 404 1253 428 rem
1273 391 1397 428 ullam
1419 404 1560 429 novam
1581 391 1740 429 allatam
1760 392 1847 432 effe.

450 464 586 514 Atque
607 460 647 498 id
668 472 774 497 nunc
796 465 955 510 negant,
987 456 1239 509 posteaquam
1270 469 1340 494 nos
1367 456 1632 508 pacificatoria
1652 458 1851 510 legatione

451 528 677 580 implicatos
699 533 855 578 putant.
900 522 1011 574 Qid
1040 535 1133 574 ergo
1163 535 1261 575 opus
1282 521 1337 559 est
1367 535 1469 560 novo
1490 523 1667 568 confilio,
1699 524 1726 561 fi
1747 524 1789 562 in
1810 537 1850 562 re

449 593 552 633 nihil
574 592 741 631 omnino
763 590 855 628 novi
875 589 928 626 est
947 590 959 626 ?

507 661 563 698 ΙΙ.
597 657 789 710 Decepti,
821 654 998 707 decepti,
1034 654 1213 706 inquam,
1251 653 1401 699 sumus,
1437 654 1570 692 Patres
1604 654 1847 708 conscripti:

450 725 621 765 Antonii
641 723 694 761 est
715 723 796 760 aeta
816 721 928 759 causa
947 720 994 757 ab
1016 720 1154 757 amicis
1176 720 1274 772 ejus,
1298 733 1376 757 non
1399 720 1573 772 publica.
1598 720 1720 772 Qod
1740 720 1851 759 vide-

451 792 542 830 bam
568 789 768 842 equidem,
800 786 864 825 sed
897 786 1002 839 quafi
1035 799 1102 837 per
1134 785 1374 837 caliginem:
1408 785 1694 838 praestrinxerat
1722 786 1849 825 aciem

448 858 572 896 animi
594 857 648 895 D.
666 854 779 893 Bruti
801 853 914 891 salus.
940 851 1061 903 Qod
1082 851 1108 889 fi
1129 852 1171 889 in
1193 851 1298 890 bello
1320 851 1402 889 dari
1422 852 1557 890 vicarii
1579 852 1772 898 solerent;
1794 852 1849 891 li-

449 924 588 961 benter
609 935 687 966 me,
715 930 759 958 ut
781 921 835 958 D.
861 920 1006 957 Brutus
1027 917 1288 962 emitteretur,
1322 931 1392 969 pro
1413 918 1484 956 illo
1505 918 1659 956 includi
1680 927 1846 970 paterer.

448 991 583 1041 Atque
603 987 676 1026 hac
698 999 793 1024 voce
815 983 1001 1036 QFufii
1028 983 1134 1035 capti
1164 983 1326 1021 sumus:
1361 984 1425 1021 Ne
1455 984 1482 1021 fi
1511 997 1533 1021 a
1559 981 1725 1022 Mutina
1752 984 1846 1036 qui-

447 1056 538 1095 dem
563 1052 770 1096 recefferit,
801 1050 1006 1089 audiamus
1039 1049 1267 1088 Antonium
1285 1050 1298 1086 ?
1330 1062 1379 1086 ne
1400 1049 1427 1086 fi
1448 1049 1490 1087 in
1511 1049 1664 1088 senatus
1685 1049 1848 1102 quidem

446 1121 679 1175 potestatem
698 1118 884 1156 futurum
904 1115 940 1154 se
961 1115 1132 1153 dixerit?
1155 1115 1316 1153 Durum
1336 1114 1556 1154 videbatur.
1580 1116 1719 1168 Itaque
1733 1114 1848 1154 fracti

446 1189 606 1232 sumus;
637 1185 834 1224 ceffimus.
865 1181 1034 1221 Recedit
1054 1181 1178 1233 igitur
1197 1195 1219 1219 a
1236 1180 1427 1219 Mutina?
1459 1182 1620 1220 Nescio.
1655 1182 1768 1220 Paret
1788 1182 1848 1221 se-

447 1254 557 1293 natui
576 1255 590 1291 ?
623 1251 768 1296 Credo,
800 1250 935 1301 inquit
956 1248 1128 1286 Calenus
1145 1265 1158 1291 ;
1190 1246 1255 1284 sed
1274 1247 1343 1291 ita,
1375 1255 1420 1284 ut
1441 1256 1570 1285 teneat
1591 1247 1844 1299 dignitatern.

447 1320 573 1358 Valde
606 1317 769 1357 hercule
803 1315 915 1354 vobis
941 1312 1212 1357 ,laborandum
1243 1311 1324 1357 est,
1363 1312 1496 1351 Patres
1529 1312 1770 1366 conscripti,
1801 1322 1849 1353 ut

444 1386 609 1425 vestram
631 1384 868 1437 dignitatem
888 1380 1096 1425 amittatis,
1127 1392 1213 1432 quae
1233 1378 1408 1417 maxima
1427 1378 1480 1417 est
1495 1398 1508 1424 ;
1542 1379 1726 1425 Antonii,
1758 1393 1847 1432 quae

445 1467 575 1506 neque
606 1451 659 1490 est
692 1450 786 1494 ulla,
819 1461 947 1501 neque
978 1446 1050 1485 effe
1081 1445 1222 1499 potest,
1254 1446 1482 1484 retineatis:
1515 1455 1560 1484 ut
1580 1459 1665 1484 eam
1686 1459 1756 1498 per
1773 1460 1844 1485 vos

444 1526 663 1571 recuperet,
695 1528 815 1568 quam
841 1527 910 1567 per
942 1512 979 1551 se
1007 1511 1193 1566 perdidit.
1239 1511 1279 1548 Si
1301 1512 1437 1563 jacens
1465 1510 1672 1549 vobiscum
1692 1511 1845 1564 aliquid

442 1594 588 1638 ageret,
618 1583 794 1621 audirem
815 1579 969 1619 fortasse
987 1594 997 1617 2
1031 1591 1259 1631 quanquam
1278 1608 1286 1616 .
1309 1608 1317 1617 .
1340 1608 1349 1617 .
1373 1577 1437 1616 sed
1457 1577 1534 1616 hoc
1555 1577 1661 1615 malo
1682 1576 1812 1616 dicere
1830 1593 1843 1617 z

443 1652 635 1691 audirem.
668 1648 796 1688 stanti
816 1646 1070 1686 refistendum
1090 1645 1158 1690 est,
1180 1654 1248 1683 aut
1267 1644 1519 1684 concedenda
1538 1658 1617 1684 una
1636 1658 1732 1683 cum
1752 1643 1845 1698 dig-

443 1720 566 1757 nitate
585 1716 762 1755 libertas.

499 1785 556 1822 At
587 1796 667 1821 non
699 1781 753 1819 est
785 1781 1014 1833 integrum:
1047 1778 1260 1818 constituta
1291 1778 1436 1830 legatio
1460 1777 1531 1816 est.
1575 1777 1689 1829 Qidr
1711 1785 1844 1816 autem

444 1852 647 1902 integrum
664 1861 743 1885 non
759 1846 813 1884 est
833 1845 1012 1898 sapienti,
1030 1844 1139 1896 quod
1156 1844 1304 1882 restitui
1325 1844 1478 1896 potest?
1502 1843 1687 1895 Cujusvis
1702 1842 1840 1881 homi-

445 1917 505 1955 nis
527 1916 580 1954 est
609 1927 760 1958 errare;
794 1911 959 1956 nullius,
993 1911 1063 1951 nisi
1093 1910 1327 1962 infipientis,
1359 1910 1401 1947 in
1431 1923 1557 1947 errore
1586 1909 1840 1962 perseverare.

444 1981 678 2021 Posteriores
699 1979 807 2017 enim
828 1977 1103 2030 cogitationes,
1122 1985 1166 2014 ut
1186 1976 1312 2018 aiunt,
1334 1975 1584 2029 sapientiores
1607 1975 1732 2013 solent
1752 1975 1840 2014 effe.

446 2046 624 2087 Discuffa
641 2046 696 2084 est
716 2045 784 2083 illa
803 2044 946 2095 caligo,
979 2056 1098 2096 quam
1125 2041 1244 2094 paulo
1264 2050 1353 2079 ante
1380 2041 1462 2080 dixi
1482 2057 1490 2079 z
1524 2041 1685 2085 diluxit,
1717 2049 1839 2094 patet,

442 2115 624 2153 videmus
645 2112 792 2157 omnia,
825 2123 952 2163 neque
973 2123 1042 2162 per
1062 2122 1131 2147 nos
1154 2108 1297 2153 solum,
1329 2107 1393 2146 sed
1421 2107 1680 2146 admonemur
1709 2121 1729 2145 a
1749 2108 1842 2146 nos-

443 2181 529 2219 tris.
553 2177 788 2217 Attendistis
811 2176 929 2230 paulo
949 2184 1052 2220 ante,
1071 2174 1369 2227 praestantiffimi
1388 2174 1462 2212 viri
1484 2188 1570 2227 quae
1585 2173 1676 2211 esset
1697 2174 1837 2212 oratio.

444 2246 646 2291 Mcestam,
677 2243 825 2296 inquit,
858 2242 1023 2280 domum
1048 2240 1212 2286 offendi,
1243 2242 1471 2293 conjugem,
1503 2240 1676 2278 liberos:
1709 2239 1839 2278 admi-

443 2313 630 2352 rabantur
658 2310 755 2349 boni
783 2308 873 2354 viri,
904 2307 1137 2346 accusabant
1166 2307 1298 2352 amici,
1330 2307 1437 2359 quod
1459 2307 1523 2360 spe
1543 2306 1649 2359 pacis
1670 2305 1839 2358 legatio-

444 2393 537 2419 nem
568 2376 827 2430 suscepissem.
870 2376 958 2415 Nec
990 2375 1153 2418 mirum,
1188 2374 1232 2411 P.
1258 2374 1423 2413 Servili:
1457 2373 1536 2411 tuis
1560 2373 1668 2411 enim
1688 2371 1836 2410 veriffi-

444 2446 521 2485 mis
541 2443 850 2498 gravissimisque
871 2441 1089 2485 sententiis,
1120 2440 1231 2478 omni
1252 2439 1306 2478 est
1326 2453 1406 2478 non
1427 2439 1516 2479 dico
1537 2439 1743 2491 dignitate,
1775 2435 1839 2475 sed

443 2513 564 2553 etiam
586 2512 651 2565 spe
671 2510 820 2557 salutis,
852 2508 1039 2562 spoliatus
1062 2507 1277 2546 Antonius.
