2076 2860
668 123 1242 167 PHILIPPICA
1320 121 1437 160 X111.
1672 131 1750 170 453

418 236 509 275 XV.
534 233 656 272 Nunc
675 231 825 283 reliqua
839 228 1044 266 attendite.
1070 226 1210 265 ViHum
1225 223 1425 263 Ciceronem
1439 220 1557 260 ducem
1572 219 1685 258 habui
1710 220 1752 257 is.

361 305 422 341 Eo
443 301 632 340 libentius
655 298 797 336 ducem
818 296 948 340 audio,
981 293 1089 346 quod
1110 301 1213 329 certe
1234 291 1302 329 ille
1323 290 1421 327 dicit
1442 289 1605 327 invitus.
1648 287 1759 325 Nam

361 369 408 407 de
429 369 531 406 vieto
554 365 655 403 nihil
677 364 827 402 laboro.
873 362 1017 400 Fatum
1047 360 1155 398 enim
1185 371 1320 396 meum
1350 356 1417 401 est,
1451 355 1528 393 fine
1555 353 1760 406 republica

363 448 434 472 nec
468 433 573 472 vinci
606 431 722 484 posse,
756 443 825 467 nec
859 429 1028 465 vincere.
1075 424 1322 464 Macedoniam
1353 421 1499 460 munitis
1533 418 1758 458 exercitibus.

363 502 417 539 Et
439 499 602 552 quidem
622 496 731 534 fratri
755 506 838 539 tuo,
871 494 940 547 qui
961 507 982 531 a
1002 492 1113 530 vobis
1135 490 1237 528 nihil
1260 489 1480 541 degenerat,
1509 485 1758 525 extorsimus.

363 566 535 619 Afi‘icam
555 561 756 614 commifistis
792 563 888 599 Varo
916 559 969 597 bis
998 567 1114 610 capto.
1162 557 1244 594 Hic
1266 568 1360 593 cum
1383 555 1432 592 C.
1455 551 1573 590 fratre
1593 561 1706 605 putat
1728 550 1765 587 se

365 633 532 685 litigare.
581 631 627 668 In
663 628 803 681 ,Syriam
840 625 991 678 Caffi'um
1024 623 1166 678 mffistis.
1214 623 1311 661 Non
1346 621 1470 672 igitur
1503 618 1637 663 sentis,
1668 616 1764 655 huic

367 698 487 736 causae
509 696 645 735 orbem
668 704 776 732 terrae
797 705 948 745 parere3
974 701 1025 736 te,
1043 700 1152 727 extra
1172 687 1415 726 munitiones
1438 695 1537 729 tuas,
1555 682 1766 734 vestigium

369 764 440 802 ubi
460 763 665 815 imprimas
687 773 765 798 non
794 758 936 796 habere
955 758 968 794 ?
1002 756 1149 808 Cascam
1178 752 1406 792 tribunatum
1429 764 1555 803 gerere
1566 748 1662 802 pqffi
1677 747 1764 800 estis.

369 829 481 882 Qid
501 842 594 880 ergo
613 829 625 865 ?
659 836 703 864 ut
723 825 961 868 Marullum,
995 832 1038 860 ut
1060 821 1287 864 Caesetium,
1319 832 1340 855 a
1360 816 1564 870 republica
1588 827 1767 853 remove-

370 909 501 935 remus
537 908 644 939 eum,
676 906 745 946 per
779 905 914 943 quem,
948 901 991 928 ut
1027 901 1153 940 neque
1186 886 1294 924 idem
1323 884 1401 922 hoc
1433 881 1608 936 posthac,
1641 893 1770 933 neque

371 963 499 1002 multa
518 959 747 1013 hujusmodi
768 957 942 995 accidere
963 955 1128 1009 poffent,
1151 952 1353 992 consecuti
1374 950 1508 989 sumus
1527 950 1539 986 ?
1573 947 1772 1000 Vec‘ligalia

371 1029 532 1083 Juliana
552 1025 731 1078 Lupercis
750 1023 934 1075 ademistis.
967 1024 1243 1074 Lupercorum
1272 1017 1518 1057 mentionem
1548 1014 1674 1052 facere
1701 1027 1773 1051 au-

373 1096 471 1134 det?
504 1107 632 1146 neque
651 1092 761 1130 illius
790 1090 868 1128 diei
897 1088 1132 1127 memoriam
1162 1084 1436 1139 perhorrescit,
1469 1096 1549 1135 quo
1569 1081 1681 1120 ausus
1703 1080 1773 1126 est,

373 1162 540 1201 obrutus
561 1159 673 1204 vino,
701 1156 915 1209 unguentis
946 1154 1112 1199 oblitus,
1144 1151 1289 1196 nudus,
1321 1157 1548 1202 gementem
1576 1147 1774 1200 populum

378 1229 609 1267 Romanum
632 1223 680 1261 ad
709 1222 937 1260 servitutem
966 1219 1196 1258 cohortari?
1230 1219 1488 1256 Veteranorum
1519 1214 1685 1258 colonias,
1714 1212 1776 1251 de-

378 1294 503 1333 duc‘tas
521 1293 594 1344 lege
610 1298 645 1329 et
650 1287 993 1343 senatus-cotgfitlto,
1001 1283 1202 1339 ficstulistis.
1233 1283 1321 1322 Nos
1342 1282 1587 1325 sustulimus,
1607 1293 1655 1318 an
1677 1293 1779 1318 con-

381 1372 440 1400 tra
469 1360 556 1412 lege
587 1356 762 1396 comitiis
796 1354 1024 1393 centuriatis
1058 1352 1135 1390 lata
1167 1350 1399 1388 sanximus?
1430 1347 1535 1394 vide,
1567 1360 1615 1384 ne
1644 1355 1687 1384 tu
1707 1359 1776 1384 ve-

382 1438 551 1471 teranos,
585 1434 715 1462 tamen
735 1436 815 1467 eos,
847 1421 917 1474 qui
937 1428 1047 1458 erant
1067 1417 1226 1471 perditi,
1259 1415 1502 1469 perdideris;
1535 1414 1576 1452 in
1607 1426 1778 1465 eumque

382 1495 518 1533 locum
541 1489 764 1533 deduxeris,
797 1502 843 1526 ex
866 1500 945 1539 quo
967 1485 1037 1537 ipfi
1054 1486 1137 1536 jam
1158 1482 1333 1520 sentiunt
1363 1480 1399 1519 se
1420 1493 1625 1532 nunquam
1645 1479 1780 1516 exitu-

384 1574 462 1599 ros.
526 1554 794 1608 Mcgfflliefflbus
810 1553 899 1605 jure
928 1551 1009 1590 belli
1038 1549 1202 1602 adempta
1238 1546 1439 1586 reddituros
1468 1559 1531 1583 vos
1553 1530 1778 1597 pellicemini.

386 1624 506 1665 Nihil
528 1623 684 1676 disputo
705 1621 751 1658 de
767 1622 856 1672 jure
878 1618 997 1657 belli:
1031 1617 1154 1668 magis
1177 1614 1306 1653 facilis
1328 1612 1541 1665 disputatio
1561 1611 1629 1656 est,
1662 1623 1785 1663 quam

388 1690 604 1730 necessaria.
639 1687 744 1726 Illud
766 1695 895 1724 tamen
919 1682 1232 1726 animadvertite,
1257 1680 1387 1717 Patres
1409 1676 1638 1729 conscripti,
1662 1689 1784 1728 quam

391 1758 436 1796 fit
456 1756 551 1795 huic
574 1753 801 1807 reipublicae
824 1760 936 1789 natus
965 1749 1085 1787 hostis
1114 1745 1331 1789 Antonius,
1364 1745 1433 1796 qui
1467 1752 1668 1794 tantopere
1698 1755 1784 1779 cam

390 1824 592 1862 civitatem
613 1821 753 1864 oderit,
781 1831 899 1871 quam
921 1816 993 1854 scit
1014 1814 1108 1853 huic
1130 1811 1358 1865 reipublicae
1380 1810 1531 1861 semper
1550 1807 1663 1846 fuisse
1683 1807 1789 1845 ami-

390 1890 595 1929 ciffimam.

446 1956 561 1994 XVI.
585 1953 769 1993 Neminem
787 1951 1053 2004 Pompeianum,
1070 1948 1134 2001 qui
1150 1948 1274 1990 vivat,
1293 1938 1501 1996 tenere-lege
1517 1942 1651 1981 Hirtia
1667 1940 1789 1994 digni-

392 2031 485 2061 tates
504 2021 523 2060 ?
555 2020 653 2072 Qi,
685 2017 828 2071 quaeso,
855 2018 940 2069 jam
960 2016 1057 2068 legis
1080 2013 1225 2051 Hirtiae
1246 2012 1493 2050 mentionem
1514 2008 1610 2046 facit
1630 2009 1643 2045 ?
1675 2007 1789 2059 cujus

394 2101 475 2126 non
497 2088 628 2125 minus
650 2084 817 2122 arbitror
844 2082 1009 2120 latorem
1037 2079 1183 2133 ipsum,
1214 2091 1334 2131 quarn
1360 2089 1441 2121 eos,
1473 2075 1520 2113 de
1547 2074 1693 2127 quibus
1715 2073 1793 2110 lata

396 2153 463 2198 est,
496 2150 718 2205 poenitere?
753 2149 948 2192 Omnino,
980 2159 1066 2185 mea
1098 2144 1260 2198 quidem
1292 2142 1497 2186 sententia,
1528 2140 1659 2192 legem
1679 2138 1792 2176 illam

398 2218 591 2271 appellare
613 2215 669 2253 fas
692 2228 770 2252 non
792 2213 872 2252 est:
905 2222 958 2259 et,
991 2221 1034 2251 ut
1055 2212 1100 2250 s1t
1120 2211 1200 2256 lex,
1232 2223 1312 2248 non
1334 2208 1522 2247 debemus
1551 2205 1662 2244 illam
1690 2204 1792 2242 Hir-

400 2287 447 2324 tii
478 2285 608 2336 legem
634 2291 785 2335 putare.
829 2281 1033 2334 Apuleiana
1046 2278 1198 2332 pecunia
1218 2278 1380 2316 Brutum
1386 2272 1621 2328 fhbornastis.
1667 2270 1791 2322 Qid,

402 2352 426 2389 si
448 2349 635 2388 omnibus
658 2347 734 2385 suis
756 2347 880 2400 copiis
902 2345 1163 2384 excellentem
1189 2343 1319 2381 virum
1341 2339 1561 2393 respublica
1586 2335 1760 2374 armaffet
1779 2336 1792 2372 ?

401 2430 521 2470 quem
544 2414 702 2453 tandem
723 2413 874 2450 bonum
897 2411 1106 2464 poeniteret
1125 2411 1137 2447 ?
1172 2422 1242 2446 nec
1264 2408 1371 2445 enim
1394 2405 1471 2443 fine
1492 2402 1659 2456 pecunia
1682 2413 1794 2438 exer-

402 2485 530 2523 citum
549 2482 664 2526 alere,
697 2494 768 2519 nec
790 2479 867 2518 fine
887 2477 1063 2518 exercitu
1084 2475 1245 2516 fratrem
1272 2483 1387 2513 tuum
1414 2484 1563 2523 capere,
1595 2465 1798 2521 potuiffct.
