2076 2860
451 218 534 258 294
802 202 883 242 IN
940 200 1008 241 M.
1066 201 1498 243 ANTONIUM

450 321 502 345 ne
522 306 590 345 ille
611 303 773 358 quidem
793 317 858 342 me
878 311 923 341 ut
943 302 1203 342 consularem.
1250 303 1333 342 Etfi
1362 303 1431 342 ille
1459 303 1573 342 nullo
1599 303 1720 343 modo
1747 318 1847 346 con-

452 373 537 418 sul,
568 372 630 409 vel
658 369 765 423 quod
797 370 851 407 ita
876 369 1000 415 vivit,
1032 370 1093 408 vel
1115 369 1222 422 quod
1242 370 1297 408 ita
1316 370 1606 423 rempublicam
1625 372 1753 424 gerit,
1784 373 1847 413 vel

450 437 559 491 quod
580 437 634 474 ita
653 435 777 474 factus
798 435 852 473 est
872 435 1029 474 consul:
1053 449 1126 488 ego
1147 435 1225 473 fine
1241 435 1321 473 ulla
1337 437 1596 475 controversia
1615 438 1846 479 consularis.

508 505 566 541 Ut
593 503 716 555 igitur
743 502 1018 555 intelligeretis
1033 531 1044 547 ,
1077 502 1234 555 qualem
1259 502 1339 555 ipse
1360 503 1396 540 se
1416 503 1619 542 consulem
1640 505 1846 557 profitere-

451 579 530 614 tur,
562 569 711 621 objecit
742 567 844 607 mihi
876 568 1126 606 consulatum
1158 582 1308 607 meum.
1356 569 1439 621 Qi
1471 569 1696 608 consulatus
1727 571 1849 610 verbo

451 649 578 681 meus,
611 636 742 673 Patres
764 634 993 688 conscripti,
1023 649 1063 673 re
1082 635 1203 673 vester
1223 634 1300 673 fuit
1319 651 1327 673 :
1361 636 1458 687 quid
1478 637 1587 675 enim
1607 650 1680 689 ego
1700 637 1848 676 consti-

451 702 526 746 tui,
558 701 655 753 quid
675 701 782 754 geffi,
814 701 885 738 nisi
906 714 954 739 ex
974 700 1094 753 hujus
1115 700 1264 739 ordinis
1285 701 1464 746 confilio,
1495 702 1737 748 auctoritate,
1760 703 1848 742 sen-

450 769 575 806 tentia
593 768 607 805 ?
640 768 738 806 Haec
762 776 804 804 tu
825 766 948 805 homo
969 767 1134 819 sapiens,
1166 781 1245 805 non
1268 767 1394 805 solum
1416 767 1620 820 eloquens,
1642 769 1746 821 apud
1766 782 1847 814 eos,

450 847 624 886 quorum
646 833 808 871 confilio
829 833 1095 885 sapientiaque
1114 833 1218 886 gesta
1241 833 1330 871 sunt
1346 863 1357 879 ,
1388 834 1500 872 ausus
1529 848 1567 872 es
1595 835 1815 888 vituperare
1833 836 1847 873 ἒ

452 899 556 951 Qis
578 908 711 937 autem
732 912 868 937 meum
888 898 1136 937 consulatum
1152 928 1162 944 ,
1194 908 1332 951 praeter
1365 901 1410 938 P.
1435 900 1627 938 Clodium
1642 931 1653 946 ,
1685 902 1756 954 qui
1786 901 1848 939 vi-

451 975 662 1018 tuperaret,
695 965 878 1003 inventus
911 965 996 1003 est?
1028 967 1141 1018 cujus
1174 965 1337 1018 quidem
1369 967 1445 1004 tibi
1476 966 1619 1013 fatum,
1651 968 1765 1006 ficuti
1797 968 1848 1006 C.

452 1032 637 1077 Curioni,
669 1040 801 1069 manet
819 1046 828 1070 ε
861 1032 1051 1084 quoniam
1072 1031 1113 1069 id
1133 1031 1243 1070 domi
1265 1041 1339 1070 tuae
1360 1033 1427 1078 est,
1460 1033 1567 1086 quod
1586 1032 1665 1071 fuit
1685 1033 1850 1072 illorum

453 1099 611 1151 utrique
630 1097 762 1137 fatale.

509 1166 605 1204 Non
626 1165 755 1218 placet
776 1164 839 1203 M.
856 1163 1036 1202 Antonio
1056 1163 1280 1202 consulatus
1301 1178 1429 1203 meus.
1451 1166 1507 1203 At
1526 1166 1678 1219 placuit
1699 1167 1744 1205 P.
1762 1166 1851 1204 Ser-

451 1232 549 1270 vilio
564 1262 575 1277 ,
608 1241 652 1269 ut
681 1245 772 1269 eum
799 1231 976 1283 primum
998 1231 1202 1268 nominem
1224 1245 1270 1268 ex
1292 1231 1400 1268 illius
1423 1233 1611 1284 temporis
1631 1232 1850 1271 consulari-

454 1298 552 1344 bus,
585 1299 655 1351 qui
686 1298 867 1350 proxime
899 1306 1080 1335 mortuus
1113 1296 1192 1334 est:
1227 1297 1377 1349 placuit
1405 1299 1646 1349 QLutatio
1679 1298 1849 1344 Catulo,

452 1366 566 1417 cujus
589 1365 739 1417 semper
759 1365 799 1401 in
821 1363 894 1401 hac
916 1363 1119 1416 republica
1138 1363 1242 1400 vivet
1263 1364 1493 1402 auctoritas:
1524 1365 1675 1417 placuit
1695 1365 1851 1404 duobus

454 1431 637 1470 Lucullis
654 1460 664 1475 ‚
697 1430 762 1468 M.
787 1429 944 1474 Craffo,
977 1429 1299 1480 QHortenfio,
1333 1430 1381 1468 C.
1407 1431 1603 1476 Curioni;
1637 1432 1700 1470 Μ.
1725 1432 1851 1484 Lepi—

452 1498 530 1543 do,
564 1499 612 1535 C.
639 1496 796 1541 Pisoni,
829 1496 893 1534 M.
919 1495 1157 1541 Glabrioni,
1190 1496 1239 1534 L.
1263 1496 1473 1541 Volcatio,
1507 1498 1557 1536 C.
1587 1498 1759 1551 Figulo,
1792 1498 1848 1537 D.

453 1564 610 1608 Silano,
644 1564 693 1601 L.
718 1564 923 1607 Murenae,
955 1562 1024 1615 qui
1054 1571 1141 1600 tum
1171 1571 1279 1600 erant
1308 1562 1486 1601 consules
1514 1563 1730 1616 designati:
1762 1564 1851 1617 pla-

452 1630 537 1668 cuit
558 1629 679 1674 idem,
702 1629 810 1682 quod
830 1628 1116 1674 consularibus,
1139 1629 1204 1667 Μ.
1222 1629 1386 1674 Catoni3
1410 1630 1480 1682 qui
1501 1643 1593 1668 cum
1615 1630 1755 1676 multa,
1772 1630 1855 1668 vita

452 1696 643 1735 excedens
659 1726 670 1742 ‚
702 1696 902 1749 providit,
934 1704 1021 1734 tum
1042 1695 1150 1748 quod
1171 1704 1208 1733 te
1229 1695 1432 1734 consulem
1454 1709 1533 1734 non
1554 1696 1668 1735 vidit.
1712 1696 1851 1735 Maxi-

451 1775 517 1799 me
544 1775 637 1800 vero
665 1761 915 1799 consulatum
945 1775 1080 1798 meum
1109 1761 1187 1799 Cn.
1211 1761 1424 1813 Pompeius
1446 1761 1654 1814 probavit:
1687 1762 1773 1814 qui,
1806 1769 1851 1800 ut

453 1841 517 1866 me
536 1828 716 1880 primum
736 1827 926 1864 decedens
948 1840 995 1864 ex
1018 1826 1125 1877 Syria
1144 1825 1244 1863 vidit
1258 1855 1269 1870 ,
1301 1827 1535 1878 complexus
1556 1837 1595 1865 et
1622 1828 1822 1879 gratulans
1837 1855 1850 1872 ‚

452 1907 543 1931 meo
564 1892 757 1930 beneficio
777 1893 945 1945 patriam
966 1891 1001 1929 se
1021 1891 1197 1929 visurum
1222 1891 1294 1929 effe
1324 1891 1440 1930 dixit.
1486 1893 1558 1930 Sed
1589 1893 1686 1945 quid
1716 1893 1850 1945 fingu-

452 1959 513 1998 los
542 1960 846 1997 commemoro?
878 1946 1190 2010 frequentissimo
1221 1957 1368 1996 senatui
1398 1958 1449 1996 fic
1478 1959 1654 2011 placuit,
1688 1968 1731 1997 ut
1761 1959 1852 1998 esset

454 2039 588 2071 nemo,
617 2025 687 2078 qui
708 2023 810 2062 mihi
832 2038 927 2070 non,
951 2033 995 2062 ut
1015 2024 1182 2077 parenti,
1204 2024 1345 2076 gratias
1366 2033 1496 2076 ageret
1511 2043 1524 2070 ;
1556 2025 1626 2078 qui
1647 2039 1727 2063 non
1748 2024 1852 2064 mihi

453 2093 578 2130 vitam
599 2092 720 2137 suam,
738 2091 899 2136 liberos,
917 2090 1110 2136 fortunas,
1128 2091 1432 2143 rempublicam,
1455 2090 1614 2130 referret
1634 2101 1851 2145 acceptam.

511 2159 586 2196 VI.
621 2157 708 2203 Sed,
741 2158 929 2211 quoniam
950 2156 1046 2202 illis,
1078 2171 1177 2210 quos
1200 2157 1416 2202 nominavi,
1449 2166 1508 2196 tot
1528 2171 1570 2196 ac
1593 2158 1737 2196 talibus
1758 2158 1852 2197 viris

456 2224 676 2277 respublica
696 2224 830 2262 orbata
849 2223 902 2262 est
919 2243 931 2269 3
963 2224 1165 2262 veniamus
1187 2224 1233 2261 ad
1253 2224 1361 2262 vivos
1378 2253 1388 2269 ,
1420 2224 1491 2277 qui
1518 2224 1596 2262 duo
1617 2238 1637 2262 e
1657 2224 1852 2263 consulari

456 2304 621 2330 numero
643 2290 785 2343 reliqui
805 2289 909 2328 sunt.
943 2291 993 2328 L.
1013 2291 1146 2335 Cotta,
1167 2290 1227 2328 vir
1247 2289 1402 2328 summo
1423 2291 1598 2343 ingenio,
1622 2290 1852 2343 summaque

456 2357 689 2410 prudentia,
722 2357 836 2395 rebus
857 2357 905 2394 iis
926 2356 1040 2409 gestis
1055 2386 1067 2402 ,
1098 2369 1193 2408 quas
1216 2364 1259 2393 tu
1281 2356 1532 2408 reprehendis
1548 2387 1559 2403 ,
1592 2356 1850 2410 supplicatio-

457 2438 550 2462 nem
570 2424 743 2462 decrevit
762 2423 891 2462 verbis
911 2423 1179 2476 ampliffimi53
1201 2423 1316 2475 eique
1332 2423 1392 2461 illi
1414 2424 1499 2476 ipfi,
1517 2437 1616 2476 quos
1637 2423 1756 2462 modo
1777 2435 1850 2460 no-

458 2490 621 2538 minavi,
647 2490 883 2538 consulares,
904 2489 1132 2544 senatusque
1152 2491 1318 2529 cunetas
1339 2490 1503 2530 affensus
1524 2489 1577 2529 est
1595 2505 1603 2529 :
1637 2490 1706 2542 qui
1726 2487 1851 2527 honos
