2076 2860
473 221 544 274 158
940 217 1383 256 ORATIO

466 336 539 374 ego
561 332 647 360 tum
669 319 914 372 requirebam
933 334 941 357 :
975 318 1192 364 consulem,
1224 319 1402 372 inquam,
1434 332 1514 357 non
1539 318 1656 357 illum
1677 318 1855 371 quidem,

466 401 585 440 quem
606 387 647 424 in
668 385 743 423 hoc
764 385 924 422 animali
946 385 1119 423 invenire
1141 399 1220 423 non
1240 385 1401 438 poffem,
1431 386 1501 437 qui
1523 394 1671 423 tantam
1692 384 1855 437 reipub·

467 454 550 491 licae
567 452 718 490 causam
738 451 925 503 gravitate
941 460 979 489 et
995 451 1157 489 consilio
1175 451 1241 489 suo
1263 460 1456 496 tueretur;
1481 451 1544 489 sed
1560 452 1644 504 qui,
1669 460 1855 504 tanquam

466 528 627 555 truncus
655 526 772 569 atque
798 516 913 568 stipes
929 546 939 561 ,
972 517 998 554 fi
1019 517 1176 555 stetisset
1204 517 1322 555 modo
1338 546 1347 562 ,
1379 517 1501 570 poffet
1522 517 1704 555 sustinere
1724 526 1855 555 tamen

467 583 630 621 titulum
651 582 889 620 consulatus.
918 583 1024 619 Cum
1045 582 1153 620 enim
1172 582 1263 620 effet
1283 584 1412 620 omnis
1433 583 1543 620 causa
1563 582 1631 620 illa
1652 596 1738 620 mea
1757 595 1855 620 con-

465 648 613 693 sularis,
632 658 669 685 et
686 647 896 692 senatoria;
921 647 1068 685 auxilio
1085 646 1187 685 mihi
1208 661 1306 700 opus
1328 648 1454 686 fuerat
1474 658 1512 686 et
1533 647 1719 692 consulis,
1737 657 1776 685 et
1797 647 1854 685 se-

466 723 577 752 natus
598 729 605 752 :
637 727 807 766 quorum
828 714 994 751 alterum
1016 713 1135 750 etiam
1155 712 1200 750 ad
1221 714 1437 766 perniciem
1457 727 1585 751 meam
1606 723 1685 751 erat
1705 727 1726 750 a
1745 713 1856 752 vobis

465 779 691 817 consulibus
724 779 982 824 conversu1n3
1019 779 1186 816 alterum
1218 778 1446 831 reipublicae
1474 780 1630 831 penitus
1658 788 1852 831 ereptum.

466 848 525 884 Ac
547 855 690 890 tamen,
723 845 749 883 fi
777 845 985 883 confilium
1012 845 1186 897 exquiris
1214 858 1377 889 meum;
1411 858 1538 897 neque
1563 858 1636 896 ego
1656 844 1854 890 ceffiffem,

464 922 502 949 et
523 912 685 964 meipsa
705 912 772 949 suo
793 912 1005 963 complexu
1025 912 1149 963 patria
1170 910 1362 955 tenuisset,
1386 911 1412 948 sl
1434 910 1536 949 mihi
1555 924 1649 949 cum
1669 911 1740 949 illo
1763 911 1853 950 bus-

465 979 590 1015 tuario
610 978 837 1030 gladiatore,
868 987 906 1015 et
940 986 1087 1021 tecum,
1117 986 1156 1014 et
1177 990 1269 1014 cum
1290 976 1442 1029 collega
1463 986 1546 1021 tu0,
1577 976 1856 1015 decertandum

465 1042 607 1081 fuiffet.

519 1109 610 1146 Alia
630 1109 735 1147 enim
757 1109 867 1147 causa
887 1109 1183 1162 praestantiflimi
1206 1109 1292 1153 viri,
1316 1109 1567 1160 QMetelli‚
1599 1108 1702 1146 fuit:
1735 1121 1855 1160 quem

463 1189 535 1226 ego
556 1175 697 1219 civem,
716 1175 983 1227 meojudicio,
1002 1189 1094 1213 cum
1117 1176 1294 1213 Deorum
1316 1175 1603 1212 immortalium
1624 1173 1737 1211 laude
1757 1187 1855 1212 con-

457 1242 609 1292 jungo:
635 1241 701 1292 qui
727 1242 774 1278 C.
794 1241 854 1277 illi
876 1241 1021 1285 Mario,
1045 1240 1253 1278 fortiffimo
1274 1241 1371 1284 viro,
1394 1249 1432 1277 et
1453 1240 1619 1284 consuli,
1642 1249 1680 1277 et
1701 1239 1855 1277 sextum

463 1306 629 1350 consuli,
648 1315 685 1343 et
706 1307 788 1357 ejus
810 1307 965 1344 invictis
987 1306 1226 1358 legionibus,
1245 1319 1293 1343 ne
1308 1306 1426 1343 armis
1447 1305 1692 1357 confligeret,
1710 1304 1855 1342 ceden-

463 1371 559 1409 dum
587 1371 659 1409 effe
686 1372 814 1410 duxit.
848 1371 968 1423 Qod
990 1371 1090 1410 mihi
1120 1372 1244 1424 igitur
1264 1380 1461 1409 certamen
1482 1371 1572 1409 effet
1592 1370 1820 1423 hujusmodi
1839 1372 1853 1408 ?

462 1451 555 1475 cum
589 1439 637 1476 C.
662 1438 793 1476 Mario
824 1438 974 1476 scilicet
988 1467 999 1483 ,
1031 1447 1097 1475 aut
1117 1451 1211 1475 cum
1231 1437 1364 1490 aliquo
1385 1437 1493 1490 pari,
1524 1450 1572 1474 an
1593 1450 1687 1474 curn
1708 1437 1852 1482 altero,

463 1504 624 1542 barbaro
650 1505 862 1557 Epicureo,
893 1518 987 1542 cum
1014 1504 1149 1549 altero,
1183 1503 1364 1541 Catilinae
1392 1503 1630 1540 laternario?
1663 1516 1761 1555 quos
1783 1516 1853 1540 ne-

462 1584 538 1622 que
559 1570 719 1607 hercule
739 1584 812 1621 ego
826 1599 837 1615 ‚
870 1584 997 1622 neque
1018 1569 1272 1623 supercilium
1293 1578 1408 1607 tuum
1422 1598 1433 1614 ,
1465 1582 1592 1621 neque
1613 1568 1774 1620 collegae
1796 1568 1856 1607 tui

461 1636 641 1687 cymbala
661 1649 704 1673 ac
725 1635 884 1681 crotala,
916 1635 1031 1688 fugi:
1065 1649 1192 1688 neque
1214 1644 1293 1673 tarn
1321 1633 1381 1672 fui
1409 1634 1589 1679 timidus,
1621 1642 1680 1680 ut,
1712 1634 1781 1687 qui
1813 1634 1855 1672 in

462 1703 644 1739 maximis
668 1702 893 1739 turbinibus
910 1715 953 1739 ac
970 1701 1154 1740 fluctibus
1171 1700 1398 1754 reipublicae
1415 1713 1553 1739 navem
1568 1699 1853 1753 gubernassem,

463 1767 684 1818 salvamque
705 1768 745 1804 in
767 1776 884 1819 portu
905 1766 1151 1804 collocassem
1166 1795 1178 1811 ,
1209 1765 1352 1804 frontis
1375 1774 1450 1804 tuae
1471 1766 1709 1804 nubeculam
1724 1795 1735 1811 ‚
1768 1774 1855 1803 tum

461 1833 622 1884 collegae
645 1833 701 1870 tui
723 1832 1035 1870 contaminatum
1056 1832 1253 1883 spiritum,
1284 1831 1613 1883 pertimescerem.
1647 1831 1761 1870 Alios
1781 1844 1855 1883 ego

461 1897 543 1934 vidi
575 1906 737 1941 ventos,
769 1897 860 1934 alias
888 1896 1069 1949 prospexi
1096 1896 1229 1933 animo
1256 1896 1472 1947 procellas,
1504 1896 1590 1933 aliis
1618 1896 1851 1948 impenden-

465 1964 568 2000 tibus
593 1962 884 2015 tempestatibus
907 1975 985 1999 non
1006 1961 1092 1998 ceffi
1109 1991 1119 2006 ,
1151 1960 1215 1999 sed
1241 1959 1302 1998 his
1332 1973 1456 1998 unum
1484 1974 1548 1998 me
1574 1974 1645 2013 pro
1669 1962 1853 1999 omnium

463 2029 583 2066 salute
617 2028 761 2066 obtuli.
823 2029 959 2080 Itaque
998 2026 1158 2065 disceffu
1199 2036 1285 2064 tum
1325 2040 1413 2064 meo
1446 2039 1583 2064 omnes
1618 2026 1679 2064 illi
1714 2026 1853 2065 nefarii

461 2093 581 2145 gladii
610 2093 656 2131 de
683 2093 866 2131 manibus
894 2092 1165 2130 crudeliffimis
1191 2091 1450 2130 exciderunt:
1483 2105 1577 2130 cum
1598 2091 1760 2144 quidem
1782 2101 1823 2130 tu
1839 2122 1850 2138 ‚

464 2162 500 2197 O
522 2172 654 2197 vecors
675 2169 713 2197 et
734 2173 865 2197 amens
881 2188 891 2203 ,
923 2172 1016 2197 cum
1037 2171 1173 2196 omnes
1195 2158 1290 2195 boni
1317 2157 1439 2195 abditi
1468 2157 1686 2209 inclusique
1706 2171 1849 2196 moere-

462 2235 572 2269 rent,
607 2225 753 2277 templa
776 2234 977 2276 gemerent
992 2254 1002 2269 ,
1035 2227 1134 2262 tecta
1154 2223 1233 2276 ipsa
1253 2223 1361 2261 urbis
1382 2224 1562 2275 lugerent
1577 2253 1587 2269 ,
1619 2224 1851 2276 complexus

461 2306 499 2329 cs
523 2291 621 2329 illud
643 2290 841 2328 funestum
862 2290 1006 2328 animal
1027 2304 1074 2327 ex
1098 2288 1253 2327 nefariis
1275 2289 1416 2342 stupris
1432 2319 1442 2335 ‚
1475 2303 1521 2327 ex
1550 2289 1658 2327 civili
1685 2303 1849 2336 cruore,

460 2371 507 2394 ex
529 2357 712 2394 omnium
734 2356 922 2393 scelerum
942 2355 1256 2407 importunitate,
1278 2364 1315 2392 et
1337 2355 1578 2406 flagitiorum
1598 2355 1850 2407 impunitate,

460 2433 691 2460 concretum
709 2441 720 2467 ς
753 2432 869 2474 atque
889 2421 1027 2459 eodem
1048 2422 1087 2458 in
1110 2421 1259 2473 templo
1275 2450 1285 2465 ,
1316 2421 1454 2459 eodem
1475 2430 1513 2459 et
1534 2421 1612 2459 loci
1632 2420 1793 2472 vestigio
1812 2431 1851 2458 et

462 2490 665 2542 temporis,
689 2489 846 2526 arbitria
869 2501 946 2526 non
968 2488 1046 2527 mei
1068 2487 1209 2533 solum,
1229 2486 1291 2525 sed
1311 2487 1458 2540 patrioe,
1476 2486 1624 2526 funeris
1645 2485 1846 2533 abstulisti.
