2076 2860
672 151 1376 196 FRAGMENTA.
1649 149 1729 202 485

388 262 487 301 Haec
507 259 560 298 est
580 258 840 298 controverfia
859 256 1066 309 ejusmodi,
1098 264 1143 293 ut
1168 254 1270 293 mihi
1293 253 1477 292 tribunus
1501 251 1628 304 plebis
1651 253 1730 290 Cn.

332 326 556 370 Domitius,
595 325 739 363 Catulo
770 327 793 350 ἕ
826 323 890 361 M.
915 322 1129 374 Terpolius
1167 317 1552 372 contemptiffimum
1588 331 1736 356 nomen

333 395 506 448 ejestum
527 390 599 430 effe
619 405 667 430 ex
688 391 752 437 iis,
785 389 856 443 qui
877 388 1028 427 tribuni
1049 387 1176 440 plebis
1198 385 1374 425 fuerunt.

336 549 1736 573 ———..........-....-.-----—-—-—

499 675 608 720 IN
676 673 970 718 TOGA
1038 670 1579 723 CANDIDA,

370 830 631 867 CONTRA
679 826 727 864 C.
761 826 1105 863 ANTONIUM
1147 832 1186 860 et
1227 822 1276 860 L.
1313 821 1714 864 CATILINAM,

750 956 1338 986 COMPETITORES.

773 1071 951 1105 ΟΜΝῙΑ
980 1080 1038 1102 Ex
1065 1068 1313 1102 Aseomo.

400 1187 524 1231 Dico,
557 1185 688 1223 Patres
721 1182 951 1234 conscripti,
983 1183 1096 1221 nofte
1131 1179 1336 1235 cujusdam
1370 1176 1547 1217 hominis
1582 1177 1749 1223 nobilis,

343 1263 387 1293 et
417 1252 528 1292 valde
560 1251 601 1288 in
635 1249 714 1288 hoc
748 1248 970 1301 largitionis
1004 1246 1154 1300 quaestu
1189 1246 1275 1284 noti
1308 1254 1347 1282 et
1382 1244 1550 1296 cogniti,
1583 1244 1749 1283 domum

349 1320 568 1359 Catilinam
589 1326 627 1354 et
647 1316 874 1354 Antonium
895 1327 988 1351 cum
1011 1311 1270 1365 sequestribus
1292 1311 1369 1349 suis
1389 1309 1627 1350 conveniffe.

408 1386 542 1436 Qem
575 1382 683 1420 enim
717 1390 784 1419 aut
817 1380 995 1419 amicum
1029 1378 1173 1416 habere
1207 1376 1331 1429 potest
1366 1376 1414 1421 is,
1447 1376 1517 1428 qui
1553 1384 1613 1414 tot
1644 1375 1749 1413 cives

350 1449 564 1489 trucidavit
581 1466 592 1493 3
625 1456 691 1486 aut
718 1447 921 1490 clientem,
953 1444 1023 1496 qui
1055 1444 1096 1482 in
1128 1443 1194 1483 sua
1226 1442 1386 1483 civitate
1418 1455 1511 1480 cum
1544 1440 1754 1494 peregrino

350 1516 511 1568 negavit
530 1514 567 1552 se
580 1513 741 1567 judicio
760 1525 872 1565 aequo
893 1520 1040 1549 certare
1059 1508 1164 1562 posse
1183 1509 1195 1546 ?

410 1582 500 1621 Nec
533 1580 568 1619 se
594 1581 680 1631 jam
711 1588 799 1617 tum
829 1577 1024 1630 respexit,
1056 1589 1151 1616 cum
1181 1573 1411 1627 gravisfimis
1445 1572 1577 1612 vestris
1617 1572 1752 1610 decre·

356 1650 408 1687 tis
429 1646 563 1686 absens
586 1654 742 1684 notatus
763 1643 831 1682 est.

414 1714 461 1752 In
486 1712 650 1765 judiciis
683 1719 829 1764 quanta
859 1710 917 1748 vis
949 1708 1055 1752 effet,
1087 1706 1243 1751 didicit,
1276 1719 1369 1744 cum
1390 1704 1443 1742 est
1463 1704 1694 1742 absolutus:
1727 1703 1755 1747 fi

355 1788 425 1818 aut
445 1778 547 1817 illud
562 1777 778 1830 judicium,
812 1784 878 1814 aut
896 1775 967 1814 illa
987 1773 1181 1812 absolutio
1202 1770 1443 1812 nominanda
1461 1770 1529 1808 est.

415 1847 478 1883 Te
512 1853 657 1889 tamen,
697 1844 764 1895 Q
785 1842 918 1886 Muci,
951 1850 1032 1879 tam
1068 1839 1169 1878 male
1204 1839 1250 1877 de
1285 1837 1489 1890 republica
1521 1835 1757 1881 existimare,

359 1911 520 1952 moleste
552 1909 650 1954 fero,
683 1909 753 1962 qui
785 1907 965 1947 hesterno
997 1907 1059 1946 die
1092 1919 1155 1946 me
1176 1905 1248 1945 effe
1269 1905 1437 1957 dignum
1459 1902 1665 1942 consulatu
1685 1915 1757 1940 ne-

359 1978 492 2031 gabaS.
541 1976 683 2028 Qid?
716 1975 887 2028 populus
924 1975 1129 2012 Romanus
1164 1972 1298 2011 minus
1334 1970 1547 2022 diligenter
1580 1969 1653 2007 scit
1687 1967 1759 2006 fibi

359 2044 598 2084 constituere
626 2041 884 2086 defensorem,
916 2053 1037 2093 quam
1058 2049 1101 2077 tu
1124 2039 1230 2079 tibi?
1263 2038 1348 2090 qui,
1379 2050 1474 2076 cum
1506 2045 1544 2076 te
1574 2035 1674 2075 furti
1707 2035 1759 2075 L.

362 2110 536 2149 Calenus
577 2117 780 2161 argueret,
812 2121 876 2146 me
915 2106 1162 2159 potissimum
1200 2103 1453 2143 fortunarum
1491 2112 1649 2142 tuarum
1688 2115 1760 2154 pa-

362 2185 529 2214 tronum
556 2174 627 2212 effe
648 2172 819 2211 voluisti.
864 2173 932 2217 Et,
965 2173 1078 2224 cujus
1100 2179 1144 2208 tu
1164 2169 1373 2210 confilium
1393 2170 1435 2208 in
1457 2178 1524 2207 tua
1542 2166 1762 2219 turpiffima

364 2240 478 2280 causa
499 2239 689 2292 delegisti,
721 2238 829 2277 hunc
860 2237 1214 2276 honestissimarum
1246 2249 1377 2274 rerum
1410 2233 1653 2275 defensorem
1686 2245 1759 2284 po·-

365 2308 486 2361 pulus
509 2308 728 2350 Romanus,
760 2306 914 2343 austore
935 2315 987 2350 te,
1019 2303 1221 2357 repudiare
1251 2303 1404 2356 potest?
1437 2301 1525 2340 Nifi
1554 2299 1655 2339 forte
1683 2297 1762 2337 hoc

367 2374 544 2411 didimus
578 2386 631 2417 es,
663 2385 744 2424 quo
765 2379 941 2424 tempore
967 2385 988 2409 a
1015 2372 1064 2409 L.
1090 2370 1238 2408 Caleno
1259 2369 1357 2407 furti
1379 2368 1529 2406 delatus
1551 2366 1612 2411 fis,
1644 2373 1682 2404 te
1716 2376 1764 2404 eo

369 2450 549 2493 tempore
569 2440 609 2478 in
630 2453 693 2478 me
715 2438 789 2478 tibi
812 2451 950 2492 parum
970 2436 1109 2478 auxilii
1129 2435 1203 2476 effe
1222 2435 1370 2477 vidiffe.
