2076 2860
357 226 408 261 24
832 200 1275 241 ORATIO

358 310 595 363 Byzantium
616 302 865 344 condemnati
888 311 999 346 tum,
1032 314 1125 339 cum
1153 299 1372 338 indemnati
1401 298 1504 336 cives
1534 311 1554 335 e
1584 297 1742 335 civitate

356 378 625 431 ejiciebantur.

414 446 499 482 Rex
523 441 769 481 Ptolemaeus‚
793 436 862 488 qui
884 436 910 473 fi
932 434 1110 472 nondum
1131 442 1210 471 erat
1230 433 1310 486 ipse
1329 447 1351 470 a
1372 432 1504 470 senatu
1527 431 1651 469 socius
1673 444 1742 482 ap—

358 510 524 562 pellatus
538 536 549 551 ,
580 514 659 543 erat
681 513 810 541 tamen
832 500 950 538 frater
969 501 1051 552 ejus
1074 500 1174 551 regis
1190 529 1199 543 ,
1232 499 1301 551 qui
1322 512 1416 536 cum
1437 497 1527 536 esset
1549 498 1588 535 in
1610 495 1745 534 eadem

358 575 480 618 causa,
494 575 576 625 jam
593 580 671 609 erat
687 584 707 607 a
727 569 859 606 senatu
880 566 1072 604 honorem
1094 566 1210 603 istum
1231 565 1488 609 consecutus,
1508 573 1586 602 erat
1607 562 1746 601 eodem

358 654 511 693 genere,
537 638 754 688 iisdemque
774 633 1004 686 majoribus,
1027 632 1162 669 eadem
1182 631 1368 669 vetustate
1390 631 1607 675 societatis,
1632 629 1745 667 deni-

352 722 434 760 que
455 715 534 744 erat
555 718 635 748 rex,
668 703 693 740 fi
716 701 893 740 nondum
914 699 1054 743 socius,
1087 708 1124 736 at
1144 712 1224 735 non
1245 696 1392 743 hostis;
1425 706 1598 749 pacatus,
1632 696 1745 749 quie-

360 785 438 817 tus,
462 772 584 810 fretus
606 768 772 820 imperio
793 766 931 819 populi
953 764 1139 808 Romani,
1163 777 1283 815 regno
1306 772 1466 815 paterno
1487 771 1604 814 atque
1626 762 1745 804 avito,

361 838 480 890 regali
501 836 583 873 otio
605 832 889 887 perfruebatur.
922 831 985 868 De
1005 828 1096 873 hoc,
1129 828 1229 866 nihil
1252 829 1465 880 cogitante,
1497 826 1601 865 nihil
1622 826 1747 878 suspi-

361 913 487 947 cante,
519 901 663 939 eisdem
694 899 821 952 operis
854 896 1084 948 suffragium
1115 894 1349 938 ferentibus,
1385 893 1438 930 est
1470 903 1668 945 rogatum,
1705 901 1750 929 ut

363 971 495 1009 sedens
517 981 610 1006 cum
630 978 802 1018 purpura
821 972 859 1001 et
880 963 1046 1015 sceptro,
1077 970 1115 999 et
1143 961 1222 998 illis
1246 959 1462 1012 insignibus
1485 959 1618 1011 regiis,
1648 972 1748 1010 prae-

364 1037 454 1074 coni
476 1034 638 1088 publico
659 1031 941 1083 subjiceretur3
976 1038 1028 1073 et,
1053 1029 1268 1080 imperante
1289 1026 1438 1079 populo
1460 1027 1658 1069 Romano,
1681 1025 1752 1076 qui

364 1103 481 1140 etiam
504 1099 609 1138 bello
629 1098 741 1136 victis
763 1096 920 1148 regibus
943 1108 1059 1147 regna
1079 1092 1236 1131 reddere
1257 1092 1473 1137 consuevit,
1497 1105 1564 1129 rex
1584 1091 1751 1133 amicus,

365 1168 474 1206 nulla
494 1165 636 1218 injuria
655 1170 976 1205 commemorata,
1009 1160 1129 1198 nullis
1152 1159 1327 1211 repetitis
1349 1159 1479 1203 rebus,
1511 1171 1605 1196 curn
1637 1157 1751 1195 bonis

365 1232 551 1272 omnibus
572 1230 854 1283 publicaretur.

422 1297 598 1336 XXVII.
632 1294 766 1332 Multa
785 1292 934 1337 acerba,
958 1291 1084 1330 multa
1104 1290 1247 1343 turpia,
1271 1289 1398 1327 multa
1419 1288 1661 1332 turbulenta,
1680 1285 1752 1324 ha-

367 1365 455 1402 buit
477 1363 543 1401 ille
564 1374 687 1399 annus
706 1376 714 1398 :
743 1369 873 1397 tamen
894 1358 954 1396 illi
976 1356 1124 1401 sceleri,
1147 1356 1255 1408 quod
1275 1356 1316 1393 in
1338 1369 1400 1393 me
1423 1355 1585 1393 illorum
1606 1354 1754 1392 imma-

366 1431 467 1470 nitas
488 1429 625 1472 edidit,
643 1426 748 1464 haud
769 1426 846 1464 scio
867 1439 914 1462 an
936 1425 1035 1462 recte
1056 1422 1131 1461 hoc
1154 1423 1383 1475 proximum
1404 1421 1475 1459 effe
1497 1421 1640 1459 dicam.
1666 1421 1753 1457 An-

366 1496 548 1536 tiochum
571 1494 686 1532 illum
709 1493 906 1544 Magnum
928 1491 1092 1543 majores
1114 1489 1259 1534 nostri,
1292 1502 1433 1540 magna
1462 1488 1559 1525 belli
1588 1495 1755 1524 conten-

366 1564 474 1601 tione
496 1571 593 1599 terra
614 1559 790 1610 marique
810 1558 1049 1609 superatum,
1072 1556 1174 1593 intra
1193 1564 1373 1592 montem
1395 1555 1576 1592 Taurum
1598 1565 1758 1604 regnare

363 1628 581 1681 jusserunt:
616 1625 761 1668 Asiam,
785 1636 861 1675 qua
881 1623 998 1659 illum
1020 1622 1254 1664 multarunt,
1278 1620 1430 1664 Attalo,
1461 1628 1504 1656 ut
1525 1620 1557 1656 is
1580 1626 1759 1670 regnaret

370 1697 411 1732 in
432 1708 487 1738 ea,
511 1692 845 1730 condonaverunt.
870 1690 976 1727 Cum
998 1688 1283 1726 Armeniorum
1304 1699 1409 1738 rege,
1432 1685 1622 1738 Tigrane,
1645 1696 1761 1736 grave

371 1760 523 1797 bellum
546 1757 928 1809 perdiuturnumque
949 1753 1146 1805 geffimus,
1173 1766 1266 1790 cum
1288 1751 1370 1796 ille,
1394 1751 1550 1803 injuriis
1571 1751 1614 1788 in
1635 1749 1760 1788 socios

372 1825 519 1863 nostros
542 1821 769 1865 inferendis,
788 1819 894 1857 bello
914 1832 1036 1871 prope
1057 1831 1127 1855 nos
1148 1816 1358 1855 laceffifi'et.
1379 1816 1462 1854 Hic
1479 1824 1517 1853 et
1533 1815 1613 1868 ipse
1635 1829 1702 1867 per
1723 1815 1760 1852 se

374 1882 582 1929 vehemens
614 1887 705 1932 fuit,
738 1895 776 1924 et
805 1885 1041 1923 acerrimum
1072 1883 1223 1921 hostem
1252 1881 1372 1934 hujus
1403 1881 1562 1934 imperii
1589 1880 1760 1919 Mithri-

373 1958 502 1995 datem
522 1985 531 2000 ‚
570 1953 726 2007 pulsum
763 1953 891 1989 Ponto
908 1981 918 1995 ,
955 1950 1099 2002 opibus
1134 1949 1210 1987 suis
1246 1962 1446 2000 regnoque
1481 1946 1685 1992 defendit;
1723 1956 1762 1984 et

374 2038 394 2061 a
435 2021 606 2060 Lucullo
624 2050 634 2065 ,
677 2019 830 2056 summo
866 2018 948 2055 viro
980 2026 1097 2069 atque
1132 2016 1389 2067 imperatore,
1431 2013 1588 2066 pulsus,
1629 2013 1763 2050 animo

375 2098 505 2126 tamen
545 2085 678 2123 hostili
717 2097 810 2121 cum
850 2082 1012 2134 reliquis
1052 2081 1177 2133 copiis
1218 2080 1294 2118 suis
1334 2080 1375 2117 in
1425 2079 1585 2131 pristina
1630 2086 1764 2115 mente

375 2154 528 2193 mansit.
577 2153 698 2190 Hunc
735 2152 812 2188 Cn.
850 2148 1060 2201 Pompeius
1078 2177 1089 2192 ‚
1127 2160 1220 2185 cum
1254 2147 1294 2184 in
1331 2145 1408 2184 suis
1441 2145 1573 2183 castris
1609 2143 1762 2196 suppli-

375 2233 462 2258 cem
483 2219 760 2271 abjeffumque
780 2214 945 2259 vidisset,
976 2213 1114 2258 erexit,
1145 2221 1262 2265 atque
1284 2212 1432 2263 infigne
1454 2211 1622 2263 regium,
1656 2209 1764 2262 quod

377 2287 444 2324 ille
484 2285 530 2322 de
572 2284 636 2321 suo
676 2283 802 2335 capite
841 2282 1060 2333 abjecerat,
1098 2279 1269 2332 reposuit
1286 2308 1296 2324 ,
1333 2287 1371 2316 et
1390 2308 1400 2323 ,
1438 2277 1637 2330 imperatis
1678 2289 1763 2314 cer-

378 2353 427 2390 tis
462 2351 590 2395 rebus,
625 2362 782 2401 regnare
808 2347 945 2400 juffit3
981 2360 1052 2384 nec
1085 2346 1216 2383 minus
1248 2355 1286 2383 et
1320 2345 1390 2382 fibi
1422 2353 1461 2382 et
1481 2343 1575 2381 huic
1598 2342 1765 2395 imperio

378 2416 592 2470 gloriosum
627 2415 792 2467 putavit,
830 2413 1089 2452 constitutum
1120 2426 1141 2451 a
1172 2412 1208 2451 se
1240 2425 1387 2465 regem,
1424 2424 1544 2464 quam
1575 2408 1765 2449 constric-

379 2495 480 2530 tum,
511 2482 647 2521 videri.
