<?xml version="1.0" encoding="UTF-8"?>
<!DOCTYPE html PUBLIC "-//W3C//DTD XHTML 1.0 Transitional//EN"
    "http://www.w3.org/TR/xhtml1/DTD/xhtml1-transitional.dtd">
<html xmlns="http://www.w3.org/1999/xhtml" xml:lang="en" lang="en">
 <head>
  <title>
</title>
<meta http-equiv="Content-Type" content="text/html;charset=utf-8" />
  <meta name='ocr-system' content='tesseract 3.04.00' />
  <meta name='ocr-capabilities' content='ocr_page ocr_carea ocr_par ocr_line ocrx_word'/>
</head>
<body>
  <div class='ocr_page' id='page_1' title='image "./operacumindicibu06ciceuoft_0302.png"; bbox 0 0 2076 2860; ppageno 0'>
   <div class='ocr_carea' id='block_1_1' title="bbox 439 240 1480 295">
    <p class='ocr_par' dir='ltr' id='par_1_1' title="bbox 439 240 1480 295">
     <span class='ocr_line' id='line_1_1' title="bbox 439 240 1480 295; baseline -0.003 -13"><span class='ocrx_word' id='word_1_1' title='bbox 439 255 515 295; x_wconf 85' lang='lat'><strong>292</strong></span> <span class='ocrx_word' id='word_1_2' title='bbox 788 241 867 280; x_wconf 79' lang='lat' dir='ltr'><strong>IN</strong></span> <span class='ocrx_word' id='word_1_3' title='bbox 927 240 992 279; x_wconf 87' lang='lat' dir='ltr'><strong>M.</strong></span> <span class='ocrx_word' id='word_1_4' title='bbox 1053 241 1480 279; x_wconf 81' lang='lat' dir='ltr'>ANTONIUM</span> 
     </span>
    </p>
   </div>
   <div class='ocr_carea' id='block_1_2' title="bbox 437 342 1886 2557">
    <p class='ocr_par' dir='ltr' id='par_1_2' title="bbox 437 342 1833 659">
     <span class='ocr_line' id='line_1_2' title="bbox 439 342 1831 395; baseline 0 -14"><span class='ocrx_word' id='word_1_5' title='bbox 439 352 547 381; x_wconf 89' lang='lat' dir='ltr'><strong>erant</strong></span> <span class='ocrx_word' id='word_1_6' title='bbox 579 342 741 387; x_wconf 85' lang='lat' dir='ltr'><strong>servati,</strong></span> <span class='ocrx_word' id='word_1_7' title='bbox 775 356 872 393; x_wconf 85' lang='lat' dir='ltr'><strong>quos</strong></span> <span class='ocrx_word' id='word_1_8' title='bbox 903 350 945 379; x_wconf 92' lang='lat' dir='ltr'><strong>tu</strong></span> <span class='ocrx_word' id='word_1_9' title='bbox 978 342 1057 394; x_wconf 88' lang='lat' dir='ltr'><strong>ipse</strong></span> <span class='ocrx_word' id='word_1_10' title='bbox 1089 343 1192 380; x_wconf 85' lang='lat' dir='ltr'><strong>viros</strong></span> <span class='ocrx_word' id='word_1_11' title='bbox 1227 343 1453 380; x_wconf 81' lang='lat' dir='ltr'><strong>clariffimos</strong></span> <span class='ocrx_word' id='word_1_12' title='bbox 1486 342 1679 395; x_wconf 86' lang='lat' dir='ltr'><strong>appellare</strong></span> <span class='ocrx_word' id='word_1_13' title='bbox 1711 342 1831 390; x_wconf 84' lang='lat' dir='ltr'><strong>soles,</strong></span> 
     </span>
     <span class='ocr_line' id='line_1_3' title="bbox 437 407 1832 459; baseline 0 -13"><span class='ocrx_word' id='word_1_14' title='bbox 437 418 588 446; x_wconf 78' lang='lat' dir='ltr'><strong>tantam</strong></span> <span class='ocrx_word' id='word_1_15' title='bbox 609 407 727 445; x_wconf 79' lang='lat' dir='ltr'><strong>effent</strong></span> <span class='ocrx_word' id='word_1_16' title='bbox 747 407 914 458; x_wconf 85' lang='lat' dir='ltr'>gloriam</span> <span class='ocrx_word' id='word_1_17' title='bbox 936 407 1150 446; x_wconf 80' lang='lat' dir='ltr'><strong>consecuti.</strong></span> <span class='ocrx_word' id='word_1_18' title='bbox 1193 408 1320 459; x_wconf 81' lang='lat' dir='ltr'><strong>Qale</strong></span> <span class='ocrx_word' id='word_1_19' title='bbox 1341 418 1472 446; x_wconf 89' lang='lat' dir='ltr'><strong>autem</strong></span> <span class='ocrx_word' id='word_1_20' title='bbox 1494 408 1732 446; x_wconf 86' lang='lat' dir='ltr'><strong>beneficium</strong></span> <span class='ocrx_word' id='word_1_21' title='bbox 1753 409 1806 446; x_wconf 84' lang='lat' dir='ltr'><strong>est</strong></span> <span class='ocrx_word' id='word_1_22' title='bbox 1820 438 1832 454; x_wconf 95' lang='lat'>‚</span> 
     </span>
     <span class='ocr_line' id='line_1_4' title="bbox 439 472 1833 527; baseline 0 -15"><span class='ocrx_word' id='word_1_23' title='bbox 439 476 545 527; x_wconf 90' lang='lat' dir='ltr'><strong>quod</strong></span> <span class='ocrx_word' id='word_1_24' title='bbox 569 484 604 511; x_wconf 92' lang='lat' dir='ltr'><strong>te</strong></span> <span class='ocrx_word' id='word_1_25' title='bbox 625 473 854 510; x_wconf 84' lang='lat' dir='ltr'><strong>abstinueris</strong></span> <span class='ocrx_word' id='word_1_26' title='bbox 877 472 1025 511; x_wconf 81' lang='lat' dir='ltr'><strong>nefario</strong></span> <span class='ocrx_word' id='word_1_27' title='bbox 1047 474 1186 512; x_wconf 89' lang='lat' dir='ltr'><strong>scelere</strong></span> <span class='ocrx_word' id='word_1_28' title='bbox 1206 475 1218 511; x_wconf 89' lang='lat'>?</span> <span class='ocrx_word' id='word_1_29' title='bbox 1251 488 1327 526; x_wconf 86' lang='lat' dir='ltr'><strong>qua</strong></span> <span class='ocrx_word' id='word_1_30' title='bbox 1357 475 1397 512; x_wconf 89' lang='lat' dir='ltr'><strong>in</strong></span> <span class='ocrx_word' id='word_1_31' title='bbox 1426 489 1464 512; x_wconf 89' lang='lat' dir='ltr'><strong>re</strong></span> <span class='ocrx_word' id='word_1_32' title='bbox 1485 489 1564 512; x_wconf 91' lang='lat' dir='ltr'><strong>non</strong></span> <span class='ocrx_word' id='word_1_33' title='bbox 1587 484 1667 513; x_wconf 87' lang='lat' dir='ltr'><strong>tam</strong></span> <span class='ocrx_word' id='word_1_34' title='bbox 1682 476 1833 527; x_wconf 81' lang='lat' dir='ltr'><strong>jucun-</strong></span> 
     </span>
     <span class='ocr_line' id='line_1_5' title="bbox 439 539 1832 593; baseline 0.001 -15"><span class='ocrx_word' id='word_1_35' title='bbox 439 541 533 578; x_wconf 89' lang='lat' dir='ltr'><strong>dum</strong></span> <span class='ocrx_word' id='word_1_36' title='bbox 556 540 677 577; x_wconf 79' lang='lat' dir='ltr'><strong>videri</strong></span> <span class='ocrx_word' id='word_1_37' title='bbox 699 539 801 577; x_wconf 89' lang='lat' dir='ltr'><strong>mihi</strong></span> <span class='ocrx_word' id='word_1_38' title='bbox 823 540 975 585; x_wconf 84' lang='lat' dir='ltr'>debuit,</span> <span class='ocrx_word' id='word_1_39' title='bbox 999 554 1077 578; x_wconf 90' lang='lat' dir='ltr'><strong>non</strong></span> <span class='ocrx_word' id='word_1_40' title='bbox 1099 540 1353 578; x_wconf 67' lang='lat' dir='ltr'><strong>interfecstum</strong></span> <span class='ocrx_word' id='word_1_41' title='bbox 1374 554 1394 578; x_wconf 88' lang='lat' dir='ltr'><strong>a</strong></span> <span class='ocrx_word' id='word_1_42' title='bbox 1416 550 1467 586; x_wconf 92' lang='lat' dir='ltr'><strong>te,</strong></span> <span class='ocrx_word' id='word_1_43' title='bbox 1490 555 1609 593; x_wconf 87' lang='lat' dir='ltr'><strong>quam</strong></span> <span class='ocrx_word' id='word_1_44' title='bbox 1630 541 1832 586; x_wconf 79' lang='lat' dir='ltr'><strong>miserum,</strong></span> 
     </span>
     <span class='ocr_line' id='line_1_6' title="bbox 440 605 1070 659; baseline 0 -16"><span class='ocrx_word' id='word_1_45' title='bbox 440 606 479 643; x_wconf 90' lang='lat' dir='ltr'><strong>id</strong></span> <span class='ocrx_word' id='word_1_46' title='bbox 502 616 537 644; x_wconf 90' lang='lat' dir='ltr'><strong>te</strong></span> <span class='ocrx_word' id='word_1_47' title='bbox 560 607 722 659; x_wconf 90' lang='lat' dir='ltr'><strong>impune</strong></span> <span class='ocrx_word' id='word_1_48' title='bbox 744 605 869 643; x_wconf 84' lang='lat' dir='ltr'><strong>facere</strong></span> <span class='ocrx_word' id='word_1_49' title='bbox 890 605 1070 658; x_wconf 80' lang='lat' dir='ltr'><strong>potuiffe.</strong></span> 
     </span>
    </p>

    <p class='ocr_par' dir='ltr' id='par_1_3' title="bbox 439 672 1886 1913">
     <span class='ocr_line' id='line_1_7' title="bbox 496 672 1837 726; baseline 0.001 -17"><span class='ocrx_word' id='word_1_50' title='bbox 496 672 569 709; x_wconf 83' lang='lat' dir='ltr'><strong>Sed</strong></span> <span class='ocrx_word' id='word_1_51' title='bbox 602 673 647 710; x_wconf 83' lang='lat' dir='ltr'><strong>sit</strong></span> <span class='ocrx_word' id='word_1_52' title='bbox 678 672 931 717; x_wconf 89' lang='lat' dir='ltr'><strong>beneficium,</strong></span> <span class='ocrx_word' id='word_1_53' title='bbox 964 672 1287 725; x_wconf 86' lang='lat' dir='ltr'><strong>quandoquidem</strong></span> <span class='ocrx_word' id='word_1_54' title='bbox 1320 673 1445 724; x_wconf 86' lang='lat' dir='ltr'><strong>majus</strong></span> <span class='ocrx_word' id='word_1_55' title='bbox 1478 673 1604 726; x_wconf 83' lang='lat' dir='ltr'>accipi</span> <span class='ocrx_word' id='word_1_56' title='bbox 1636 686 1656 710; x_wconf 91' lang='lat' dir='ltr'><strong>a</strong></span> <span class='ocrx_word' id='word_1_57' title='bbox 1687 672 1837 710; x_wconf 85' lang='lat' dir='ltr'><strong>latrone</strong></span> 
     </span>
     <span class='ocr_line' id='line_1_8' title="bbox 440 737 1834 790; baseline 0.001 -15"><span class='ocrx_word' id='word_1_58' title='bbox 440 737 597 775; x_wconf 86' lang='lat' dir='ltr'><strong>nullum</strong></span> <span class='ocrx_word' id='word_1_59' title='bbox 618 739 773 790; x_wconf 88' lang='lat' dir='ltr'><strong>potuit:</strong></span> <span class='ocrx_word' id='word_1_60' title='bbox 798 738 838 775; x_wconf 89' lang='lat' dir='ltr'><strong>in</strong></span> <span class='ocrx_word' id='word_1_61' title='bbox 860 751 939 789; x_wconf 87' lang='lat' dir='ltr'><strong>quo</strong></span> <span class='ocrx_word' id='word_1_62' title='bbox 960 748 1070 790; x_wconf 85' lang='lat' dir='ltr'><strong>potes</strong></span> <span class='ocrx_word' id='word_1_63' title='bbox 1092 752 1155 776; x_wconf 87' lang='lat' dir='ltr'><strong>me</strong></span> <span class='ocrx_word' id='word_1_64' title='bbox 1176 738 1304 776; x_wconf 85' lang='lat' dir='ltr'><strong>dicere</strong></span> <span class='ocrx_word' id='word_1_65' title='bbox 1326 739 1552 790; x_wconf 81' lang='lat' dir='ltr'><strong>ingratum?</strong></span> <span class='ocrx_word' id='word_1_66' title='bbox 1576 739 1641 776; x_wconf 91' lang='lat' dir='ltr'><strong>An</strong></span> <span class='ocrx_word' id='word_1_67' title='bbox 1663 738 1709 776; x_wconf 93' lang='lat' dir='ltr'><strong>de</strong></span> <span class='ocrx_word' id='word_1_68' title='bbox 1728 738 1834 776; x_wconf 90' lang='lat' dir='ltr'><strong>inte-</strong></span> 
     </span>
     <span class='ocr_line' id='line_1_9' title="bbox 439 803 1833 856; baseline 0 -15"><span class='ocrx_word' id='word_1_69' title='bbox 439 804 518 841; x_wconf 89' lang='lat' dir='ltr'><strong>ritu</strong></span> <span class='ocrx_word' id='word_1_70' title='bbox 546 804 773 856; x_wconf 80' lang='lat' dir='ltr'><strong>reipublicae</strong></span> <span class='ocrx_word' id='word_1_71' title='bbox 801 805 913 856; x_wconf 87' lang='lat' dir='ltr'><strong>queri</strong></span> <span class='ocrx_word' id='word_1_72' title='bbox 940 818 1019 841; x_wconf 95' lang='lat' dir='ltr'><strong>non</strong></span> <span class='ocrx_word' id='word_1_73' title='bbox 1047 804 1188 849; x_wconf 88' lang='lat' dir='ltr'><strong>debui,</strong></span> <span class='ocrx_word' id='word_1_74' title='bbox 1220 818 1268 841; x_wconf 92' lang='lat' dir='ltr'><strong>ne</strong></span> <span class='ocrx_word' id='word_1_75' title='bbox 1300 804 1340 842; x_wconf 89' lang='lat' dir='ltr'><strong>in</strong></span> <span class='ocrx_word' id='word_1_76' title='bbox 1375 815 1412 842; x_wconf 93' lang='lat' dir='ltr'><strong>te</strong></span> <span class='ocrx_word' id='word_1_77' title='bbox 1443 804 1618 856; x_wconf 84' lang='lat' dir='ltr'><strong>ingratus</strong></span> <span class='ocrx_word' id='word_1_78' title='bbox 1651 803 1833 841; x_wconf 90' lang='lat' dir='ltr'><strong>viderer?</strong></span> 
     </span>
     <span class='ocr_line' id='line_1_10' title="bbox 440 868 1837 923; baseline 0 -16"><span class='ocrx_word' id='word_1_79' title='bbox 440 870 548 908; x_wconf 90' lang='lat' dir='ltr'><strong>Nam</strong></span> <span class='ocrx_word' id='word_1_80' title='bbox 569 871 609 907; x_wconf 90' lang='lat' dir='ltr'><strong>in</strong></span> <span class='ocrx_word' id='word_1_81' title='bbox 631 870 699 907; x_wconf 80' lang='lat' dir='ltr'><strong>illa</strong></span> <span class='ocrx_word' id='word_1_82' title='bbox 720 870 897 921; x_wconf 75' lang='lat' dir='ltr'><strong>querela,</strong></span> <span class='ocrx_word' id='word_1_83' title='bbox 929 870 1068 908; x_wconf 83' lang='lat' dir='ltr'><strong>misera</strong></span> <span class='ocrx_word' id='word_1_84' title='bbox 1088 870 1251 923; x_wconf 87' lang='lat' dir='ltr'><strong>quidem</strong></span> <span class='ocrx_word' id='word_1_85' title='bbox 1272 879 1310 908; x_wconf 93' lang='lat' dir='ltr'><strong>et</strong></span> <span class='ocrx_word' id='word_1_86' title='bbox 1331 870 1526 916; x_wconf 65' lang='lat' dir='ltr'><strong>luctuosa,</strong></span> <span class='ocrx_word' id='word_1_87' title='bbox 1557 869 1623 908; x_wconf 91' lang='lat' dir='ltr'><strong>sed</strong></span> <span class='ocrx_word' id='word_1_88' title='bbox 1643 868 1746 908; x_wconf 88' lang='lat' dir='ltr'><strong>mihi</strong></span> <span class='ocrx_word' id='word_1_89' title='bbox 1766 883 1837 921; x_wconf 92' lang='lat' dir='ltr'><strong>pro</strong></span> 
     </span>
     <span class='ocr_line' id='line_1_11' title="bbox 439 935 1836 989; baseline 0 -16"><span class='ocrx_word' id='word_1_90' title='bbox 439 935 517 974; x_wconf 91' lang='lat' dir='ltr'><strong>hoc</strong></span> <span class='ocrx_word' id='word_1_91' title='bbox 537 936 659 988; x_wconf 83' lang='lat' dir='ltr'><strong>gradu</strong></span> <span class='ocrx_word' id='word_1_92' title='bbox 675 966 685 980; x_wconf 95' lang='lat'>‚</span> <span class='ocrx_word' id='word_1_93' title='bbox 718 937 759 974; x_wconf 89' lang='lat' dir='ltr'><strong>in</strong></span> <span class='ocrx_word' id='word_1_94' title='bbox 789 950 869 989; x_wconf 87' lang='lat' dir='ltr'><strong>quo</strong></span> <span class='ocrx_word' id='word_1_95' title='bbox 898 950 962 974; x_wconf 87' lang='lat' dir='ltr'><strong>me</strong></span> <span class='ocrx_word' id='word_1_96' title='bbox 992 937 1144 974; x_wconf 84' lang='lat' dir='ltr'><strong>senatus</strong></span> <span class='ocrx_word' id='word_1_97' title='bbox 1165 937 1414 989; x_wconf 88' lang='lat' dir='ltr'><strong>populusque</strong></span> <span class='ocrx_word' id='word_1_98' title='bbox 1436 938 1641 975; x_wconf 86' lang='lat' dir='ltr'><strong>Romanus</strong></span> <span class='ocrx_word' id='word_1_99' title='bbox 1662 935 1836 974; x_wconf 87' lang='lat' dir='ltr'><strong>colloca-</strong></span> 
     </span>
     <span class='ocr_line' id='line_1_12' title="bbox 440 1001 1838 1055; baseline 0 -15"><span class='ocrx_word' id='word_1_100' title='bbox 440 1002 512 1048; x_wconf 86' lang='lat' dir='ltr'>vit,</span> <span class='ocrx_word' id='word_1_101' title='bbox 536 1003 753 1048; x_wconf 78' lang='lat' dir='ltr'><strong>necess&#39;aria,</strong></span> <span class='ocrx_word' id='word_1_102' title='bbox 771 1004 869 1055; x_wconf 87' lang='lat' dir='ltr'><strong>quid</strong></span> <span class='ocrx_word' id='word_1_103' title='bbox 890 1003 943 1041; x_wconf 88' lang='lat' dir='ltr'><strong>est</strong></span> <span class='ocrx_word' id='word_1_104' title='bbox 964 1003 1115 1041; x_wconf 60' lang='lat' dir='ltr'><strong>dietum</strong></span> <span class='ocrx_word' id='word_1_105' title='bbox 1132 1017 1152 1041; x_wconf 89' lang='lat' dir='ltr'><strong>a</strong></span> <span class='ocrx_word' id='word_1_106' title='bbox 1167 1017 1231 1041; x_wconf 88' lang='lat' dir='ltr'><strong>me</strong></span> <span class='ocrx_word' id='word_1_107' title='bbox 1247 1018 1339 1041; x_wconf 87' lang='lat' dir='ltr'><strong>cum</strong></span> <span class='ocrx_word' id='word_1_108' title='bbox 1358 1003 1623 1042; x_wconf 85' lang='lat' dir='ltr'><strong>contumelia?</strong></span> <span class='ocrx_word' id='word_1_109' title='bbox 1645 1001 1742 1055; x_wconf 91' lang='lat' dir='ltr'><strong>quid</strong></span> <span class='ocrx_word' id='word_1_110' title='bbox 1757 1015 1838 1040; x_wconf 90' lang='lat' dir='ltr'><strong>non</strong></span> 
     </span>
     <span class='ocr_line' id='line_1_13' title="bbox 441 1068 1837 1121; baseline -0.001 -15"><span class='ocrx_word' id='word_1_111' title='bbox 441 1069 639 1106; x_wconf 86' lang='lat' dir='ltr'><strong>moderate</strong></span> <span class='ocrx_word' id='word_1_112' title='bbox 658 1070 671 1107; x_wconf 89' lang='lat'>?</span> <span class='ocrx_word' id='word_1_113' title='bbox 703 1069 801 1121; x_wconf 91' lang='lat' dir='ltr'><strong>quid</strong></span> <span class='ocrx_word' id='word_1_114' title='bbox 821 1083 901 1107; x_wconf 91' lang='lat' dir='ltr'><strong>non</strong></span> <span class='ocrx_word' id='word_1_115' title='bbox 922 1070 1046 1107; x_wconf 87' lang='lat' dir='ltr'><strong>amice</strong></span> <span class='ocrx_word' id='word_1_116' title='bbox 1065 1071 1078 1107; x_wconf 92' lang='lat'>?</span> <span class='ocrx_word' id='word_1_117' title='bbox 1110 1069 1232 1121; x_wconf 85' lang='lat' dir='ltr'><strong>Qod</strong></span> <span class='ocrx_word' id='word_1_118' title='bbox 1253 1069 1414 1121; x_wconf 88' lang='lat' dir='ltr'><strong>quidem</strong></span> <span class='ocrx_word' id='word_1_119' title='bbox 1435 1070 1547 1121; x_wconf 89' lang='lat' dir='ltr'><strong>cujus</strong></span> <span class='ocrx_word' id='word_1_120' title='bbox 1569 1068 1837 1121; x_wconf 63' lang='lat' dir='ltr'><strong>temperantiae</strong></span> 
     </span>
     <span class='ocr_line' id='line_1_14' title="bbox 441 1134 1886 1188; baseline -0.001 -16"><span class='ocrx_word' id='word_1_121' title='bbox 441 1134 534 1180; x_wconf 89' lang='lat' dir='ltr'><strong>fuit,</strong></span> <span class='ocrx_word' id='word_1_122' title='bbox 567 1135 614 1173; x_wconf 94' lang='lat' dir='ltr'><strong>de</strong></span> <span class='ocrx_word' id='word_1_123' title='bbox 634 1135 698 1174; x_wconf 89' lang='lat' dir='ltr'><strong>M.</strong></span> <span class='ocrx_word' id='word_1_124' title='bbox 721 1136 900 1173; x_wconf 91' lang='lat' dir='ltr'><strong>Antonio</strong></span> <span class='ocrx_word' id='word_1_125' title='bbox 922 1145 1166 1187; x_wconf 87' lang='lat' dir='ltr'><strong>querentem,</strong></span> <span class='ocrx_word' id='word_1_126' title='bbox 1198 1135 1387 1173; x_wconf 87' lang='lat' dir='ltr'><strong>abstinere</strong></span> <span class='ocrx_word' id='word_1_127' title='bbox 1408 1135 1646 1174; x_wconf 64' lang='lat' dir='ltr'><strong>maledicto?</strong></span> <span class='ocrx_word' id='word_1_128' title='bbox 1677 1134 1836 1188; x_wconf 84' lang='lat' dir='ltr'><strong>praeser-</strong></span> <span class='ocrx_word' id='word_1_129' title='bbox 1882 1169 1886 1171; x_wconf 83' lang='grc'>.</span> 
     </span>
     <span class='ocr_line' id='line_1_15' title="bbox 442 1201 1839 1255; baseline -0.001 -16"><span class='ocrx_word' id='word_1_130' title='bbox 442 1201 518 1239; x_wconf 88' lang='lat' dir='ltr'><strong>tim</strong></span> <span class='ocrx_word' id='word_1_131' title='bbox 539 1215 632 1240; x_wconf 90' lang='lat' dir='ltr'><strong>cum</strong></span> <span class='ocrx_word' id='word_1_132' title='bbox 654 1210 697 1239; x_wconf 92' lang='lat' dir='ltr'><strong>tu</strong></span> <span class='ocrx_word' id='word_1_133' title='bbox 725 1202 907 1254; x_wconf 82' lang='lat' dir='ltr'><strong>reliquias</strong></span> <span class='ocrx_word' id='word_1_134' title='bbox 936 1202 1163 1255; x_wconf 65' lang='lat' dir='ltr'><strong>reipublicae</strong></span> <span class='ocrx_word' id='word_1_135' title='bbox 1191 1201 1469 1255; x_wconf 82' lang='lat' dir='ltr'><strong>diffipaviffes?</strong></span> <span class='ocrx_word' id='word_1_136' title='bbox 1501 1216 1594 1240; x_wconf 89' lang='lat' dir='ltr'><strong>cum</strong></span> <span class='ocrx_word' id='word_1_137' title='bbox 1622 1201 1732 1239; x_wconf 90' lang='lat' dir='ltr'><strong>domi</strong></span> <span class='ocrx_word' id='word_1_138' title='bbox 1762 1209 1839 1239; x_wconf 88' lang='lat' dir='ltr'><strong>tuae</strong></span> 
     </span>
     <span class='ocr_line' id='line_1_16' title="bbox 441 1267 1838 1320; baseline -0.001 -14"><span class='ocrx_word' id='word_1_139' title='bbox 441 1267 664 1320; x_wconf 86' lang='lat' dir='ltr'><strong>turpiffimo</strong></span> <span class='ocrx_word' id='word_1_140' title='bbox 684 1277 859 1306; x_wconf 89' lang='lat' dir='ltr'><strong>mercatu</strong></span> <span class='ocrx_word' id='word_1_141' title='bbox 880 1269 1014 1306; x_wconf 91' lang='lat' dir='ltr'><strong>omnia</strong></span> <span class='ocrx_word' id='word_1_142' title='bbox 1033 1268 1152 1306; x_wconf 82' lang='lat' dir='ltr'><strong>effent</strong></span> <span class='ocrx_word' id='word_1_143' title='bbox 1172 1268 1352 1306; x_wconf 87' lang='lat' dir='ltr'><strong>venalia?</strong></span> <span class='ocrx_word' id='word_1_144' title='bbox 1385 1282 1479 1305; x_wconf 88' lang='lat' dir='ltr'><strong>cum</strong></span> <span class='ocrx_word' id='word_1_145' title='bbox 1509 1268 1612 1320; x_wconf 86' lang='lat' dir='ltr'><strong>leges</strong></span> <span class='ocrx_word' id='word_1_146' title='bbox 1643 1280 1720 1311; x_wconf 81' lang='lat' dir='ltr'><strong>eaS,</strong></span> <span class='ocrx_word' id='word_1_147' title='bbox 1751 1280 1838 1319; x_wconf 86' lang='lat' dir='ltr'><strong>quae</strong></span> 
     </span>
     <span class='ocr_line' id='line_1_17' title="bbox 443 1331 1839 1387; baseline -0.001 -15"><span class='ocrx_word' id='word_1_148' title='bbox 443 1347 649 1386; x_wconf 89' lang='lat' dir='ltr'><strong>nunquam</strong></span> <span class='ocrx_word' id='word_1_149' title='bbox 681 1334 939 1387; x_wconf 66' lang='lat' dir='ltr'><strong>promulgatae</strong></span> <span class='ocrx_word' id='word_1_150' title='bbox 971 1333 1113 1378; x_wconf 71' lang='lat' dir='ltr'><strong>essent,</strong></span> <span class='ocrx_word' id='word_1_151' title='bbox 1146 1342 1184 1371; x_wconf 93' lang='lat' dir='ltr'><strong>et</strong></span> <span class='ocrx_word' id='word_1_152' title='bbox 1205 1333 1251 1371; x_wconf 95' lang='lat' dir='ltr'><strong>de</strong></span> <span class='ocrx_word' id='word_1_153' title='bbox 1273 1342 1331 1378; x_wconf 90' lang='lat' dir='ltr'><strong>te,</strong></span> <span class='ocrx_word' id='word_1_154' title='bbox 1363 1342 1401 1370; x_wconf 91' lang='lat' dir='ltr'><strong>et</strong></span> <span class='ocrx_word' id='word_1_155' title='bbox 1423 1347 1443 1370; x_wconf 90' lang='lat' dir='ltr'><strong>a</strong></span> <span class='ocrx_word' id='word_1_156' title='bbox 1463 1342 1521 1379; x_wconf 89' lang='lat' dir='ltr'><strong>te,</strong></span> <span class='ocrx_word' id='word_1_157' title='bbox 1553 1334 1648 1371; x_wconf 87' lang='lat' dir='ltr'><strong>latas</strong></span> <span class='ocrx_word' id='word_1_158' title='bbox 1670 1331 1839 1370; x_wconf 91' lang='lat' dir='ltr'><strong>confite-</strong></span> 
     </span>
     <span class='ocr_line' id='line_1_18' title="bbox 442 1397 1837 1453; baseline -0.001 -15"><span class='ocrx_word' id='word_1_159' title='bbox 442 1413 524 1438; x_wconf 88' lang='lat' dir='ltr'><strong>rere</strong></span> <span class='ocrx_word' id='word_1_160' title='bbox 542 1401 556 1438; x_wconf 87' lang='lat'>?</span> <span class='ocrx_word' id='word_1_161' title='bbox 588 1414 682 1438; x_wconf 91' lang='lat' dir='ltr'><strong>cum</strong></span> <span class='ocrx_word' id='word_1_162' title='bbox 702 1400 872 1453; x_wconf 90' lang='lat' dir='ltr'><strong>auspicia</strong></span> <span class='ocrx_word' id='word_1_163' title='bbox 891 1414 1038 1452; x_wconf 86' lang='lat' dir='ltr'><strong>augur,</strong></span> <span class='ocrx_word' id='word_1_164' title='bbox 1070 1399 1382 1437; x_wconf 69' lang='lat' dir='ltr'><strong>intercessionem</strong></span> <span class='ocrx_word' id='word_1_165' title='bbox 1403 1399 1564 1444; x_wconf 92' lang='lat' dir='ltr'><strong>consul,</strong></span> <span class='ocrx_word' id='word_1_166' title='bbox 1597 1397 1802 1437; x_wconf 85' lang='lat' dir='ltr'><strong>sustuliffes</strong></span> <span class='ocrx_word' id='word_1_167' title='bbox 1823 1399 1837 1436; x_wconf 90' lang='lat'>?</span> 
     </span>
     <span class='ocr_line' id='line_1_19' title="bbox 443 1465 1837 1518; baseline -0.001 -15"><span class='ocrx_word' id='word_1_168' title='bbox 443 1478 536 1504; x_wconf 89' lang='lat' dir='ltr'><strong>cum</strong></span> <span class='ocrx_word' id='word_1_169' title='bbox 558 1467 648 1505; x_wconf 81' lang='lat' dir='ltr'><strong>effes</strong></span> <span class='ocrx_word' id='word_1_170' title='bbox 669 1465 877 1504; x_wconf 83' lang='lat' dir='ltr'><strong>foediffime</strong></span> <span class='ocrx_word' id='word_1_171' title='bbox 900 1466 1060 1518; x_wconf 85' lang='lat' dir='ltr'><strong>stipatus</strong></span> <span class='ocrx_word' id='word_1_172' title='bbox 1082 1466 1239 1503; x_wconf 86' lang='lat' dir='ltr'><strong>armatis</strong></span> <span class='ocrx_word' id='word_1_173' title='bbox 1259 1466 1272 1503; x_wconf 90' lang='lat'>?</span> <span class='ocrx_word' id='word_1_174' title='bbox 1305 1479 1398 1503; x_wconf 90' lang='lat' dir='ltr'><strong>cum</strong></span> <span class='ocrx_word' id='word_1_175' title='bbox 1423 1479 1561 1503; x_wconf 89' lang='lat' dir='ltr'><strong>omnes</strong></span> <span class='ocrx_word' id='word_1_176' title='bbox 1589 1465 1837 1517; x_wconf 86' lang='lat' dir='ltr'><strong>impuritates</strong></span> 
     </span>
     <span class='ocr_line' id='line_1_20' title="bbox 442 1529 1837 1584; baseline -0.001 -14"><span class='ocrx_word' id='word_1_177' title='bbox 442 1532 587 1584; x_wconf 87' lang='lat' dir='ltr'><strong>pudica</strong></span> <span class='ocrx_word' id='word_1_178' title='bbox 606 1533 647 1570; x_wconf 88' lang='lat' dir='ltr'><strong>in</strong></span> <span class='ocrx_word' id='word_1_179' title='bbox 669 1532 788 1570; x_wconf 86' lang='lat' dir='ltr'><strong>domo</strong></span> <span class='ocrx_word' id='word_1_180' title='bbox 810 1532 988 1584; x_wconf 88' lang='lat' dir='ltr'><strong>quotidie</strong></span> <span class='ocrx_word' id='word_1_181' title='bbox 1009 1531 1234 1584; x_wconf 84' lang='lat' dir='ltr'><strong>susciperes,</strong></span> <span class='ocrx_word' id='word_1_182' title='bbox 1261 1532 1354 1569; x_wconf 91' lang='lat' dir='ltr'><strong>vino</strong></span> <span class='ocrx_word' id='word_1_183' title='bbox 1375 1531 1581 1583; x_wconf 87' lang='lat' dir='ltr'><strong>lustrisque</strong></span> <span class='ocrx_word' id='word_1_184' title='bbox 1602 1529 1803 1568; x_wconf 66' lang='lat' dir='ltr'><strong>confectus</strong></span> <span class='ocrx_word' id='word_1_185' title='bbox 1823 1530 1837 1568; x_wconf 91' lang='lat'>?</span> 
     </span>
     <span class='ocr_line' id='line_1_21' title="bbox 443 1596 1839 1651; baseline -0.001 -15"><span class='ocrx_word' id='word_1_186' title='bbox 443 1599 499 1636; x_wconf 86' lang='lat' dir='ltr'><strong>At</strong></span> <span class='ocrx_word' id='word_1_187' title='bbox 519 1612 592 1651; x_wconf 85' lang='lat' dir='ltr'><strong>ego</strong></span> <span class='ocrx_word' id='word_1_188' title='bbox 608 1628 618 1643; x_wconf 87' lang='lat'><strong>,</strong></span> <span class='ocrx_word' id='word_1_189' title='bbox 652 1607 854 1650; x_wconf 82' lang='lat' dir='ltr'><strong>tamquam</strong></span> <span class='ocrx_word' id='word_1_190' title='bbox 876 1597 978 1636; x_wconf 89' lang='lat' dir='ltr'><strong>mihi</strong></span> <span class='ocrx_word' id='word_1_191' title='bbox 1008 1611 1098 1636; x_wconf 87' lang='lat' dir='ltr'><strong>cum</strong></span> <span class='ocrx_word' id='word_1_192' title='bbox 1124 1598 1187 1636; x_wconf 89' lang='lat' dir='ltr'><strong>M.</strong></span> <span class='ocrx_word' id='word_1_193' title='bbox 1212 1597 1344 1636; x_wconf 83' lang='lat' dir='ltr'><strong>Craffo</strong></span> <span class='ocrx_word' id='word_1_194' title='bbox 1365 1597 1569 1635; x_wconf 91' lang='lat' dir='ltr'><strong>contentio</strong></span> <span class='ocrx_word' id='word_1_195' title='bbox 1589 1596 1679 1635; x_wconf 83' lang='lat' dir='ltr'><strong>effet</strong></span> <span class='ocrx_word' id='word_1_196' title='bbox 1693 1625 1704 1641; x_wconf 92' lang='lat'><strong>,</strong></span> <span class='ocrx_word' id='word_1_197' title='bbox 1737 1609 1839 1648; x_wconf 90' lang='lat' dir='ltr'><strong>quo-</strong></span> 
     </span>
     <span class='ocr_line' id='line_1_22' title="bbox 444 1662 1839 1717; baseline -0.002 -15"><span class='ocrx_word' id='word_1_198' title='bbox 444 1677 536 1702; x_wconf 89' lang='lat' dir='ltr'><strong>cum</strong></span> <span class='ocrx_word' id='word_1_199' title='bbox 564 1664 700 1702; x_wconf 83' lang='lat' dir='ltr'><strong>multae</strong></span> <span class='ocrx_word' id='word_1_200' title='bbox 727 1674 766 1702; x_wconf 88' lang='lat' dir='ltr'><strong>et</strong></span> <span class='ocrx_word' id='word_1_201' title='bbox 798 1678 950 1717; x_wconf 82' lang='lat' dir='ltr'><strong>magnae</strong></span> <span class='ocrx_word' id='word_1_202' title='bbox 977 1663 1153 1709; x_wconf 88' lang='lat' dir='ltr'><strong>fuerunt,</strong></span> <span class='ocrx_word' id='word_1_203' title='bbox 1187 1677 1265 1701; x_wconf 91' lang='lat' dir='ltr'><strong>non</strong></span> <span class='ocrx_word' id='word_1_204' title='bbox 1298 1677 1392 1701; x_wconf 91' lang='lat' dir='ltr'><strong>curn</strong></span> <span class='ocrx_word' id='word_1_205' title='bbox 1420 1676 1500 1701; x_wconf 91' lang='lat' dir='ltr'><strong>uno</strong></span> <span class='ocrx_word' id='word_1_206' title='bbox 1527 1662 1741 1714; x_wconf 86' lang='lat' dir='ltr'><strong>gladiatore</strong></span> <span class='ocrx_word' id='word_1_207' title='bbox 1768 1674 1839 1700; x_wconf 90' lang='lat' dir='ltr'><strong>ne-</strong></span> 
     </span>
     <span class='ocr_line' id='line_1_23' title="bbox 444 1727 1838 1783; baseline -0.002 -15"><span class='ocrx_word' id='word_1_208' title='bbox 444 1730 641 1781; x_wconf 84' lang='lat' dir='ltr'><strong>quiffimo,</strong></span> <span class='ocrx_word' id='word_1_209' title='bbox 673 1730 720 1768; x_wconf 91' lang='lat' dir='ltr'><strong>de</strong></span> <span class='ocrx_word' id='word_1_210' title='bbox 741 1730 944 1783; x_wconf 83' lang='lat' dir='ltr'><strong>republica</strong></span> <span class='ocrx_word' id='word_1_211' title='bbox 963 1730 1132 1782; x_wconf 85' lang='lat' dir='ltr'><strong>graviter</strong></span> <span class='ocrx_word' id='word_1_212' title='bbox 1153 1743 1334 1782; x_wconf 84' lang='lat' dir='ltr'><strong>querens,</strong></span> <span class='ocrx_word' id='word_1_213' title='bbox 1364 1729 1410 1767; x_wconf 92' lang='lat' dir='ltr'><strong>de</strong></span> <span class='ocrx_word' id='word_1_214' title='bbox 1431 1728 1595 1767; x_wconf 89' lang='lat' dir='ltr'><strong>homine</strong></span> <span class='ocrx_word' id='word_1_215' title='bbox 1616 1727 1718 1766; x_wconf 84' lang='lat' dir='ltr'><strong>nihil</strong></span> <span class='ocrx_word' id='word_1_216' title='bbox 1740 1727 1838 1766; x_wconf 86' lang='lat' dir='ltr'><strong>dixi.</strong></span> 
     </span>
     <span class='ocr_line' id='line_1_24' title="bbox 445 1792 1838 1847; baseline -0.001 -15"><span class='ocrx_word' id='word_1_217' title='bbox 445 1796 581 1846; x_wconf 88' lang='lat' dir='ltr'><strong>Itaque</strong></span> <span class='ocrx_word' id='word_1_218' title='bbox 602 1795 720 1832; x_wconf 89' lang='lat' dir='ltr'><strong>hodie</strong></span> <span class='ocrx_word' id='word_1_219' title='bbox 740 1795 967 1847; x_wconf 87' lang='lat' dir='ltr'><strong>perficiam,</strong></span> <span class='ocrx_word' id='word_1_220' title='bbox 1000 1805 1044 1832; x_wconf 90' lang='lat' dir='ltr'><strong>ut</strong></span> <span class='ocrx_word' id='word_1_221' title='bbox 1064 1795 1288 1847; x_wconf 86' lang='lat' dir='ltr'><strong>intelligat,</strong></span> <span class='ocrx_word' id='word_1_222' title='bbox 1321 1804 1516 1847; x_wconf 87' lang='lat' dir='ltr'><strong>quantum</strong></span> <span class='ocrx_word' id='word_1_223' title='bbox 1545 1808 1566 1832; x_wconf 86' lang='lat' dir='ltr'><strong>a</strong></span> <span class='ocrx_word' id='word_1_224' title='bbox 1595 1808 1658 1832; x_wconf 88' lang='lat' dir='ltr'><strong>me</strong></span> <span class='ocrx_word' id='word_1_225' title='bbox 1689 1792 1838 1831; x_wconf 90' lang='lat' dir='ltr'><strong>benefi-</strong></span> 
     </span>
     <span class='ocr_line' id='line_1_25' title="bbox 444 1860 888 1913; baseline 0 -16"><span class='ocrx_word' id='word_1_226' title='bbox 444 1861 552 1898; x_wconf 85' lang='lat' dir='ltr'><strong>cium</strong></span> <span class='ocrx_word' id='word_1_227' title='bbox 575 1870 661 1898; x_wconf 89' lang='lat' dir='ltr'><strong>tum</strong></span> <span class='ocrx_word' id='word_1_228' title='bbox 682 1860 888 1913; x_wconf 89' lang='lat' dir='ltr'><strong>acceperit.</strong></span> 
     </span>
    </p>

    <p class='ocr_par' dir='ltr' id='par_1_4' title="bbox 445 1924 1842 2504">
     <span class='ocr_line' id='line_1_26' title="bbox 502 1924 1836 1978; baseline -0.001 -15"><span class='ocrx_word' id='word_1_229' title='bbox 502 1926 575 1964; x_wconf 87' lang='lat' dir='ltr'><strong>IV.</strong></span> <span class='ocrx_word' id='word_1_230' title='bbox 608 1927 663 1963; x_wconf 88' lang='lat' dir='ltr'><strong>At</strong></span> <span class='ocrx_word' id='word_1_231' title='bbox 684 1927 803 1963; x_wconf 85' lang='lat' dir='ltr'><strong>etiam</strong></span> <span class='ocrx_word' id='word_1_232' title='bbox 824 1926 969 1971; x_wconf 76' lang='lat' dir='ltr'><strong>literas,</strong></span> <span class='ocrx_word' id='word_1_233' title='bbox 999 1939 1094 1978; x_wconf 86' lang='lat' dir='ltr'><strong>quas</strong></span> <span class='ocrx_word' id='word_1_234' title='bbox 1116 1939 1178 1963; x_wconf 90' lang='lat' dir='ltr'><strong>me</strong></span> <span class='ocrx_word' id='word_1_235' title='bbox 1198 1925 1270 1963; x_wconf 85' lang='lat' dir='ltr'><strong>fibi</strong></span> <span class='ocrx_word' id='word_1_236' title='bbox 1291 1925 1429 1963; x_wconf 87' lang='lat' dir='ltr'><strong>mififfe</strong></span> <span class='ocrx_word' id='word_1_237' title='bbox 1451 1925 1611 1970; x_wconf 89' lang='lat' dir='ltr'><strong>diceret,</strong></span> <span class='ocrx_word' id='word_1_238' title='bbox 1644 1924 1836 1970; x_wconf 85' lang='lat' dir='ltr'><strong>recitavit,</strong></span> 
     </span>
     <span class='ocr_line' id='line_1_27' title="bbox 445 1991 1838 2044; baseline -0.001 -14"><span class='ocrx_word' id='word_1_239' title='bbox 445 1992 568 2030; x_wconf 88' lang='lat' dir='ltr'><strong>homo</strong></span> <span class='ocrx_word' id='word_1_240' title='bbox 588 2002 626 2029; x_wconf 91' lang='lat' dir='ltr'><strong>et</strong></span> <span class='ocrx_word' id='word_1_241' title='bbox 647 1991 903 2030; x_wconf 83' lang='lat' dir='ltr'><strong>humanitatis</strong></span> <span class='ocrx_word' id='word_1_242' title='bbox 925 2005 1076 2044; x_wconf 85' lang='lat' dir='ltr'><strong>expers,</strong></span> <span class='ocrx_word' id='word_1_243' title='bbox 1109 2001 1147 2029; x_wconf 90' lang='lat' dir='ltr'><strong>et</strong></span> <span class='ocrx_word' id='word_1_244' title='bbox 1168 1992 1256 2029; x_wconf 86' lang='lat' dir='ltr'><strong>vitae</strong></span> <span class='ocrx_word' id='word_1_245' title='bbox 1277 1992 1502 2029; x_wconf 83' lang='lat' dir='ltr'><strong>communis</strong></span> <span class='ocrx_word' id='word_1_246' title='bbox 1525 1991 1697 2043; x_wconf 86' lang='lat' dir='ltr'><strong>ignarus.</strong></span> <span class='ocrx_word' id='word_1_247' title='bbox 1736 1991 1838 2042; x_wconf 85' lang='lat' dir='ltr'><strong>Qis</strong></span> 
     </span>
     <span class='ocr_line' id='line_1_28' title="bbox 445 2056 1839 2111; baseline -0.001 -15"><span class='ocrx_word' id='word_1_248' title='bbox 445 2060 553 2096; x_wconf 87' lang='lat' dir='ltr'><strong>enim</strong></span> <span class='ocrx_word' id='word_1_249' title='bbox 575 2072 764 2111; x_wconf 75' lang='lat' dir='ltr'><strong>unquam,</strong></span> <span class='ocrx_word' id='word_1_250' title='bbox 783 2058 851 2110; x_wconf 89' lang='lat' dir='ltr'><strong>qui</strong></span> <span class='ocrx_word' id='word_1_251' title='bbox 873 2057 1036 2110; x_wconf 86' lang='lat' dir='ltr'><strong>paulum</strong></span> <span class='ocrx_word' id='word_1_252' title='bbox 1052 2058 1172 2096; x_wconf 86' lang='lat' dir='ltr'><strong>modo</strong></span> <span class='ocrx_word' id='word_1_253' title='bbox 1190 2059 1385 2096; x_wconf 86' lang='lat' dir='ltr'><strong>bonorum</strong></span> <span class='ocrx_word' id='word_1_254' title='bbox 1402 2057 1727 2095; x_wconf 88' lang='lat' dir='ltr'><strong>consuetudinem</strong></span> <span class='ocrx_word' id='word_1_255' title='bbox 1748 2056 1839 2094; x_wconf 88' lang='lat' dir='ltr'><strong>nos-</strong></span> 
     </span>
     <span class='ocr_line' id='line_1_29' title="bbox 447 2122 1839 2176; baseline -0.001 -14"><span class='ocrx_word' id='word_1_256' title='bbox 447 2124 515 2170; x_wconf 87' lang='lat' dir='ltr'><strong>set,</strong></span> <span class='ocrx_word' id='word_1_257' title='bbox 548 2124 678 2162; x_wconf 81' lang='lat' dir='ltr'><strong>literas</strong></span> <span class='ocrx_word' id='word_1_258' title='bbox 699 2123 745 2160; x_wconf 84' lang='lat' dir='ltr'><strong>ad</strong></span> <span class='ocrx_word' id='word_1_259' title='bbox 771 2123 806 2161; x_wconf 77' lang='lat' dir='ltr'><strong>se</strong></span> <span class='ocrx_word' id='word_1_260' title='bbox 826 2124 873 2161; x_wconf 87' lang='lat' dir='ltr'><strong>ab</strong></span> <span class='ocrx_word' id='word_1_261' title='bbox 895 2124 1023 2161; x_wconf 87' lang='lat' dir='ltr'><strong>amico</strong></span> <span class='ocrx_word' id='word_1_262' title='bbox 1043 2123 1186 2169; x_wconf 62' lang='lat' dir='ltr'><strong>mistas,</strong></span> <span class='ocrx_word' id='word_1_263' title='bbox 1218 2122 1430 2161; x_wconf 76' lang='lat' dir='ltr'><strong>offensione</strong></span> <span class='ocrx_word' id='word_1_264' title='bbox 1450 2123 1580 2176; x_wconf 86' lang='lat' dir='ltr'><strong>aliqua</strong></span> <span class='ocrx_word' id='word_1_265' title='bbox 1600 2123 1839 2175; x_wconf 80' lang='lat' dir='ltr'><strong>interposita,</strong></span> 
     </span>
     <span class='ocr_line' id='line_1_30' title="bbox 446 2189 1840 2242; baseline -0.001 -14"><span class='ocrx_word' id='word_1_266' title='bbox 446 2191 488 2228; x_wconf 92' lang='lat' dir='ltr'><strong>in</strong></span> <span class='ocrx_word' id='word_1_267' title='bbox 510 2190 686 2228; x_wconf 89' lang='lat' dir='ltr'><strong>medium</strong></span> <span class='ocrx_word' id='word_1_268' title='bbox 708 2191 890 2242; x_wconf 88' lang='lat' dir='ltr'><strong>protulit,</strong></span> <span class='ocrx_word' id='word_1_269' title='bbox 922 2190 1130 2242; x_wconf 86' lang='lat' dir='ltr'><strong>palamque</strong></span> <span class='ocrx_word' id='word_1_270' title='bbox 1151 2190 1328 2228; x_wconf 88' lang='lat' dir='ltr'><strong>recitavit</strong></span> <span class='ocrx_word' id='word_1_271' title='bbox 1348 2191 1360 2227; x_wconf 91' lang='lat'>?</span> <span class='ocrx_word' id='word_1_272' title='bbox 1394 2189 1505 2242; x_wconf 86' lang='lat' dir='ltr'><strong>Qid</strong></span> <span class='ocrx_word' id='word_1_273' title='bbox 1526 2189 1579 2227; x_wconf 86' lang='lat' dir='ltr'><strong>est</strong></span> <span class='ocrx_word' id='word_1_274' title='bbox 1606 2189 1727 2234; x_wconf 87' lang='lat' dir='ltr'><strong>aliud,</strong></span> <span class='ocrx_word' id='word_1_275' title='bbox 1760 2189 1840 2226; x_wconf 87' lang='lat' dir='ltr'><strong>tol-</strong></span> 
     </span>
     <span class='ocr_line' id='line_1_31' title="bbox 447 2255 1842 2307; baseline -0.001 -13"><span class='ocrx_word' id='word_1_276' title='bbox 447 2256 523 2294; x_wconf 85' lang='lat' dir='ltr'><strong>lere</strong></span> <span class='ocrx_word' id='word_1_277' title='bbox 544 2270 563 2293; x_wconf 94' lang='lat' dir='ltr'><strong>e</strong></span> <span class='ocrx_word' id='word_1_278' title='bbox 585 2257 663 2294; x_wconf 82' lang='lat' dir='ltr'><strong>vita</strong></span> <span class='ocrx_word' id='word_1_279' title='bbox 682 2256 770 2293; x_wconf 82' lang='lat' dir='ltr'><strong>vitae</strong></span> <span class='ocrx_word' id='word_1_280' title='bbox 792 2255 1016 2294; x_wconf 87' lang='lat' dir='ltr'><strong>societatem</strong></span> <span class='ocrx_word' id='word_1_281' title='bbox 1032 2285 1042 2300; x_wconf 95' lang='lat'><strong>,</strong></span> <span class='ocrx_word' id='word_1_282' title='bbox 1075 2269 1194 2307; x_wconf 85' lang='lat' dir='ltr'><strong>quam</strong></span> <span class='ocrx_word' id='word_1_283' title='bbox 1225 2255 1362 2293; x_wconf 91' lang='lat' dir='ltr'><strong>tollere</strong></span> <span class='ocrx_word' id='word_1_284' title='bbox 1392 2256 1611 2293; x_wconf 84' lang='lat' dir='ltr'><strong>amicorum</strong></span> <span class='ocrx_word' id='word_1_285' title='bbox 1641 2255 1842 2307; x_wconf 88' lang='lat' dir='ltr'><strong>colloquia</strong></span> 
     </span>
     <span class='ocr_line' id='line_1_32' title="bbox 447 2320 1841 2373; baseline -0.001 -15"><span class='ocrx_word' id='word_1_286' title='bbox 447 2322 667 2359; x_wconf 86' lang='lat' dir='ltr'><strong>absentium</strong></span> <span class='ocrx_word' id='word_1_287' title='bbox 685 2322 697 2359; x_wconf 91' lang='lat'>?</span> <span class='ocrx_word' id='word_1_288' title='bbox 721 2322 852 2372; x_wconf 80' lang='lat' dir='ltr'><strong>Qam</strong></span> <span class='ocrx_word' id='word_1_289' title='bbox 874 2321 1001 2359; x_wconf 85' lang='lat' dir='ltr'><strong>multa</strong></span> <span class='ocrx_word' id='word_1_290' title='bbox 1016 2321 1107 2373; x_wconf 83' lang='lat' dir='ltr'><strong>joca</strong></span> <span class='ocrx_word' id='word_1_291' title='bbox 1127 2321 1252 2358; x_wconf 90' lang='lat' dir='ltr'><strong>solent</strong></span> <span class='ocrx_word' id='word_1_292' title='bbox 1273 2320 1344 2358; x_wconf 88' lang='lat' dir='ltr'><strong>esse</strong></span> <span class='ocrx_word' id='word_1_293' title='bbox 1365 2321 1404 2358; x_wconf 86' lang='lat' dir='ltr'><strong>in</strong></span> <span class='ocrx_word' id='word_1_294' title='bbox 1427 2320 1616 2373; x_wconf 82' lang='lat' dir='ltr'><strong>epistoliS,</strong></span> <span class='ocrx_word' id='word_1_295' title='bbox 1639 2334 1726 2373; x_wconf 86' lang='lat' dir='ltr'><strong>quae</strong></span> <span class='ocrx_word' id='word_1_296' title='bbox 1746 2333 1841 2372; x_wconf 89' lang='lat' dir='ltr'><strong>pro-</strong></span> 
     </span>
     <span class='ocr_line' id='line_1_33' title="bbox 448 2379 1841 2438; baseline -0.001 -14"><span class='ocrx_word' id='word_1_297' title='bbox 448 2388 522 2424; x_wconf 74' lang='lat' dir='ltr'><strong>lata</strong></span> <span class='ocrx_word' id='word_1_298' title='bbox 554 2386 579 2424; x_wconf 89' lang='lat' dir='ltr'>fi</span> <span class='ocrx_word' id='word_1_299' title='bbox 613 2387 700 2431; x_wconf 87' lang='lat' dir='ltr'><strong>fint,</strong></span> <span class='ocrx_word' id='word_1_300' title='bbox 732 2387 865 2438; x_wconf 83' lang='lat' dir='ltr'><strong>inepta</strong></span> <span class='ocrx_word' id='word_1_301' title='bbox 896 2385 967 2423; x_wconf 83' lang='lat' dir='ltr'><strong>effe</strong></span> <span class='ocrx_word' id='word_1_302' title='bbox 1000 2386 1236 2424; x_wconf 84' lang='lat' dir='ltr'><strong>videantur?</strong></span> <span class='ocrx_word' id='word_1_303' title='bbox 1268 2399 1387 2438; x_wconf 86' lang='lat' dir='ltr'><strong>quam</strong></span> <span class='ocrx_word' id='word_1_304' title='bbox 1420 2386 1547 2423; x_wconf 88' lang='lat' dir='ltr'><strong>multa</strong></span> <span class='ocrx_word' id='word_1_305' title='bbox 1575 2385 1682 2431; x_wconf 83' lang='lat' dir='ltr'><strong>seria,</strong></span> <span class='ocrx_word' id='word_1_306' title='bbox 1715 2379 1841 2436; x_wconf 87' lang='lat' dir='ltr'><strong>neque</strong></span> 
     </span>
     <span class='ocr_line' id='line_1_34' title="bbox 448 2452 1112 2504; baseline -0.003 -13"><span class='ocrx_word' id='word_1_307' title='bbox 448 2464 578 2491; x_wconf 86' lang='lat' dir='ltr'><strong>tamen</strong></span> <span class='ocrx_word' id='word_1_308' title='bbox 600 2453 682 2490; x_wconf 90' lang='lat' dir='ltr'><strong>ullo</strong></span> <span class='ocrx_word' id='word_1_309' title='bbox 704 2452 823 2490; x_wconf 90' lang='lat' dir='ltr'><strong>modo</strong></span> <span class='ocrx_word' id='word_1_310' title='bbox 844 2452 1081 2504; x_wconf 85' lang='lat' dir='ltr'><strong>divulganda</strong></span> <span class='ocrx_word' id='word_1_311' title='bbox 1100 2453 1112 2490; x_wconf 91' lang='lat'>?</span> 
     </span>
    </p>

    <p class='ocr_par' dir='ltr' id='par_1_5' title="bbox 504 2515 1838 2557">
     <span class='ocr_line' id='line_1_35' title="bbox 504 2515 1838 2557; baseline -0.002 -1"><span class='ocrx_word' id='word_1_312' title='bbox 504 2519 562 2556; x_wconf 73' lang='lat' dir='ltr'><strong>Sit</strong></span> <span class='ocrx_word' id='word_1_313' title='bbox 583 2518 658 2556; x_wconf 86' lang='lat' dir='ltr'><strong>hoc</strong></span> <span class='ocrx_word' id='word_1_314' title='bbox 686 2516 987 2556; x_wconf 81' lang='lat' dir='ltr'><strong>inhumanitatis</strong></span> <span class='ocrx_word' id='word_1_315' title='bbox 1016 2527 1119 2557; x_wconf 84' lang='lat' dir='ltr'><strong>tuae:</strong></span> <span class='ocrx_word' id='word_1_316' title='bbox 1152 2517 1360 2557; x_wconf 83' lang='lat' dir='ltr'><strong>stultitiam</strong></span> <span class='ocrx_word' id='word_1_317' title='bbox 1389 2517 1666 2557; x_wconf 88' lang='lat' dir='ltr'><strong>incredibilem</strong></span> <span class='ocrx_word' id='word_1_318' title='bbox 1695 2515 1838 2555; x_wconf 89' lang='lat' dir='ltr'><strong>videte.</strong></span> 
     </span>
    </p>
   </div>
  </div>
 </body>
</html>
