2076 2860
673 165 1250 207 PHILIPPICA
1326 168 1403 206 111.
1650 157 1737 223 '337

400 269 518 310 VIII.
550 268 640 316 Sed,
666 283 760 309 cum
780 279 862 309 tam
881 269 1004 309 atroci
1023 268 1151 308 ediCto
1171 281 1242 308 nos
1263 267 1544 314 concitaviffet,
1566 282 1636 308 cur
1657 269 1738 323 ipse

345 350 425 376 non
446 336 588 376 affuit?
612 350 711 375 num
731 337 878 390 putatis
899 337 1031 390 aliqua
1050 350 1090 375 re
1110 336 1224 382 tristi,
1246 349 1290 374 ac
1311 335 1464 374 severa?
1492 336 1599 374 Vino
1619 345 1739 389 atque

342 402 470 455 epulis
493 411 667 440 retentus
688 402 764 441 est:
793 402 819 441 fi
836 402 960 456 epulae
981 403 1129 455 potius,
1152 415 1273 454 quam
1292 401 1464 456 popinae,
1486 401 1737 440 nominandae

344 467 448 507 sunt.
491 468 613 507 Diem
633 468 751 508 edicti
771 469 881 507 obire
901 468 1077 521 neglexit
1095 483 1105 507 ι
1137 469 1179 506 in
1200 477 1289 506 ante
1309 467 1415 507 diem
1435 477 1622 521 quartum
1643 469 1734 507 Kal.

343 534 580 573 Decembris
602 534 768 573 distulit.
812 534 952 573 Adeffe
973 535 1014 572 in
1037 534 1239 587 Capitolio
1253 534 1364 586 juffit
1383 547 1392 571 ε
1425 533 1532 586 quod
1561 535 1602 572 in
1630 543 1735 573 tem-

343 600 458 652 plum
489 600 584 653 ipse,
617 600 746 638 nescio
778 613 878 653 qua,
909 614 978 653 per
1009 599 1221 638 Gallorum
1252 599 1487 638 cuniculum
1518 598 1733 640 adscendit.

343 666 626 704 Convenerunt
646 667 856 718 corrogati,
884 675 923 704 et
943 665 1107 718 quidem
1127 665 1250 718 ampli
1270 664 1434 718 quidam
1453 663 1651 711 homines,
1673 667 1737 704 sed

343 731 596 770 immemores
618 732 822 785 dignitatis
844 731 942 770 suae:
974 731 1138 769 isenim
1157 739 1238 768 erat
1257 730 1355 775 dies,
1386 744 1430 768 ea
1448 729 1566 776 fama,
1595 732 1643 776 is,
1666 733 1736 785 qui

342 797 521 837 senatum
541 808 710 844 vocarat,
741 808 786 837 ut
808 807 920 851 turpe
941 797 1106 836 senatori
1126 797 1231 842 esset,
1264 795 1367 835 nihil
1389 797 1541 837 timere.
1586 797 1650 836 Ad
1670 812 1734 837 eos

344 873 476 902 tamen
508 864 626 917 ipsos,
658 864 728 917 qui
759 872 1036 908 convenerant,
1068 877 1117 901 ne
1147 863 1314 901 verbum
1345 862 1508 915 quidem
1539 864 1651 902 ausus
1683 865 1737 902 est

343 928 470 968 facere
491 929 537 968 de
559 930 719 975 Caesare,
751 944 845 968 eum
872 930 919 967 de
946 943 991 968 eo
1019 929 1276 968 constituiffet
1296 929 1343 966 ad
1373 929 1549 968 senatum
1576 930 1733 970 referre.

342 997 538 1050 Scriptam
553 997 736 1036 attulerat
749 997 961 1035 consularis
976 997 1138 1050 quidam
1155 997 1400 1035 sententiam.
1419 997 1530 1050 Qid
1544 997 1598 1036 est
1612 998 1734 1044 aliud,

343 1062 390 1101 de
421 1076 467 1100 eo
498 1062 640 1101 referre
671 1077 751 1101 non
783 1062 936 1107 audere,
968 1063 1039 1115 qui
1059 1072 1198 1101 contra
1227 1063 1264 1101 se
1293 1063 1496 1102 consulem
1516 1065 1736 1103 exercitum

340 1127 516 1175 duceret,
549 1129 619 1167 nisI
649 1128 818 1181 seipsum
846 1127 996 1166 hostem
1023 1128 1230 1180 judicare?
1263 1129 1426 1167 Neceffe
1449 1129 1557 1168 enim
1577 1140 1658 1168 erat
1677 1130 1735 1168 al-

343 1203 539 1234 terutrum
559 1195 631 1233 effe
650 1194 828 1240 hostem3
862 1208 934 1233 nee
954 1203 1106 1247 poterat
1126 1194 1238 1234 aliter
1258 1194 1305 1232 de
1325 1194 1545 1233 adversariis
1567 1196 1735 1235 ducibus

339 1260 524 1313 judicari.
567 1261 606 1298 Si
634 1261 756 1312 igitur
778 1262 826 1299 C.
852 1260 976 1298 Caesar
996 1259 1116 1298 hostis
1134 1279 1145 1305 ;
1179 1274 1249 1299 cur
1269 1260 1406 1298 consul
1427 1260 1530 1300 nihil
1552 1261 1669 1300 refert
1689 1262 1736 1300 ad

344 1326 553 1364 senatum?
595 1326 650 1364 fin
682 1326 750 1364 ille
781 1339 802 1364 a
833 1325 965 1364 senatu
998 1325 1193 1363 notandus
1227 1339 1306 1364 non
1338 1325 1445 1372 fuit;
1483 1327 1581 1380 quid
1611 1329 1737 1381 potest

345 1392 488 1437 dicere,
520 1392 633 1445 quin,
666 1405 758 1430 cum
791 1391 838 1430 de
872 1392 943 1429 illo
976 1391 1155 1436 tacuerit,
1186 1391 1223 1429 se
1254 1390 1406 1429 hostem
1438 1392 1510 1431 effe
1542 1393 1735 1432 confeffus

344 1459 422 1497 fit?
455 1459 589 1510 Qem
619 1458 661 1496 in
693 1458 829 1496 edidis
863 1459 1092 1511 Spartacum
1120 1457 1306 1511 appellat,
1337 1456 1445 1498 hunc
1473 1459 1514 1498 in
1535 1459 1667 1499 senatu
1688 1473 1736 1499 ne

343 1525 574 1578 improbum
596 1525 758 1578 quidem
779 1525 906 1563 dicere
927 1525 1056 1563 audet.

399 1591 474 1629 IX.
508 1592 563 1628 At
593 1592 633 1628 in
662 1591 776 1629 rebus
808 1591 1030 1629 tristiffimis
1052 1600 1219 1643 quantos
1241 1591 1386 1629 excitat
1406 1592 1535 1631 risus?
1568 1593 1733 1631 Senten-

346 1657 459 1696 tiolas
476 1657 593 1695 edicti
610 1657 812 1710 cujusdam
829 1659 1027 1696 memoria:
1045 1657 1239 1702 mandavi,
1258 1671 1352 1710 quas
1370 1659 1524 1697 videtur
1540 1659 1607 1697 ille
1622 1673 1735 1712 pera-

345 1734 453 1763 cutas
476 1734 637 1777 putare:
671 1738 743 1777 ego
764 1734 911 1769 autem,
944 1726 1014 1777 qui
1035 1725 1288 1776 intelligeret,
1321 1725 1417 1777 quid
1446 1726 1573 1763 dicere
1600 1726 1734 1771 vellet,

344 1790 472 1829 adhuc
503 1791 705 1829 neminem
735 1791 883 1829 inveni.
929 1791 1046 1829 Nulla
1075 1791 1282 1829 contumelia
1311 1791 1368 1844 cst,
1399 1806 1505 1844 quam
1518 1792 1624 1844 fizcz't
1652 1792 1735 1845 dig-

344 1871 423 1895 nus.
458 1857 639 1894 Primum
669 1856 766 1910 quid
795 1856 863 1901 est,
894 1855 1020 1910 dignus
1036 1856 1057 1896 ?
1088 1869 1179 1894 nam
1201 1857 1319 1894 etiam
1341 1857 1444 1894 malo
1468 1857 1579 1910 digni
1599 1858 1735 1903 multi,

345 1923 442 1962 ficut
463 1922 557 1975 ipse.
600 1924 664 1960 An
687 1936 805 1975 quam
827 1921 922 1960 facit
943 1924 990 1967 is,
1023 1923 1092 1974 qui
1114 1936 1207 1961 cum
1228 1922 1420 1974 dignitate
1441 1923 1494 1961 est
1513 1924 1525 1961 ?
1559 1938 1644 1976 quae
1665 1937 1735 1962 au-

344 1998 426 2026 tem
459 1988 583 2041 potest
614 1988 685 2026 effe
718 1989 873 2041 major?
918 1989 1029 2040 Qid
1059 1988 1111 2026 est
1141 2002 1280 2041 porro,
1297 1988 1430 2040 facere
1457 1990 1736 2029 contumeliam?

344 2054 433 2106 quis
456 2054 505 2092 fic
526 2054 704 2105 loquitur
722 2055 735 2091 ?
770 2053 925 2091 Deinde
944 2069 952 2092 z
985 2055 1065 2092 Αἶρε
1084 2054 1204 2098 timor,
1236 2068 1335 2107 quem
1353 2053 1543 2094 denuntiat
1560 2056 1734 2094 inimicus.

345 2119 458 2170 Qid
477 2133 569 2171 ergo
589 2121 601 2156 Ρ
634 2119 681 2156 ab
703 2120 830 2157 amico
852 2120 972 2157 timor
992 2119 1213 2158 denuntiari
1246 2120 1342 2158 solet
1360 2122 1373 2158 ?
1405 2121 1567 2160 Horum
1596 2122 1736 2160 fimilia

345 2184 544 2237 deinceps.
590 2185 736 2223 Nonne
769 2185 884 2223 satius
917 2185 970 2224 est
1001 2195 1159 2224 mutum
1194 2186 1280 2232 effe,
1312 2200 1446 2239 quam,
1479 2187 1584 2240 quod
1617 2201 1735 2226 nemo

347 2250 558 2301 intelligat,
591 2250 750 2289 dicere?
794 2252 872 2297 En,
905 2265 974 2290 cur
1004 2252 1186 2305 magister
1217 2254 1315 2305 ejIIS‚
1347 2266 1394 2291 ex
1426 2263 1576 2291 oratore
1611 2262 1735 2291 arator

347 2315 486 2359 facim,
518 2315 702 2368 poffideat
731 2317 771 2355 in
792 2331 884 2370 agro
904 2318 1067 2371 publico
1089 2319 1227 2371 populi
1255 2319 1427 2357 Romani
1449 2321 1579 2372 campi
1601 2320 1733 2357 Leon-

349 2382 422 2419 tini
444 2381 521 2419 duo
543 2382 670 2420 millia
684 2384 871 2435 jugerum
892 2385 1100 2429 immunia,
1133 2395 1178 2422 ut
1198 2384 1403 2423 hominem
1424 2386 1587 2423 stultum
1609 2385 1731 2437 magis

346 2448 465 2485 etiam
488 2447 655 2485 infatuet
676 2449 853 2487 mercede
874 2450 1047 2502 publica.
1081 2449 1152 2487 Sed
1174 2450 1256 2488 haec
1278 2450 1421 2487 leviora
1441 2450 1606 2488 fortaffe.

432 2514 498 2552 To
511 2526 563 2553 M.
598 2514 670 2553 VI.
1349 2515 1381 2551 V
1412 2528 1434 2551 v
