2076 2860
707 95 1283 140 PHILIPPICA
1359 94 1454 132 VII.
1702 105 1777 144 379

387 205 590 260 dignitatis
612 217 722 248 meae,
754 200 866 240 fuisse
887 200 1081 238 fautorem
1102 213 1111 236 ε
1144 206 1274 235 tamen
1297 194 1481 239 eundem,
1513 201 1558 231 ut
1578 192 1676 237 dixi,
1710 192 1779 230 nisi

387 275 474 312 talis
491 271 627 310 consul
643 269 747 313 effet,
768 281 906 320 negare
925 266 998 304 effe
1018 263 1220 302 consulem
1241 260 1437 299 auderem.
1467 259 1577 298 Idem
1593 272 1672 296 non
1691 271 1780 296 mo-

386 341 436 378 do
453 338 655 378 consulem
670 335 742 373 effe
759 334 862 379 dico,
882 332 945 371 sed
965 332 1085 370 etiam
1105 329 1297 368 memoria
1317 341 1403 372 mea
1423 324 1781 379 praestantiffimum

386 416 503 458 atque
523 403 724 456 optimum
745 399 975 438 consulem:
1010 411 1087 435 non
1111 396 1208 449 quin
1230 395 1313 447 pari
1334 393 1479 432 virtute
1509 400 1548 429 et
1576 391 1782 430 voluntate

387 472 454 510 alii
474 470 648 513 fuerint,
681 467 744 506 sed
768 476 915 504 tantam
937 464 1090 502 causam
1111 475 1190 500 non
1211 460 1450 504 habuerunt,
1481 458 1522 496 in
1544 471 1622 510 qua
1641 465 1679 495 et
1699 457 1780 494 vir-

387 547 516 577 tutem
531 545 571 574 et
586 535 832 574 voluntatem
848 532 955 570 suam
972 530 1225 568 declararent.
1250 527 1384 579 Hujus
1407 523 1675 576 magnitudini
1695 523 1781 560 ani-

387 605 460 649 mi,
491 602 688 656 gravitati,
720 600 929 653 sapientiae,
963 595 1167 649 tempestas
1197 593 1250 632 est
1279 593 1410 631 oblata
1434 589 1783 629 formidolofiffimi

390 670 593 722 temporis.
641 669 750 706 Tum
783 675 914 703 autem
948 662 1162 701 illustratur
1193 658 1433 703 consulatus,
1464 670 1557 695 cum
1589 655 1783 708 gubernat

390 735 695 788 rempublicam,
728 733 753 770 fi
784 746 863 769 non
893 729 1075 782 optabili,
1107 737 1145 765 at
1166 724 1387 768 neceffario,
1419 732 1624 775 tempore:
1657 721 1781 773 magis

391 812 522 841 autem
543 799 810 843 neceffarium‚
844 798 888 834 P.
914 797 962 834 C.
988 794 1146 832 nullum
1167 801 1323 844 tempus
1345 802 1521 841 unquam
1543 787 1636 826 fuit.

457 869 533 906 ΙΙΙ.
559 868 695 918 Itaque
711 878 783 916 ego
805 863 886 907 ille,
905 861 973 914 qui
996 861 1146 911 semper
1165 858 1271 910 pacis
1288 857 1422 894 auctor
1436 854 1511 900 fui,
1529 854 1674 905 cuique
1694 866 1784 906 pax,

394 933 605 986 praesertim
632 931 776 974 civilis,
809 941 1035 981 quanquam
1056 925 1243 963 omnibus
1266 923 1395 967 bonis,
1428 930 1559 960 tamen
1582 920 1621 957 in
1644 920 1783 972 primis

391 999 470 1037 fuit
486 997 691 1051 optabilis:
715 1009 833 1033 omne
853 994 960 1031 enim
982 991 1227 1030 curriculum
1249 988 1444 1027 industriae
1467 986 1601 1028 nostrae
1623 986 1664 1023 in
1680 984 1782 1029 foro,

390 1066 431 1103 in
454 1065 575 1108 curia,
607 1063 647 1100 in
668 1062 886 1100 amicorum
910 1058 1096 1111 periculis
1118 1055 1405 1109 propulsandis,
1437 1053 1680 1091 elaboratum
1701 1051 1754 1089 est
1773 1066 1782 1089 ε

390 1130 486 1169 hinc
516 1129 684 1168 honores
714 1126 985 1179 amplissimos,
1018 1123 1112 1161 hinc
1143 1122 1358 1160 mediocres
1387 1133 1496 1172 opes,
1526 1117 1623 1156 hinc
1650 1117 1785 1169 digni-

394 1207 529 1241 tatem,
561 1196 587 1233 fi
609 1208 728 1246 quam
750 1192 956 1236 habemus,
989 1189 1189 1228 consecuti
1210 1187 1359 1226 sumus.
1402 1187 1490 1238 Ego
1511 1184 1642 1236 itaque
1663 1184 1784 1236 pacis,

395 1273 439 1301 ut
468 1263 523 1300 ita
551 1262 695 1304 dicam,
727 1259 925 1301 alumnus,
957 1257 1041 1308 qui,
1073 1253 1400 1307 quantuscunque
1427 1252 1513 1290 sum
1537 1250 1658 1303 (nihil
1679 1250 1789 1288 enim

395 1328 498 1368 mihi
529 1326 684 1378 arrogo)
721 1325 797 1362 fine
832 1337 926 1376 pace
961 1322 1069 1360 civili
1105 1329 1208 1358 certe
1244 1333 1323 1356 non
1355 1317 1537 1356 fuissem:
1572 1315 1788 1369 periculose

396 1396 513 1433 dico:
547 1390 883 1445 quemadmodum
905 1388 1118 1440 accepturi,
1154 1387 1282 1423 Patres
1305 1383 1533 1436 conscripti,
1565 1382 1660 1427 fitis,
1691 1380 1788 1419 hor-

396 1475 486 1500 reo:
515 1459 578 1497 sed
599 1472 668 1511 pro
690 1470 775 1494 mea
796 1464 981 1508 perpetua
1001 1452 1217 1505 cupiditate
1239 1449 1366 1488 vestrae
1387 1449 1592 1501 dignitatis
1613 1448 1790 1485 retinen-

397 1527 468 1571 dae,
491 1534 529 1564 et
547 1523 748 1576 augendae,
767 1521 894 1574 quaeso
910 1532 1056 1571 oroque
1078 1531 1160 1562 VOS,
1180 1517 1310 1554 Patres
1331 1514 1562 1566 conscripti,
1577 1523 1621 1551 ut
1641 1513 1791 1565 primo,

398 1593 466 1631 etsi
486 1592 560 1629 erit
579 1590 640 1628 vel
660 1589 846 1627 acerbum
867 1586 1018 1630 auditu,
1041 1584 1100 1622 vel
1123 1581 1356 1621 incredibile
1376 1595 1396 1618 a
1416 1581 1480 1618 Μ.
1505 1580 1697 1618 Cicerone
1718 1579 1790 1617 effe

398 1658 565 1702 dictum,
596 1654 796 1708 accipiatis
818 1654 895 1692 fine
916 1651 1142 1695 offenfione‚
1165 1648 1272 1702 quod
1293 1647 1453 1691 dixer03
1486 1658 1582 1683 neve
1602 1644 1643 1682 id
1664 1645 1789 1697 prius,

398 1737 521 1777 quam
551 1721 665 1775 quale
697 1720 743 1759 fit
773 1719 1033 1772 explicavero,
1066 1714 1294 1768 repudietis.
1341 1714 1428 1764 Ego
1461 1710 1529 1749 ille
1551 1710 1699 1763 (dicam
1720 1710 1789 1749 sae-

399 1790 508 1844 pius)
543 1789 648 1842 pacis
681 1787 831 1840 semper
862 1784 1053 1828 laudator,
1085 1783 1234 1834 semper
1260 1781 1407 1824 auctor,
1439 1791 1576 1831 pacem
1602 1790 1695 1815 curn
1724 1776 1788 1815 M.

399 1856 579 1895 Antonio
599 1853 672 1893 esse
692 1853 800 1892 nolo.

455 1922 606 1974 Magna
639 1919 703 1972 spe
737 1917 937 1970 ingredior
967 1916 1006 1954 in
1039 1914 1230 1965 reliquam
1260 1911 1493 1954 orationem,
1530 1909 1662 1946 Patres
1692 1921 1791 1946 con-

399 1988 550 2041 scripti,
581 1985 770 2039 quoniam
802 1977 1167 2035 periculofissimum
1195 1979 1329 2016 locum
1351 1976 1504 2014 filenti0
1525 1974 1609 2012 sum
1631 1982 1790 2026 praeter—

400 2056 548 2092 vectus.
589 2054 672 2090 Cur
698 2051 821 2102 igitur
848 2062 985 2101 pacem
1006 2047 1098 2084 nolo
1117 2047 1130 2083 ?
1163 2046 1254 2098 quia
1276 2044 1400 2095 turpis
1422 2042 1489 2086 est,
1522 2041 1614 2094 quia
1635 2040 1791 2094 pericu-

403 2120 494 2164 losa,
527 2119 620 2171 quia
639 2117 710 2155 effe
732 2130 809 2154 non
833 2114 970 2168 potest.
1015 2114 1114 2164 Qae
1136 2113 1208 2150 tria
1228 2110 1323 2148 dum
1344 2110 1515 2162 explico,
1548 2117 1640 2160 peto
1672 2120 1692 2144 a
1720 2121 1790 2145 vo-

405 2186 479 2229 bis,
508 2185 638 2222 Patres
660 2181 887 2233 conscripti,
911 2190 954 2218 ut
975 2179 1108 2219 eadem
1131 2177 1389 2229 benignitate,
1412 2190 1488 2228 qua
1511 2174 1655 2218 soletis,
1677 2172 1793 2211 verba

404 2263 490 2289 mea
509 2249 689 2287 audiatis.
1780 2276 1783 2280 ,

461 2314 573 2367 Qid
606 2313 659 2351 est
693 2312 976 2356 inconstantia,
1009 2310 1256 2353 mobilitate,
1290 2307 1471 2350 levitate,
1504 2319 1597 2343 cum
1632 2303 1792 2355 singulis

406 2381 654 2426 hominibus,
686 2389 773 2417 tum
805 2392 894 2417 vero
926 2376 1102 2416 universo
1135 2375 1296 2418 senatui,
1330 2373 1516 2424 turpius?
1554 2370 1649 2423 quid
1679 2380 1795 2421 porro

1317 2439 1345 2475 Β
1368 2438 1392 2475 b
1415 2438 1438 2475 b
1471 2449 1492 2474 2
