<?xml version="1.0" encoding="UTF-8"?>
<!DOCTYPE html PUBLIC "-//W3C//DTD XHTML 1.0 Transitional//EN"
    "http://www.w3.org/TR/xhtml1/DTD/xhtml1-transitional.dtd">
<html xmlns="http://www.w3.org/1999/xhtml" xml:lang="en" lang="en">
 <head>
  <title>
</title>
<meta http-equiv="Content-Type" content="text/html;charset=utf-8" />
  <meta name='ocr-system' content='tesseract 3.04.00' />
  <meta name='ocr-capabilities' content='ocr_page ocr_carea ocr_par ocr_line ocrx_word'/>
</head>
<body>
  <div class='ocr_page' id='page_1' title='image "./operacumindicibu06ciceuoft_0482.png"; bbox 0 0 2076 2860; ppageno 0'>
   <div class='ocr_carea' id='block_1_1' title="bbox 475 202 1596 259">
    <p class='ocr_par' dir='ltr' id='par_1_1' title="bbox 475 202 1596 259">
     <span class='ocr_line' id='line_1_1' title="bbox 475 202 1596 259; baseline -0.001 -15"><span class='ocrx_word' id='word_1_1' title='bbox 475 217 554 259; x_wconf 80' lang='lat'>472</span> <span class='ocrx_word' id='word_1_2' title='bbox 747 203 823 243; x_wconf 92' lang='lat' dir='ltr'>IN</span> <span class='ocrx_word' id='word_1_3' title='bbox 883 203 949 242; x_wconf 88' lang='lat' dir='ltr'>M.</span> <span class='ocrx_word' id='word_1_4' title='bbox 1011 202 1454 249; x_wconf 89' lang='lat' dir='ltr'><strong>ANTONIUM‚</strong></span> <span class='ocrx_word' id='word_1_5' title='bbox 1518 203 1596 243; x_wconf 55' lang='lat' dir='ltr'>&amp;a</span> 
     </span>
    </p>
   </div>
   <div class='ocr_carea' id='block_1_2' title="bbox 463 305 1869 1884">
    <p class='ocr_par' dir='ltr' id='par_1_2' title="bbox 463 305 1869 1884">
     <span class='ocr_line' id='line_1_2' title="bbox 474 305 1867 358; baseline 0.001 -13"><span class='ocrx_word' id='word_1_6' title='bbox 474 313 506 330; x_wconf 83' lang='lat'><strong>“</strong></span> <span class='ocrx_word' id='word_1_7' title='bbox 529 306 704 351; x_wconf 82' lang='lat' dir='ltr'>Hirtius,</span> <span class='ocrx_word' id='word_1_8' title='bbox 722 305 915 350; x_wconf 89' lang='lat' dir='ltr'>consules,</span> <span class='ocrx_word' id='word_1_9' title='bbox 934 305 1202 358; x_wconf 86' lang='lat' dir='ltr'>imperatores,</span> <span class='ocrx_word' id='word_1_10' title='bbox 1220 305 1317 343; x_wconf 89' lang='lat' dir='ltr'>alter</span> <span class='ocrx_word' id='word_1_11' title='bbox 1337 306 1517 351; x_wconf 86' lang='lat' dir='ltr'>ambove,</span> <span class='ocrx_word' id='word_1_12' title='bbox 1536 315 1616 351; x_wconf 89' lang='lat' dir='ltr'>aut,</span> <span class='ocrx_word' id='word_1_13' title='bbox 1641 305 1665 343; x_wconf 87' lang='lat' dir='ltr'>fi</span> <span class='ocrx_word' id='word_1_14' title='bbox 1687 305 1867 353; x_wconf 82' lang='lat' dir='ltr'>aberunt,</span> 
     </span>
     <span class='ocr_line' id='line_1_3' title="bbox 475 372 1867 426; baseline 0 -15"><span class='ocrx_word' id='word_1_15' title='bbox 475 380 506 397; x_wconf 88' lang='lat'><strong>“</strong></span> <span class='ocrx_word' id='word_1_16' title='bbox 527 374 590 411; x_wconf 90' lang='lat' dir='ltr'>M.</span> <span class='ocrx_word' id='word_1_17' title='bbox 616 374 832 417; x_wconf 81' lang='lat' dir='ltr'>Cornutus,</span> <span class='ocrx_word' id='word_1_18' title='bbox 856 380 998 424; x_wconf 87' lang='lat' dir='ltr'>praetor</span> <span class='ocrx_word' id='word_1_19' title='bbox 1019 372 1204 417; x_wconf 82' lang='lat' dir='ltr'>urbanus,</span> <span class='ocrx_word' id='word_1_20' title='bbox 1229 372 1534 425; x_wconf 81' lang='lat' dir='ltr'>supplicationes</span> <span class='ocrx_word' id='word_1_21' title='bbox 1554 386 1622 425; x_wconf 91' lang='lat' dir='ltr'>per</span> <span class='ocrx_word' id='word_1_22' title='bbox 1643 372 1724 411; x_wconf 85' lang='lat' dir='ltr'>dies</span> <span class='ocrx_word' id='word_1_23' title='bbox 1746 374 1867 426; x_wconf 91' lang='lat' dir='ltr'>quin-</span> 
     </span>
     <span class='ocr_line' id='line_1_4' title="bbox 474 438 1868 491; baseline 0.001 -15"><span class='ocrx_word' id='word_1_24' title='bbox 474 446 503 462; x_wconf 88' lang='lat'><strong>“</strong></span> <span class='ocrx_word' id='word_1_25' title='bbox 525 439 712 491; x_wconf 83' lang='lat' dir='ltr'>quaginta</span> <span class='ocrx_word' id='word_1_26' title='bbox 733 438 779 475; x_wconf 88' lang='lat' dir='ltr'>ad</span> <span class='ocrx_word' id='word_1_27' title='bbox 800 439 934 476; x_wconf 87' lang='lat' dir='ltr'>omnia</span> <span class='ocrx_word' id='word_1_28' title='bbox 952 438 1173 490; x_wconf 84' lang='lat' dir='ltr'>pulvinaria</span> <span class='ocrx_word' id='word_1_29' title='bbox 1192 438 1418 476; x_wconf 85' lang='lat' dir='ltr'>constituat.</span> <span class='ocrx_word' id='word_1_30' title='bbox 1457 440 1643 491; x_wconf 84' lang='lat' dir='ltr'>Cumque</span> <span class='ocrx_word' id='word_1_31' title='bbox 1662 440 1787 478; x_wconf 88' lang='lat' dir='ltr'>virtus</span> <span class='ocrx_word' id='word_1_32' title='bbox 1809 439 1868 478; x_wconf 87' lang='lat' dir='ltr'>le-</span> 
     </span>
     <span class='ocr_line' id='line_1_5' title="bbox 474 504 1867 557; baseline 0.001 -15"><span class='ocrx_word' id='word_1_33' title='bbox 474 511 502 527; x_wconf 90' lang='lat'><strong>“</strong></span> <span class='ocrx_word' id='word_1_34' title='bbox 523 506 690 557; x_wconf 84' lang='lat' dir='ltr'>gionum</span> <span class='ocrx_word' id='word_1_35' title='bbox 721 504 839 556; x_wconf 85' lang='lat' dir='ltr'>digna</span> <span class='ocrx_word' id='word_1_36' title='bbox 868 504 1085 542; x_wconf 81' lang='lat' dir='ltr'>clariffimis</span> <span class='ocrx_word' id='word_1_37' title='bbox 1114 504 1418 556; x_wconf 83' lang='lat' dir='ltr'>imperatoribus</span> <span class='ocrx_word' id='word_1_38' title='bbox 1452 504 1642 550; x_wconf 80' lang='lat' dir='ltr'>extiterit,</span> <span class='ocrx_word' id='word_1_39' title='bbox 1674 505 1867 551; x_wconf 81' lang='lat' dir='ltr'>senatum,</span> 
     </span>
     <span class='ocr_line' id='line_1_6' title="bbox 473 569 1869 623; baseline 0.001 -14"><span class='ocrx_word' id='word_1_40' title='bbox 473 577 501 593; x_wconf 93' lang='lat'><strong>“</strong></span> <span class='ocrx_word' id='word_1_41' title='bbox 524 585 610 623; x_wconf 85' lang='lat' dir='ltr'>quae</span> <span class='ocrx_word' id='word_1_42' title='bbox 632 571 677 609; x_wconf 93' lang='lat' dir='ltr'>s1t</span> <span class='ocrx_word' id='word_1_43' title='bbox 698 580 809 609; x_wconf 82' lang='lat' dir='ltr'>antea</span> <span class='ocrx_word' id='word_1_44' title='bbox 828 570 1034 623; x_wconf 85' lang='lat' dir='ltr'>pollicitus</span> <span class='ocrx_word' id='word_1_45' title='bbox 1056 570 1280 622; x_wconf 83' lang='lat' dir='ltr'>legionibus</span> <span class='ocrx_word' id='word_1_46' title='bbox 1302 569 1619 623; x_wconf 84' lang='lat' dir='ltr'>exercitibusque</span> <span class='ocrx_word' id='word_1_47' title='bbox 1640 571 1793 617; x_wconf 89' lang='lat' dir='ltr'>nostris,</span> <span class='ocrx_word' id='word_1_48' title='bbox 1825 586 1869 610; x_wconf 87' lang='lat' dir='ltr'>ea</span> 
     </span>
     <span class='ocr_line' id='line_1_7' title="bbox 472 636 1868 690; baseline 0.001 -16"><span class='ocrx_word' id='word_1_49' title='bbox 472 643 501 659; x_wconf 68' lang='lat'>‘³</span> <span class='ocrx_word' id='word_1_50' title='bbox 524 636 680 675; x_wconf 86' lang='lat' dir='ltr'>summo</span> <span class='ocrx_word' id='word_1_51' title='bbox 702 636 843 682; x_wconf 91' lang='lat' dir='ltr'>studio,</span> <span class='ocrx_word' id='word_1_52' title='bbox 867 636 1069 689; x_wconf 84' lang='lat' dir='ltr'>republica</span> <span class='ocrx_word' id='word_1_53' title='bbox 1091 646 1329 689; x_wconf 85' lang='lat' dir='ltr'>recuperata,</span> <span class='ocrx_word' id='word_1_54' title='bbox 1351 636 1671 689; x_wconf 90' lang='lat' dir='ltr'>persoluturum:</span> <span class='ocrx_word' id='word_1_55' title='bbox 1695 650 1868 690; x_wconf 90' lang='lat' dir='ltr'>cumque</span> 
     </span>
     <span class='ocr_line' id='line_1_8' title="bbox 472 701 1868 756; baseline 0.001 -15"><span class='ocrx_word' id='word_1_56' title='bbox 472 703 627 755; x_wconf 87' lang='lat' dir='ltr'>“legio</span> <span class='ocrx_word' id='word_1_57' title='bbox 661 703 808 740; x_wconf 86' lang='lat' dir='ltr'>Martia</span> <span class='ocrx_word' id='word_1_58' title='bbox 842 703 1024 756; x_wconf 84' lang='lat' dir='ltr'>princeps</span> <span class='ocrx_word' id='word_1_59' title='bbox 1060 716 1154 741; x_wconf 89' lang='lat' dir='ltr'>cum</span> <span class='ocrx_word' id='word_1_60' title='bbox 1188 701 1365 741; x_wconf 87' lang='lat' dir='ltr'>hostibus</span> <span class='ocrx_word' id='word_1_61' title='bbox 1396 702 1634 748; x_wconf 84' lang='lat' dir='ltr'>conflixerit,</span> <span class='ocrx_word' id='word_1_62' title='bbox 1666 712 1784 756; x_wconf 88' lang='lat' dir='ltr'>atque</span> <span class='ocrx_word' id='word_1_63' title='bbox 1813 704 1868 742; x_wconf 87' lang='lat' dir='ltr'>ita</span> 
     </span>
     <span class='ocr_line' id='line_1_9' title="bbox 472 769 1866 823; baseline 0.001 -16"><span class='ocrx_word' id='word_1_64' title='bbox 472 776 501 793; x_wconf 89' lang='lat'><strong>“</strong></span> <span class='ocrx_word' id='word_1_65' title='bbox 523 784 617 808; x_wconf 89' lang='lat' dir='ltr'>cum</span> <span class='ocrx_word' id='word_1_66' title='bbox 637 771 784 823; x_wconf 82' lang='lat' dir='ltr'>majore</span> <span class='ocrx_word' id='word_1_67' title='bbox 805 783 971 808; x_wconf 86' lang='lat' dir='ltr'>nurnero</span> <span class='ocrx_word' id='word_1_68' title='bbox 991 769 1166 808; x_wconf 89' lang='lat' dir='ltr'>hostiurn</span> <span class='ocrx_word' id='word_1_69' title='bbox 1192 769 1455 816; x_wconf 84' lang='lat' dir='ltr'>contenderit,</span> <span class='ocrx_word' id='word_1_70' title='bbox 1488 780 1532 808; x_wconf 90' lang='lat' dir='ltr'>ut</span> <span class='ocrx_word' id='word_1_71' title='bbox 1563 770 1757 823; x_wconf 89' lang='lat' dir='ltr'>plurimos</span> <span class='ocrx_word' id='word_1_72' title='bbox 1790 784 1866 809; x_wconf 89' lang='lat' dir='ltr'>cae-</span> 
     </span>
     <span class='ocr_line' id='line_1_10' title="bbox 471 836 1867 889; baseline 0.001 -15"><span class='ocrx_word' id='word_1_73' title='bbox 471 843 500 859; x_wconf 89' lang='lat'><strong>“</strong></span> <span class='ocrx_word' id='word_1_74' title='bbox 522 837 672 882; x_wconf 86' lang='lat' dir='ltr'>derent,</span> <span class='ocrx_word' id='word_1_75' title='bbox 705 846 888 889; x_wconf 82' lang='lat' dir='ltr'>caperent</span> <span class='ocrx_word' id='word_1_76' title='bbox 916 836 1130 875; x_wconf 82' lang='lat' dir='ltr'>nonnullos</span> <span class='ocrx_word' id='word_1_77' title='bbox 1151 852 1158 875; x_wconf 92' lang='lat'><strong>:</strong></span> <span class='ocrx_word' id='word_1_78' title='bbox 1193 850 1367 889; x_wconf 90' lang='lat' dir='ltr'>cumque</span> <span class='ocrx_word' id='word_1_79' title='bbox 1394 837 1472 875; x_wconf 89' lang='lat' dir='ltr'>fine</span> <span class='ocrx_word' id='word_1_80' title='bbox 1493 836 1574 875; x_wconf 90' lang='lat' dir='ltr'>ulla</span> <span class='ocrx_word' id='word_1_81' title='bbox 1595 838 1867 875; x_wconf 61' lang='lat' dir='ltr'>retractatione</span> 
     </span>
     <span class='ocr_line' id='line_1_11' title="bbox 469 903 1864 956; baseline 0.001 -16"><span class='ocrx_word' id='word_1_82' title='bbox 469 909 499 925; x_wconf 86' lang='lat'><strong>“</strong></span> <span class='ocrx_word' id='word_1_83' title='bbox 521 917 592 956; x_wconf 91' lang='lat' dir='ltr'>pro</span> <span class='ocrx_word' id='word_1_84' title='bbox 613 904 737 956; x_wconf 82' lang='lat' dir='ltr'>patria</span> <span class='ocrx_word' id='word_1_85' title='bbox 756 904 879 941; x_wconf 87' lang='lat' dir='ltr'>vitam</span> <span class='ocrx_word' id='word_1_86' title='bbox 898 903 1171 956; x_wconf 86' lang='lat' dir='ltr'>profuderint:</span> <span class='ocrx_word' id='word_1_87' title='bbox 1195 917 1369 956; x_wconf 87' lang='lat' dir='ltr'>cumque</span> <span class='ocrx_word' id='word_1_88' title='bbox 1390 903 1508 941; x_wconf 85' lang='lat' dir='ltr'>fimili</span> <span class='ocrx_word' id='word_1_89' title='bbox 1528 903 1675 942; x_wconf 85' lang='lat' dir='ltr'>virtute</span> <span class='ocrx_word' id='word_1_90' title='bbox 1691 903 1864 956; x_wconf 87' lang='lat' dir='ltr'>reliqua-</span> 
     </span>
     <span class='ocr_line' id='line_1_12' title="bbox 470 969 1865 1023; baseline 0.001 -17"><span class='ocrx_word' id='word_1_91' title='bbox 470 975 500 991; x_wconf 88' lang='lat'><strong>“</strong></span> <span class='ocrx_word' id='word_1_92' title='bbox 523 983 612 1007; x_wconf 89' lang='lat' dir='ltr'>rum</span> <span class='ocrx_word' id='word_1_93' title='bbox 632 969 838 1021; x_wconf 84' lang='lat' dir='ltr'>legionum</span> <span class='ocrx_word' id='word_1_94' title='bbox 860 970 1008 1008; x_wconf 85' lang='lat' dir='ltr'>milites</span> <span class='ocrx_word' id='word_1_95' title='bbox 1036 983 1108 1022; x_wconf 88' lang='lat' dir='ltr'>pro</span> <span class='ocrx_word' id='word_1_96' title='bbox 1130 969 1249 1008; x_wconf 81' lang='lat' dir='ltr'>salute</span> <span class='ocrx_word' id='word_1_97' title='bbox 1269 978 1308 1008; x_wconf 90' lang='lat' dir='ltr'>et</span> <span class='ocrx_word' id='word_1_98' title='bbox 1329 970 1510 1008; x_wconf 87' lang='lat' dir='ltr'>libertate</span> <span class='ocrx_word' id='word_1_99' title='bbox 1530 969 1670 1023; x_wconf 91' lang='lat' dir='ltr'>populi</span> <span class='ocrx_word' id='word_1_100' title='bbox 1692 969 1865 1008; x_wconf 89' lang='lat' dir='ltr'>Romani</span> 
     </span>
     <span class='ocr_line' id='line_1_13' title="bbox 470 1035 1863 1089; baseline 0 -16"><span class='ocrx_word' id='word_1_101' title='bbox 470 1041 500 1058; x_wconf 90' lang='lat'><strong>“</strong></span> <span class='ocrx_word' id='word_1_102' title='bbox 521 1044 692 1074; x_wconf 89' lang='lat' dir='ltr'>mortem</span> <span class='ocrx_word' id='word_1_103' title='bbox 713 1035 1004 1089; x_wconf 84' lang='lat' dir='ltr'>oppetiverint;</span> <span class='ocrx_word' id='word_1_104' title='bbox 1037 1036 1188 1074; x_wconf 85' lang='lat' dir='ltr'>senatui</span> <span class='ocrx_word' id='word_1_105' title='bbox 1208 1037 1374 1089; x_wconf 87' lang='lat' dir='ltr'>placere,</span> <span class='ocrx_word' id='word_1_106' title='bbox 1397 1045 1442 1074; x_wconf 92' lang='lat' dir='ltr'>ut</span> <span class='ocrx_word' id='word_1_107' title='bbox 1464 1038 1513 1075; x_wconf 90' lang='lat' dir='ltr'>C.</span> <span class='ocrx_word' id='word_1_108' title='bbox 1532 1036 1666 1080; x_wconf 80' lang='lat' dir='ltr'>Pansa,</span> <span class='ocrx_word' id='word_1_109' title='bbox 1691 1037 1742 1074; x_wconf 92' lang='lat' dir='ltr'>A.</span> <span class='ocrx_word' id='word_1_110' title='bbox 1761 1036 1863 1074; x_wconf 87' lang='lat' dir='ltr'>Hir·</span> 
     </span>
     <span class='ocr_line' id='line_1_14' title="bbox 470 1101 1862 1154; baseline -0.001 -14"><span class='ocrx_word' id='word_1_111' title='bbox 470 1108 498 1123; x_wconf 77' lang='lat'>‘⁶</span> <span class='ocrx_word' id='word_1_112' title='bbox 521 1102 615 1148; x_wconf 89' lang='lat' dir='ltr'>tius,</span> <span class='ocrx_word' id='word_1_113' title='bbox 647 1102 840 1147; x_wconf 88' lang='lat' dir='ltr'>consules,</span> <span class='ocrx_word' id='word_1_114' title='bbox 872 1102 1142 1154; x_wconf 85' lang='lat' dir='ltr'>imperatores,</span> <span class='ocrx_word' id='word_1_115' title='bbox 1173 1102 1270 1139; x_wconf 85' lang='lat' dir='ltr'>alter</span> <span class='ocrx_word' id='word_1_116' title='bbox 1304 1102 1483 1147; x_wconf 86' lang='lat' dir='ltr'>ambove,</span> <span class='ocrx_word' id='word_1_117' title='bbox 1517 1102 1542 1139; x_wconf 88' lang='lat' dir='ltr'><strong>fi</strong></span> <span class='ocrx_word' id='word_1_118' title='bbox 1577 1101 1638 1140; x_wconf 92' lang='lat' dir='ltr'>his</span> <span class='ocrx_word' id='word_1_119' title='bbox 1671 1101 1862 1146; x_wconf 83' lang='lat' dir='ltr'>videatur,</span> 
     </span>
     <span class='ocr_line' id='line_1_15' title="bbox 470 1167 1861 1221; baseline 0 -16"><span class='ocrx_word' id='word_1_120' title='bbox 470 1174 498 1190; x_wconf 90' lang='lat'><strong>“</strong></span> <span class='ocrx_word' id='word_1_121' title='bbox 521 1168 584 1212; x_wconf 86' lang='lat' dir='ltr'>iis,</span> <span class='ocrx_word' id='word_1_122' title='bbox 602 1169 671 1221; x_wconf 87' lang='lat' dir='ltr'>qui</span> <span class='ocrx_word' id='word_1_123' title='bbox 693 1167 922 1220; x_wconf 86' lang='lat' dir='ltr'>sanguinem</span> <span class='ocrx_word' id='word_1_124' title='bbox 938 1182 1010 1220; x_wconf 90' lang='lat' dir='ltr'>pro</span> <span class='ocrx_word' id='word_1_125' title='bbox 1026 1169 1119 1212; x_wconf 89' lang='lat' dir='ltr'>vita,</span> <span class='ocrx_word' id='word_1_126' title='bbox 1137 1168 1333 1212; x_wconf 82' lang='lat' dir='ltr'>libertate,</span> <span class='ocrx_word' id='word_1_127' title='bbox 1352 1167 1599 1220; x_wconf 88' lang='lat' dir='ltr'>fortunisque</span> <span class='ocrx_word' id='word_1_128' title='bbox 1615 1168 1755 1220; x_wconf 78' lang='lat' dir='ltr'>populi</span> <span class='ocrx_word' id='word_1_129' title='bbox 1777 1168 1861 1206; x_wconf 84' lang='lat' dir='ltr'>Ro-</span> 
     </span>
     <span class='ocr_line' id='line_1_16' title="bbox 470 1233 1860 1287; baseline -0.001 -15"><span class='ocrx_word' id='word_1_130' title='bbox 470 1241 497 1257; x_wconf 92' lang='lat'><strong>“</strong></span> <span class='ocrx_word' id='word_1_131' title='bbox 520 1236 641 1279; x_wconf 84' lang='lat' dir='ltr'>mani,</span> <span class='ocrx_word' id='word_1_132' title='bbox 660 1249 731 1287; x_wconf 83' lang='lat' dir='ltr'>pro</span> <span class='ocrx_word' id='word_1_133' title='bbox 749 1234 858 1279; x_wconf 87' lang='lat' dir='ltr'>urbe,</span> <span class='ocrx_word' id='word_1_134' title='bbox 879 1235 1113 1287; x_wconf 87' lang='lat' dir='ltr'>templisque</span> <span class='ocrx_word' id='word_1_135' title='bbox 1131 1236 1311 1272; x_wconf 89' lang='lat' dir='ltr'>Deorum</span> <span class='ocrx_word' id='word_1_136' title='bbox 1332 1235 1636 1278; x_wconf 80' lang='lat' dir='ltr'>immortalium,</span> <span class='ocrx_word' id='word_1_137' title='bbox 1659 1233 1860 1286; x_wconf 85' lang='lat' dir='ltr'>profudis-</span> 
     </span>
     <span class='ocr_line' id='line_1_17' title="bbox 469 1298 1863 1352; baseline 0.001 -14"><span class='ocrx_word' id='word_1_138' title='bbox 469 1308 495 1323; x_wconf 92' lang='lat'><strong>“</strong></span> <span class='ocrx_word' id='word_1_139' title='bbox 520 1300 616 1346; x_wconf 84' lang='lat' dir='ltr'>sent,</span> <span class='ocrx_word' id='word_1_140' title='bbox 632 1309 940 1349; x_wconf 84' lang='lat' dir='ltr'>monumentum</span> <span class='ocrx_word' id='word_1_141' title='bbox 955 1314 1073 1352; x_wconf 84' lang='lat' dir='ltr'>quam</span> <span class='ocrx_word' id='word_1_142' title='bbox 1091 1300 1374 1352; x_wconf 85' lang='lat' dir='ltr'>ampliffimum</span> <span class='ocrx_word' id='word_1_143' title='bbox 1390 1299 1618 1344; x_wconf 85' lang='lat' dir='ltr'>locandum,</span> <span class='ocrx_word' id='word_1_144' title='bbox 1634 1298 1863 1339; x_wconf 84' lang='lat' dir='ltr'>faciendum</span> 
     </span>
     <span class='ocr_line' id='line_1_18' title="bbox 468 1367 1860 1419; baseline 0 -15"><span class='ocrx_word' id='word_1_145' title='bbox 468 1374 496 1389; x_wconf 87' lang='lat'><strong>“</strong></span> <span class='ocrx_word' id='word_1_146' title='bbox 519 1377 685 1405; x_wconf 87' lang='lat' dir='ltr'>curent:</span> <span class='ocrx_word' id='word_1_147' title='bbox 719 1367 924 1419; x_wconf 59' lang='lat' dir='ltr'>quaestores</span> <span class='ocrx_word' id='word_1_148' title='bbox 947 1367 1054 1404; x_wconf 88' lang='lat' dir='ltr'>urbis</span> <span class='ocrx_word' id='word_1_149' title='bbox 1077 1367 1123 1404; x_wconf 86' lang='lat' dir='ltr'>ad</span> <span class='ocrx_word' id='word_1_150' title='bbox 1144 1380 1229 1405; x_wconf 85' lang='lat' dir='ltr'>eam</span> <span class='ocrx_word' id='word_1_151' title='bbox 1260 1381 1342 1404; x_wconf 89' lang='lat' dir='ltr'>rem</span> <span class='ocrx_word' id='word_1_152' title='bbox 1372 1368 1581 1419; x_wconf 82' lang='lat' dir='ltr'>pecuniam</span> <span class='ocrx_word' id='word_1_153' title='bbox 1612 1367 1714 1411; x_wconf 78' lang='lat' dir='ltr'>dare,</span> <span class='ocrx_word' id='word_1_154' title='bbox 1746 1368 1860 1405; x_wconf 85' lang='lat' dir='ltr'>attri-</span> 
     </span>
     <span class='ocr_line' id='line_1_19' title="bbox 467 1433 1861 1486; baseline 0.001 -16"><span class='ocrx_word' id='word_1_155' title='bbox 467 1438 494 1455; x_wconf 90' lang='lat'><strong>“</strong></span> <span class='ocrx_word' id='word_1_156' title='bbox 519 1434 651 1478; x_wconf 85' lang='lat' dir='ltr'>buere,</span> <span class='ocrx_word' id='word_1_157' title='bbox 683 1433 829 1472; x_wconf 85' lang='lat' dir='ltr'>solvere</span> <span class='ocrx_word' id='word_1_158' title='bbox 855 1433 1037 1486; x_wconf 88' lang='lat' dir='ltr'>jubeant,</span> <span class='ocrx_word' id='word_1_159' title='bbox 1070 1442 1114 1471; x_wconf 92' lang='lat' dir='ltr'>ut</span> <span class='ocrx_word' id='word_1_160' title='bbox 1145 1443 1251 1472; x_wconf 77' lang='lat' dir='ltr'>extet</span> <span class='ocrx_word' id='word_1_161' title='bbox 1282 1433 1329 1470; x_wconf 86' lang='lat' dir='ltr'>ad</span> <span class='ocrx_word' id='word_1_162' title='bbox 1361 1434 1594 1471; x_wconf 81' lang='lat' dir='ltr'>memoriam</span> <span class='ocrx_word' id='word_1_163' title='bbox 1627 1433 1861 1485; x_wconf 88' lang='lat' dir='ltr'>posteritatis</span> 
     </span>
     <span class='ocr_line' id='line_1_20' title="bbox 467 1499 1859 1552; baseline 0.001 -15"><span class='ocrx_word' id='word_1_164' title='bbox 467 1506 495 1522; x_wconf 86' lang='lat'><strong>“</strong></span> <span class='ocrx_word' id='word_1_165' title='bbox 519 1500 809 1552; x_wconf 76' lang='lat' dir='ltr'>tempiternam‚</span> <span class='ocrx_word' id='word_1_166' title='bbox 841 1500 888 1538; x_wconf 85' lang='lat' dir='ltr'>ad</span> <span class='ocrx_word' id='word_1_167' title='bbox 909 1500 1033 1538; x_wconf 87' lang='lat' dir='ltr'>scelus</span> <span class='ocrx_word' id='word_1_168' title='bbox 1054 1499 1411 1538; x_wconf 85' lang='lat' dir='ltr'>crudeliffimorum</span> <span class='ocrx_word' id='word_1_169' title='bbox 1436 1499 1624 1544; x_wconf 89' lang='lat' dir='ltr'>hostium,</span> <span class='ocrx_word' id='word_1_170' title='bbox 1657 1499 1859 1538; x_wconf 82' lang='lat' dir='ltr'>militum-</span> 
     </span>
     <span class='ocr_line' id='line_1_21' title="bbox 467 1566 1859 1620; baseline 0 -17"><span class='ocrx_word' id='word_1_171' title='bbox 467 1573 494 1588; x_wconf 92' lang='lat'><strong>“</strong></span> <span class='ocrx_word' id='word_1_172' title='bbox 517 1580 593 1618; x_wconf 87' lang='lat' dir='ltr'>que</span> <span class='ocrx_word' id='word_1_173' title='bbox 614 1566 789 1604; x_wconf 87' lang='lat' dir='ltr'>divinam</span> <span class='ocrx_word' id='word_1_174' title='bbox 809 1567 1018 1605; x_wconf 87' lang='lat' dir='ltr'>virtutem:</span> <span class='ocrx_word' id='word_1_175' title='bbox 1044 1575 1182 1619; x_wconf 88' lang='lat' dir='ltr'>utque,</span> <span class='ocrx_word' id='word_1_176' title='bbox 1200 1580 1286 1620; x_wconf 84' lang='lat' dir='ltr'>quae</span> <span class='ocrx_word' id='word_1_177' title='bbox 1306 1567 1466 1619; x_wconf 71' lang='lat' dir='ltr'>praemia</span> <span class='ocrx_word' id='word_1_178' title='bbox 1487 1566 1637 1604; x_wconf 84' lang='lat' dir='ltr'>senatus</span> <span class='ocrx_word' id='word_1_179' title='bbox 1660 1566 1859 1604; x_wconf 88' lang='lat' dir='ltr'>militibus</span> 
     </span>
     <span class='ocr_line' id='line_1_22' title="bbox 466 1632 1863 1686; baseline 0 -16"><span class='ocrx_word' id='word_1_180' title='bbox 466 1638 493 1655; x_wconf 90' lang='lat'><strong>“</strong></span> <span class='ocrx_word' id='word_1_181' title='bbox 516 1643 604 1671; x_wconf 88' lang='lat' dir='ltr'>ante</span> <span class='ocrx_word' id='word_1_182' title='bbox 625 1633 843 1679; x_wconf 86' lang='lat' dir='ltr'>constituit,</span> <span class='ocrx_word' id='word_1_183' title='bbox 875 1647 919 1671; x_wconf 88' lang='lat' dir='ltr'>ea</span> <span class='ocrx_word' id='word_1_184' title='bbox 938 1633 1137 1672; x_wconf 85' lang='lat' dir='ltr'>solvantur</span> <span class='ocrx_word' id='word_1_185' title='bbox 1155 1647 1308 1679; x_wconf 87' lang='lat' dir='ltr'>eorum,</span> <span class='ocrx_word' id='word_1_186' title='bbox 1331 1635 1399 1686; x_wconf 90' lang='lat' dir='ltr'>qui</span> <span class='ocrx_word' id='word_1_187' title='bbox 1421 1632 1497 1672; x_wconf 82' lang='lat' dir='ltr'>hoc</span> <span class='ocrx_word' id='word_1_188' title='bbox 1519 1633 1625 1671; x_wconf 91' lang='lat' dir='ltr'>bello</span> <span class='ocrx_word' id='word_1_189' title='bbox 1647 1646 1717 1686; x_wconf 87' lang='lat' dir='ltr'>pro</span> <span class='ocrx_word' id='word_1_190' title='bbox 1737 1633 1863 1685; x_wconf 79' lang='lat' dir='ltr'>patria</span> 
     </span>
     <span class='ocr_line' id='line_1_23' title="bbox 465 1698 1860 1752; baseline 0 -16"><span class='ocrx_word' id='word_1_191' title='bbox 465 1706 492 1721; x_wconf 91' lang='lat'>“</span> <span class='ocrx_word' id='word_1_192' title='bbox 515 1699 761 1745; x_wconf 85' lang='lat' dir='ltr'>occiderunt,</span> <span class='ocrx_word' id='word_1_193' title='bbox 784 1700 1028 1752; x_wconf 86' lang='lat' dir='ltr'>parentibus,</span> <span class='ocrx_word' id='word_1_194' title='bbox 1051 1700 1200 1745; x_wconf 90' lang='lat' dir='ltr'>liberis,</span> <span class='ocrx_word' id='word_1_195' title='bbox 1224 1700 1478 1752; x_wconf 85' lang='lat' dir='ltr'>conjugibus,</span> <span class='ocrx_word' id='word_1_196' title='bbox 1502 1698 1714 1737; x_wconf 86' lang='lat' dir='ltr'>fratribus:</span> <span class='ocrx_word' id='word_1_197' title='bbox 1738 1712 1860 1751; x_wconf 89' lang='lat' dir='ltr'>eaque</span> 
     </span>
     <span class='ocr_line' id='line_1_24' title="bbox 465 1764 1859 1820; baseline 0.001 -18"><span class='ocrx_word' id='word_1_198' title='bbox 465 1772 493 1788; x_wconf 85' lang='lat'>“</span> <span class='ocrx_word' id='word_1_199' title='bbox 517 1764 702 1803; x_wconf 80' lang='lat' dir='ltr'>fratribus</span> <span class='ocrx_word' id='word_1_200' title='bbox 726 1766 964 1811; x_wconf 84' lang='lat' dir='ltr'>tribuantur,</span> <span class='ocrx_word' id='word_1_201' title='bbox 996 1780 1082 1818; x_wconf 84' lang='lat' dir='ltr'>quae</span> <span class='ocrx_word' id='word_1_202' title='bbox 1104 1767 1302 1804; x_wconf 83' lang='lat' dir='ltr'>militibus</span> <span class='ocrx_word' id='word_1_203' title='bbox 1324 1767 1413 1820; x_wconf 86' lang='lat' dir='ltr'>ipfis</span> <span class='ocrx_word' id='word_1_204' title='bbox 1436 1767 1558 1806; x_wconf 89' lang='lat' dir='ltr'>tribui</span> <span class='ocrx_word' id='word_1_205' title='bbox 1587 1774 1798 1820; x_wconf 87' lang='lat' dir='ltr'>oporteret,</span> <span class='ocrx_word' id='word_1_206' title='bbox 1830 1764 1859 1804; x_wconf 81' lang='lat' dir='ltr'>st</span> 
     </span>
     <span class='ocr_line' id='line_1_25' title="bbox 463 1830 1286 1884; baseline 0.001 -15"><span class='ocrx_word' id='word_1_207' title='bbox 463 1836 493 1853; x_wconf 90' lang='lat'><strong>“</strong></span> <span class='ocrx_word' id='word_1_208' title='bbox 513 1830 577 1870; x_wconf 80' lang='lat' dir='ltr'>illi</span> <span class='ocrx_word' id='word_1_209' title='bbox 598 1831 792 1876; x_wconf 83' lang='lat' dir='ltr'>vixiffent,</span> <span class='ocrx_word' id='word_1_210' title='bbox 825 1832 894 1884; x_wconf 92' lang='lat' dir='ltr'>qui</span> <span class='ocrx_word' id='word_1_211' title='bbox 915 1841 1042 1870; x_wconf 87' lang='lat' dir='ltr'>morte</span> <span class='ocrx_word' id='word_1_212' title='bbox 1063 1832 1286 1870; x_wconf 89' lang='lat' dir='ltr'>vicerunt.&#39;&#39;</span> 
     </span>
    </p>
   </div>
  </div>
 </body>
</html>
