2076 2860
670 138 748 178 IN
808 138 856 176 L.
920 134 1316 185 PISONEM„
1604 135 1678 185 ὥς

332 235 441 285 Qas
463 244 521 270 res
543 229 684 283 geffisti
706 229 746 266 in
769 227 960 280 imperio,
992 224 1169 262 exercitu
1183 253 1193 269 ,
1226 222 1432 276 provincia
1452 223 1645 262 consulari
1668 226 1679 262 ἒ

277 301 386 351 Qas
419 312 476 336 res
507 296 661 349 gefferit
687 294 847 347 quaero?
881 292 951 344 qui
981 299 1025 328 ut
1055 290 1188 334 venit,
1220 288 1351 327 statim
1484 289 1679 327 Nondum

275 376 547 403 commemoro
568 362 736 414 rapinas,
754 358 933 397 nondum
949 358 1099 395 exactas
1116 355 1317 408 pecunias,
1336 368 1416 393 non
1433 364 1579 408 captas,
1599 369 1675 394 non

274 432 498 483 imperatas,
521 442 601 467 non
623 440 736 465 neces
758 426 970 468 sociorum,
989 437 1068 460 non
1085 422 1231 460 caedem
1253 421 1471 474 hospitum,
1490 436 1568 460 non
1586 436 1676 475 per-

274 497 425 542 fidiam,
457 509 537 534 non
560 494 866 536 immanitatem,
899 504 978 528 non
1001 489 1141 528 scelera
1161 488 1332 542 praedico
1351 503 1360 527 :
1384 503 1493 533 mox,
1518 489 1542 527 fi
1564 489 1674 527 vide-

275 565 398 608 bitur,
430 572 476 601 ut
495 576 590 601 cum
610 560 712 606 fure,
745 569 789 597 ut
810 573 903 596 curn
925 557 1126 609 sacrilego,
1161 565 1204 593 ut
1233 569 1328 594 cum
1358 556 1506 600 sicario,
1539 555 1675 608 dispu-

274 630 366 668 tabo
383 648 395 674 3
428 643 534 668 nunc
556 642 684 666 meam
706 626 911 679 spoliatam
932 623 1134 662 fortunam
1159 621 1360 660 conferam
1389 636 1483 660 cum
1514 622 1677 660 florente

275 695 435 734 fortuna
463 694 725 748 imperatoris.
759 693 862 744 Qis
894 703 1069 743 unquam
1102 688 1347 742 provinciam
1377 702 1470 726 cum
1500 689 1677 726 exercitu

275 763 468 807 obtinuit,
500 762 571 814 qui
600 760 727 798 nullas
758 759 804 796 ad
835 758 1011 795 senatum
1041 756 1172 793 literas
1203 754 1384 792 miserit?
1418 763 1567 792 tantam
1586 769 1678 793 vero

276 829 522 882 provinciam
551 841 645 866 curn
673 835 782 864 tanto
803 825 994 868 exercitu,
1027 821 1308 860 Macedoniam
1330 820 1558 873 praesertim,
1592 836 1677 874 qua:

277 896 394 934 tantis
425 895 679 933 barbarorum
706 891 892 945 gentibus
923 889 1148 940 attingitur,
1181 897 1224 926 ut
1257 887 1408 940 semper
1439 887 1678 926 Macedoni-

277 963 333 1001 cis
365 959 669 1014 imperatoribus
702 958 824 996 iidem
854 956 950 995 fines
984 955 1196 1008 provinciae
1226 953 1390 999 fuerint,
1424 955 1493 1007 qui
1523 955 1678 1006 gladio-

277 1042 367 1066 rum
382 1038 499 1080 atque
519 1026 717 1079 pilorum:
741 1038 789 1062 ex
811 1037 888 1076 qua
902 1023 1054 1074 aliquot
1074 1021 1257 1074 praetorio
1279 1021 1462 1073 imperio,
1485 1020 1679 1059 consulari

277 1093 441 1147 quidem
462 1106 580 1131 nemo
601 1091 731 1136 rediit,
764 1090 834 1143 qui
856 1088 1070 1127 incolumis
1093 1087 1228 1133 fuerit,
1259 1087 1329 1140 qui
1351 1101 1429 1124 non
1453 1087 1677 1140 triumpha-

278 1161 343 1199 rit.
364 1161 433 1199 Est
448 1159 526 1198 hoc
543 1173 706 1197 novum.
731 1157 870 1195 Multo
889 1156 990 1194 illud
1011 1155 1136 1207 magis
1154 1170 1163 1193 ε
1187 1154 1404 1208 appellatus
1426 1154 1479 1191 est
1500 1153 1566 1191 hic
1588 1154 1678 1192 vul-

279 1228 406 1266 turius
429 1227 537 1264 illius
559 1225 770 1278 provinciae
795 1224 839 1276 (fi
862 1224 951 1261 Diis
974 1221 1121 1275 placet)
1146 1222 1373 1274 imperator.

336 1293 472 1331 XVII.
506 1292 571 1330 Ne
593 1300 680 1328 tum
700 1289 878 1342 quidem,
911 1289 1030 1326 Paule
1052 1287 1193 1332 noster,
1217 1287 1368 1325 tabulas
1393 1287 1564 1324 Romam
1586 1301 1678 1325 cum

279 1360 409 1397 laurea
439 1359 597 1396 mittere
628 1356 794 1394 audebas
812 1357 825 1393 ?
858 1354 951 1392 Mifi
968 1384 978 1400 ‚
1011 1354 1158 1407 inquit.
1193 1354 1295 1405 Qis
1329 1367 1505 1405 unquam
1538 1353 1678 1391 recita-

279 1426 337 1464 vit
356 1427 369 1464 ?
401 1426 506 1478 quis,
530 1434 574 1463 ut
594 1424 864 1468 recitarentur,
887 1421 1097 1475 postulavit
1116 1422 1129 1458 ?
1163 1419 1282 1459 Nihil
1310 1420 1418 1458 enim
1439 1434 1525 1458 mea
1547 1419 1677 1464 refert,

278 1501 415 1531 utrum
448 1501 506 1536 tu,
538 1490 778 1529 conscientia
808 1488 1007 1542 oppreffus
1041 1487 1232 1525 scelerum
1261 1496 1437 1531 tuorum,
1471 1485 1571 1524 nihil
1602 1500 1677 1524 un-

279 1572 400 1610 quam
431 1558 543 1595 ausus
577 1558 622 1594 fis
655 1556 822 1594 scribere
854 1555 900 1592 ad
932 1567 1024 1591 eum
1055 1553 1252 1597 ordinem,
1284 1565 1405 1603 quem
1438 1552 1678 1603 despexeras,

281 1639 402 1676 quem
421 1622 628 1667 afflixeras,
660 1635 780 1674 quem
803 1621 1021 1664 deleveras;
1054 1632 1102 1656 an
1122 1618 1241 1656 amici
1263 1618 1321 1655 tui
1343 1618 1493 1655 tabulas
1515 1617 1678 1655 abdide-

282 1691 387 1736 rint,
419 1689 621 1742 iidemque
648 1688 802 1726 silentio
829 1686 897 1724 suo
925 1685 1188 1723 temeritatem
1208 1693 1326 1736 atque
1347 1683 1549 1722 audaciam
1571 1693 1679 1722 tuam

282 1755 597 1796 condemnarint.
631 1755 765 1807 Atque
786 1752 891 1791 haud
912 1752 1006 1796 scio,
1037 1764 1085 1788 an
1106 1751 1245 1789 malim
1267 1759 1304 1788 te
1324 1749 1448 1788 videri
1469 1750 1582 1787 nullo
1603 1763 1679 1802 pu-

282 1824 375 1862 dore
395 1822 507 1861 fuiffe
528 1822 570 1860 in
591 1821 714 1859 literis
737 1818 959 1864 mittendis,
985 1831 1032 1856 an
1055 1817 1203 1855 amicos
1225 1826 1313 1855 tuos
1336 1816 1426 1868 plus
1447 1815 1622 1854 habuifl'e
1643 1825 1681 1855 et

282 1889 442 1943 pudoris
464 1898 502 1927 et
518 1887 686 1933 consilii,
705 1900 825 1940 quam
841 1894 907 1923 aut
925 1894 962 1922 te
978 1884 1102 1923 videri
1118 1883 1396 1936 pudentiorem
1416 1881 1543 1927 fuiffe,
1562 1896 1680 1935 quam

282 1955 395 2000 soles,
410 1964 477 1993 aut
489 1964 605 1993 tuum
619 1953 768 1991 factum
783 1966 861 1990 non
877 1951 948 1989 effe
962 1949 1271 1988 condemnatum
1277 1948 1433 2002 judicio
1444 1949 1679 1987 amicorum.

338 2020 460 2073 Qod
490 2020 516 2058 fi
547 2034 627 2058 non
658 2019 737 2057 tuis
769 2017 926 2056 nefariis
958 2017 998 2054 in
1029 2014 1138 2054 hunc
1160 2015 1341 2053 ordinem
1362 2013 1618 2052 contumeliis
1641 2014 1682 2052 in

283 2096 520 2141 perpetuum
537 2087 611 2124 tibi
628 2085 778 2124 curiam
795 2082 1063 2136 praeclufiffe33
1082 2081 1180 2135 quid
1197 2081 1356 2119 tandem
1372 2090 1452 2118 erat
1468 2083 1600 2118 actum
1616 2090 1682 2119 aut

283 2153 435 2205 gestum
463 2153 503 2190 in
526 2152 594 2190 illa
615 2151 839 2203 provincia,
871 2149 918 2186 de
939 2162 1019 2201 quo
1039 2148 1086 2186 ad
1107 2148 1284 2187 senatum
1305 2161 1398 2185 cum
1420 2147 1683 2199 gratulatione

285 2219 416 2271 aliqua
435 2218 551 2256 scribi
572 2218 638 2255 abs
661 2226 698 2254 te
719 2225 916 2268 oporteret
932 2216 945 2253 ?
964 2215 1131 2253 Vexatio
1148 2213 1395 2253 Macedoniae
1411 2214 1424 2250 ?
1442 2227 1488 2250 an
1511 2212 1681 2265 oppido-

287 2299 376 2324 rum
398 2284 523 2336 turpis
545 2283 694 2321 amiffio
713 2283 725 2320 ?
757 2296 804 2320 an
834 2282 1029 2320 sociorum
1050 2281 1220 2333 direptio
1240 2281 1252 2318 ?
1284 2294 1333 2317 an
1353 2293 1538 2331 agrorum
1559 2279 1681 2332 depo-

288 2351 438 2405 pulatio
457 2351 470 2388 ?
502 2363 549 2387 an
571 2349 744 2388 munitio
775 2348 1060 2387 Theffalonicae
1078 2350 1092 2386 ?
1123 2361 1171 2386 an
1192 2347 1353 2385 obseffio
1374 2346 1557 2385 militaris
1578 2346 1648 2384 viae
1668 2347 1680 2383 ?

288 2433 335 2458 an
356 2416 551 2457 exercitus
572 2416 692 2455 nostri
712 2416 910 2460 interitus,
941 2414 1059 2460 ferro,
1091 2413 1211 2459 fame,
1241 2412 1403 2465 frigore,
1434 2412 1679 2465 pestilentia?
