2076 2860
635 160 775 201 PRO
835 157 906 207 Q
953 141 1298 190 LIGARIO,
1589 143 1666 183 259

270 272 413 327 Magni
433 266 637 322 cujusdam
657 259 807 303 animi,
839 264 956 307 atque
977 251 1060 303 ejus
1081 246 1156 287 viri
1175 245 1229 283 est
1244 273 1255 289 ,
1287 251 1408 295 quem
1429 236 1475 274 de
1497 232 1671 285 suscepta

271 341 397 385 causa,
421 333 694 391 propositaque
714 323 918 367 sententia,
942 318 1053 358 nulla
1072 310 1330 354 contumelia,
1354 304 1464 345 nulla
1481 303 1555 346 vis,
1579 298 1671 337 nul-

271 411 358 449 lum
379 401 618 459 periculum,
650 393 773 450 poffet
793 387 1002 443 depellere.

330 474 390 511 Ut
419 469 528 508 enim
548 472 687 504 caetera
706 458 811 514 paria
832 450 1041 495 Tuberoni
1061 460 1155 487 cum
1176 444 1280 483 Varo
1302 437 1487 480 fuiffent3
1519 432 1646 471 honos
1663 459 1673 474 ,

276 538 480 581 nobilitas,
512 529 709 586 splendor,
742 523 978 577 ingenium3
1012 530 1098 570 quae
1120 520 1370 564 nequaquam
1390 503 1577 542 fuerunt:
1601 496 1678 535 hoc

278 616 384 648 certe
405 601 651 657 praecipuum
671 589 900 633 Tuberonis
930 585 1035 629 fuit,
1067 579 1175 634 quod
1200 575 1305 630 justo
1327 584 1421 610 cum
1443 564 1611 620 imperio
1633 576 1679 601 ex

281 665 642 714 senatus-consulto
659 663 698 700 in
717 656 964 714 provinciam
985 651 1093 689 suam
1108 652 1280 685 venerat.
1303 640 1415 678 Hinc
1438 632 1680 688 prohibitus,

283 755 364 782 non
384 738 432 777 ad
453 734 668 776 Caesnrem,
701 742 749 767 ne
769 728 918 768 iratus,
951 732 1031 758 non
1052 716 1242 756 domum,
1275 721 1323 746 ne
1344 706 1476 747 iners3
1510 713 1588 738 non
1610 697 1683 735 ali-

284 821 406 862 quam
428 806 468 843 in
490 801 712 854 regionem,
744 808 792 833 ne
813 789 1075 831 condemnare
1095 779 1251 820 causam
1270 774 1404 817 illam,
1433 781 1553 823 quarn
1576 765 1685 803 secu-

287 886 350 914 tus
371 872 486 915 effet,
517 866 743 906 videretur:
777 860 817 897 in
840 851 1142 896 Macedoniam,
1176 847 1217 883 in
1239 844 1318 881 Cn.
1343 834 1526 890 Pompeii
1547 831 1686 874 castra,

288 941 410 985 venit,
443 939 485 976 in
504 948 590 974 eam
610 930 735 985 ipsam
755 924 924 968 causam,
956 934 978 958 a
996 931 1074 971 qua
1093 922 1174 952 erat
1194 910 1356 963 reje&us
1379 917 1473 943 cum
1494 899 1652 953 injuriae

346 1004 458 1059 Qid
478 1005 490 1041 ?
523 1014 617 1040 cum
652 996 722 1035 ista
754 1007 812 1032 res
849 988 952 1029 nihil
987 978 1261 1024 commoviffet
1294 976 1378 1028 ejus
1409 970 1589 1009 animum
1606 996 1615 1011 ‚
1648 964 1694 1002 ad

291 1087 415 1130 quem
448 1065 669 1110 veneratis3
701 1058 964 1114 languidiore,
996 1050 1127 1094 credo,
1160 1044 1287 1084 studio
1322 1042 1362 1078 in
1394 1036 1506 1076 causa
1536 1032 1693 1073 fuistis:

292 1135 574 1182 tantummodo
595 1134 635 1171 in
657 1126 842 1184 praefidiis
869 1121 1014 1165 eratis;
1046 1114 1171 1156 animi
1200 1124 1291 1150 vero
1321 1123 1341 1146 a
1369 1103 1481 1145 causa
1509 1100 1697 1140 abhorre-

295 1211 407 1249 bant.
440 1207 521 1249 An,
553 1210 597 1240 ut
619 1199 664 1237 fit
685 1199 725 1236 in
747 1192 934 1234 civilibus
955 1185 1088 1230 bellis,
1121 1195 1193 1220 nec
1215 1180 1257 1217 in
1278 1175 1390 1214 vobis
1413 1170 1552 1223 magis,
1580 1179 1701 1220 quam

297 1277 340 1314 in
361 1271 543 1324 reliqui53
572 1277 710 1305 omncs
731 1257 918 1299 vincendi
938 1252 1066 1293 studio
1088 1247 1319 1288 tenebamur
1338 1242 1350 1279 ?
1384 1237 1495 1277 Pacis
1517 1232 1704 1287 equidem

301 1342 453 1393 semper
467 1336 601 1375 audior
621 1330 681 1370 fui
693 1349 706 1376 ς
730 1327 793 1366 sed
809 1335 898 1365 tum
919 1322 1021 1360 sero:
1044 1325 1126 1356 erat
1144 1313 1253 1353 enim
1268 1306 1452 1350 amentis,
1470 1315 1565 1341 cum
1580 1299 1706 1338 aciem

302 1407 469 1450 videres,
492 1413 631 1456 pacem
651 1396 838 1449 cogitare.
873 1391 1043 1431 Omnes,
1065 1383 1245 1435 inquam,
1268 1376 1425 1414 vincere
1445 1368 1675 1409 volebamus
1695 1379 1706 1403 z

303 1486 350 1516 tu
371 1482 476 1513 certe
496 1467 692 1523 praecipue
708 1493 718 1509 ,
751 1461 822 1514 qui
851 1458 892 1497 in
923 1468 1015 1494 eum
1044 1452 1180 1490 locum
1210 1441 1371 1485 venisses
1388 1469 1399 1486 ,
1431 1437 1502 1476 ubi
1523 1434 1599 1474 tibi
1619 1431 1711 1475 efl‘et

306 1538 570 1597 pereundum,
603 1531 674 1571 nifi
703 1526 868 1568 vicisses.
902 1524 1168 1574 Qanquam,
1201 1521 1245 1550 ut
1275 1520 1381 1547 nunc
1413 1504 1450 1543 se
1479 1516 1538 1541 res
1569 1499 1710 1543 habet,

309 1621 392 1647 non
412 1603 569 1646 dubito,
601 1598 700 1652 quin
721 1594 822 1634 hanc
845 1590 1008 1629 salutem
1030 1591 1242 1634 anteponas
1264 1574 1325 1613 illi
1345 1569 1530 1610 νἰἑὶοῖίεε.

369 1673 423 1711 X.
458 1670 556 1708 Haec
578 1679 652 1717 ego
674 1675 753 1701 non
774 1659 962 1711 dicerem,
981 1650 1160 1692 Tubero,
1179 1645 1205 1683 fi
1221 1650 1288 1681 aut
1304 1651 1372 1678 vos
1389 1631 1614 1675 constantiae
1630 1628 1715 1667 ves-

316 1751 399 1785 trae,
418 1745 484 1775 aut
506 1732 696 1772 Caesarem
717 1723 901 1765 beneficii
922 1720 994 1764 sui,
1019 1714 1242 1770 poeniteret.
1266 1708 1390 1747 Nunc
1412 1714 1560 1755 quaerO,
1582 1706 1719 1735 utrum

317 1805 455 1846 vestras
477 1799 639 1853 injurias
655 1825 666 1842 ,
697 1808 745 1833 an
766 1786 995 1844 reipublicae
1011 1813 1021 1829 ‚
1054 1773 1343 1835 persequamini
1361 1773 1372 1809 ?
1407 1769 1446 1806 Si
1467 1763 1718 1819 reipublicae;

319 1871 419 1927 quid
439 1870 486 1908 de
502 1866 623 1906 vestra
639 1863 678 1901 in
696 1875 740 1899 ea
755 1856 866 1898 causa
882 1846 1163 1909 perseverantia
1179 1835 1489 1896 respondebitis?
1513 1833 1539 1871 si
1556 1829 1719 1874 vestra53

320 1939 464 1982 videte,
483 1948 532 1974 ne
552 1929 702 1973 erretis,
721 1926 791 1980 qui
813 1921 1003 1962 Caesarem
1024 1913 1157 1955 vestris
1179 1906 1355 1949 inimicis
1377 1904 1521 1942 iratum
1542 1897 1627 1936 fore
1648 1909 1724 1949 pu-

323 2006 415 2045 tetis
431 2034 442 2050 ,
475 2015 569 2041 cum
591 1994 787 2050 ignoverit
808 1991 900 2029 suis.
935 1988 1073 2038 Itaque
1094 1993 1193 2020 num
1213 1975 1290 2016 tibi
1309 1972 1445 2013 videor
1459 1999 1470 2014 ,
1504 1964 1652 2009 Caesar,
1684 1963 1727 2000 in

325 2071 438 2112 causa
457 2065 608 2121 Ligarii
628 2069 845 2113 occupatus
866 2054 938 2094 effe
957 2054 969 2091 ?
994 2064 1091 2090 num
1112 2047 1160 2085 de
1179 2045 1263 2097 ejus
1285 2041 1388 2080 facto
1409 2037 1538 2075 dicere
1558 2034 1569 2070 ?
1595 2028 1728 2082 Qid-

328 2137 426 2192 quid
447 2135 546 2178 dixi,
577 2131 624 2169 ad
645 2141 766 2168 unam
787 2125 981 2163 summam
1001 2116 1137 2157 referri
1158 2112 1248 2152 volo
1270 2109 1330 2148 vel
1361 2100 1637 2145 humanitatis,
1668 2094 1731 2135 vel

333 2201 568 2243 clementiae‚
599 2196 660 2234 vel
682 2188 956 2232 misericordiae
978 2195 1067 2223 tuae.

393 2266 551 2309 Causas,
584 2261 722 2305 Caesar,
754 2258 817 2310 egi
847 2254 1008 2297 multas,
1040 2260 1078 2289 et
1111 2245 1275 2301 quidem
1307 2251 1462 2281 tecum,
1495 2235 1591 2272 dum
1623 2239 1661 2268 te
1694 2227 1736 2264 in

337 2336 424 2375 foro
446 2332 573 2371 tenuit
593 2329 691 2367 ratio
711 2325 911 2377 honorum
932 2330 1118 2358 tuorum:
1149 2321 1253 2352 certe
1276 2317 1480 2358 nunquam
1502 2300 1579 2338 hoc
1601 2293 1736 2336 modo,

341 2399 528 2456 Ignoscite,
560 2395 736 2450 Judices:
767 2389 912 2430 erravit
927 2403 940 2425 .·
970 2386 1086 2438 lapfics
1115 2380 1158 2433 cst
1174 2395 1186 2417 :
1219 2391 1285 2416 non
1315 2369 1472 2426 puta-vit
1487 2383 1500 2406 .·
1517 2366 1559 2417 st
1585 2370 1741 2414 unquam

337 2468 496 2524 pcsthac.
530 2463 594 2504 Ad
616 2469 816 2516 parentem
838 2457 887 2495 fic
908 2454 971 2506 agi
992 2452 1103 2490 solet.
1136 2447 1200 2487 Ad
1218 2442 1371 2497 judices
1388 2467 1399 2483 ‚
1431 2430 1620 2486 Nonsecit
1634 2456 1644 2473 ‚
1675 2438 1743 2465 non

1294 2508 1331 2545 1<
1361 2505 1386 2542 k
1420 2516 1440 2542 2
