2076 2860
646 131 1220 170 PHILIPPICA
1293 132 1390 172 XII.
1636 148 1710 188 431

375 233 441 272 Ad
472 247 563 271 eum
594 232 649 270 ire
679 242 716 270 te
745 233 919 284 legatum
942 234 1030 285 quis
1054 247 1132 272 non
1154 234 1360 272 miraretur
1380 236 1392 272 ?
1426 235 1489 274 De
1510 249 1573 274 me
1594 250 1715 290 expe—

320 300 426 338 rior:
460 301 571 352 cujus
600 299 706 336 idem
736 299 959 345 confilium,
993 300 1099 352 quod
1128 310 1257 346 tuum,
1290 301 1414 340 sentio
1435 316 1554 355 quam
1583 317 1713 356 repre-

320 365 528 404 hendatur.
554 365 640 402 Nos
658 363 982 416 reprehendimur
1002 365 1073 403 soli
1090 367 1102 404 ?
1126 366 1222 418 quid
1239 368 1251 404 ?
1276 367 1333 404 vir
1349 366 1579 406 fortiffimus
1598 369 1719 407 Pansa

321 433 399 470 fine
431 430 541 469 causa
574 440 653 468 tam
687 440 864 468 accurate
898 432 1014 483 paulo
1041 440 1129 469 ante
1151 431 1308 471 locutus
1329 433 1382 471 est
1404 434 1588 473 tamdiu?
1620 436 1719 489 quid

322 497 420 549 egit,
453 496 521 534 nifi
545 497 604 533 uti
633 495 768 534 falsam
790 496 1027 548 proditionis
1060 511 1079 534 a
1111 498 1147 536 se
1180 498 1441 551 suspicionem
1472 499 1717 553 depelleret?

323 563 442 601 Unde
469 572 601 601 autem
628 560 682 599 est
712 562 781 600 ista
812 562 1011 615 suspicio?
1045 564 1106 602 Ex
1127 565 1233 616 pacis
1254 566 1476 617 patrocinio
1497 569 1717 620 repentino,

323 629 431 681 quod
453 628 582 666 subito
604 627 785 682 suscepit,
817 629 955 667 eodem
975 640 1112 682 captus
1133 644 1274 676 errore,
1307 645 1386 684 quo
1414 645 1500 671 nos.
1543 634 1664 686 Qod
1693 635 1720 672 fi

325 695 380 733 est
400 704 585 740 erratum,
619 694 750 733 Patres
777 695 1006 748 conscripti,
1039 696 1103 748 spe
1131 695 1224 734 falsa
1249 705 1367 749 atque
1394 696 1553 744 fallaci,
1587 700 1720 738 redea-

325 774 413 799 mus
435 761 476 798 in
498 760 616 799 viam.
651 761 841 813 Optimus
863 761 916 799 est
936 770 1073 814 portus
1094 762 1306 814 poenitenti
1326 764 1495 802 mutatio
1516 765 1684 805 consilii.

383 828 461 865 III.
496 826 606 878 Qid
637 827 761 871 enim,
792 841 861 879 per
892 828 998 865 Deos
1033 827 1302 866 immortales!
1338 829 1466 881 potest
1495 831 1723 883 reipublicae

325 892 499 945 prodeffe
521 892 648 930 nostra
668 892 812 944 legatio
831 894 844 930 ?
877 892 1054 931 Prodesse
1075 893 1165 932 dico
1185 896 1197 932 ?
1229 894 1325 946 quid
1347 894 1373 932 fi
1395 897 1514 934 etiam
1535 897 1724 936 obfutura

325 959 408 997 est?
434 958 665 996 Obfutura?
689 959 786 1012 quid
807 960 833 998 fi
848 961 932 1012 jam
953 959 1115 998 obfuit?
1138 962 1205 998 An
1221 975 1289 999 vos
1311 963 1540 1001 acerrimam
1558 964 1668 1004 illam
1685 975 1725 1004 et

324 1023 575 1062 fortiffimam
596 1024 737 1077 populi
763 1026 936 1063 Romani
958 1026 1150 1064 libertatis
1172 1028 1442 1080 recuperandae
1463 1029 1725 1082 cupiditatem

324 1103 406 1129 non
427 1090 685 1129 imminutam
706 1103 750 1128 ac
771 1090 1017 1130 debilitatam
1038 1093 1200 1144 putatis,
1223 1093 1419 1145 legatione
1439 1096 1544 1148 pacis
1565 1096 1724 1135 audita?

327 1157 439 1209 Qid
456 1157 676 1210 municipia
689 1157 877 1196 censetis?
895 1158 992 1211 quid
1008 1159 1209 1197 colonias?
1228 1160 1325 1213 quid
1342 1163 1525 1200 cunctam
1542 1163 1723 1202 Italiam?

328 1222 507 1261 futuram
528 1223 667 1261 eodem
688 1222 830 1269 studio,
862 1238 943 1276 quo
969 1234 1106 1263 contra
1125 1239 1340 1264 commune
1360 1227 1592 1267 incendium
1613 1243 1724 1268 exar-

330 1288 458 1327 serat?
491 1302 538 1326 an
566 1302 646 1326 non
674 1297 859 1340 putamus
886 1288 985 1335 fore,
1018 1298 1062 1328 ut
1088 1303 1152 1328 eos
1177 1292 1368 1343 poeniteat
1387 1293 1574 1345 profeffos
1596 1296 1667 1334 esse
1687 1306 1727 1334 et

330 1369 408 1407 prae
430 1354 466 1392 se
488 1354 615 1392 tulisse
635 1354 773 1392 odium
794 1355 836 1392 in
857 1356 1098 1401 Antonium,
1130 1357 1200 1409 qui
1220 1359 1406 1409 pecunias
1427 1360 1600 1411 polliciti
1621 1361 1724 1407 sunt,

330 1421 402 1474 qui
423 1434 542 1466 arma,
573 1421 642 1473 qui
670 1421 706 1459 se
734 1430 837 1459 totos
859 1431 897 1460 et
925 1423 1066 1460 animis
1087 1433 1126 1461 et
1147 1424 1378 1476 corporibus
1399 1426 1440 1463 in
1463 1426 1626 1465 salutem
1648 1429 1725 1466 rei-

331 1487 502 1540 publicae
523 1487 810 1525 contulerunt?
844 1488 1194 1540 Qemadmodum
1220 1490 1389 1529 vestrum
1415 1490 1492 1530 hoc
1518 1494 1727 1532 confilium

333 1554 469 1605 Capua
499 1553 710 1605 probabit,
743 1567 828 1605 quae
861 1555 1105 1607 temporibus
1137 1554 1199 1593 his
1236 1557 1366 1594 Roma
1395 1557 1513 1595 altera
1543 1559 1628 1596 est?
1660 1559 1728 1597 illa

298 1611 301 1613 ⁵
331 1619 477 1671 impios
499 1619 602 1656 cives
619 1618 828 1671 judicavit,
860 1621 989 1672 ejecit,
1013 1621 1191 1659 exclusit.
1226 1622 1306 1667 Illi,
1330 1623 1406 1667 illi,
1428 1624 1606 1676 inquam,
1638 1626 1727 1663 urbi

331 1683 538 1723 fortiffime
559 1685 717 1723 conanti
739 1699 758 1722 e
779 1686 961 1724 manibus
983 1686 1036 1724 est
1057 1696 1212 1739 ereptus
1234 1689 1449 1727 Antonius.

390 1751 500 1802 Qid
521 1752 533 1788 ?
566 1751 771 1804 legionum
799 1752 1014 1791 nostrarum
1035 1767 1173 1791 nervos
1196 1767 1326 1792 nonne
1346 1755 1409 1792 his
1430 1755 1602 1794 consiliis
1624 1757 1726 1795 inci-

333 1817 493 1855 dimus?
518 1818 606 1869 quis
628 1817 681 1855 est
701 1819 823 1863 enim,
841 1819 911 1870 qui
933 1819 979 1856 ad
1002 1819 1151 1857 bellum
1173 1820 1420 1859 inflammato
1440 1823 1573 1860 animo
1595 1823 1639 1860 fit
1660 1822 1727 1861 fu—

334 1892 462 1928 turus,
486 1883 549 1935 spe
570 1883 676 1936 pacis
698 1884 829 1922 oblata
847 1886 860 1921 ?
893 1885 979 1937 Ipsa
999 1885 1068 1923 illa
1089 1885 1252 1931 Martia,
1284 1887 1442 1926 caelestis
1464 1897 1502 1926 et
1523 1888 1655 1926 divina
1670 1889 1729 1928 le-

333 1951 416 2003 gio,
447 1949 524 1988 hoc
546 1951 687 1988 nuntio
708 1951 946 2004 languescet,
978 1961 1016 1990 et
1036 1952 1253 1998 mollietur,
1280 1963 1398 2006 atque
1419 1954 1519 1992 illud
1540 1955 1728 2008 pulcher-

333 2016 483 2054 timum
505 2029 649 2054 nomen
672 2016 868 2055 Martium
889 2018 1044 2055 amittet
1063 2032 1070 2055 :
1095 2019 1278 2057 excident
1298 2019 1420 2071 gladii
1439 2035 1446 2058 :
1481 2020 1605 2060 fluent
1625 2035 1731 2060 arma

336 2080 384 2119 de
405 2082 602 2120 manibus.
628 2083 813 2120 Senatum
834 2083 942 2120 enim
964 2083 1106 2129 secuta,
1129 2098 1209 2122 non
1230 2085 1484 2125 arbitrabitur
1505 2087 1542 2125 se
1561 2089 1729 2140 graviori

336 2147 429 2185 odio
459 2148 499 2184 in
531 2149 755 2185 Antonium
786 2148 858 2186 effe
888 2149 1041 2195 debere,
1073 2163 1192 2202 quam
1222 2151 1412 2191 senatum.
1456 2153 1583 2192 Pudet
1610 2154 1728 2206 hujus

338 2212 521 2264 legionis,
553 2213 674 2264 pudet
695 2222 854 2264 quartae,
887 2228 972 2267 quae
994 2216 1075 2269 pari
1096 2217 1240 2255 virtute
1262 2218 1429 2257 nostram
1457 2220 1729 2257 auetoritatem

339 2278 522 2331 probans,
558 2292 634 2316 non
659 2288 700 2316 ut
722 2279 923 2319 consulem
944 2291 982 2320 et
1004 2283 1280 2335 imperatorem
1303 2284 1430 2330 suum,
1463 2284 1527 2323 sed
1560 2294 1604 2323 ut
1636 2285 1726 2323 hos-

339 2354 419 2383 tem
441 2354 478 2381 et
499 2354 810 2397 oppugnatorem
832 2348 977 2399 patriae‚
998 2349 1159 2402 reliquit
1174 2351 1419 2389 Antonium:
1443 2351 1565 2403 pudet
1585 2351 1727 2403 optimi

338 2410 548 2456 exercitus,
582 2412 652 2465 qui
684 2414 917 2465 conjunctus
946 2414 999 2453 est
1026 2428 1073 2454 ex
1103 2415 1285 2456 duobus:
1319 2417 1388 2470 qui
1415 2418 1498 2468 jam
1529 2416 1725 2462 lustratus,
