2076 2860
391 207 464 243 144
860 188 1301 226 ORATIO

384 292 481 344 quid
499 293 511 329 ?
545 292 732 343 quoniam
753 289 799 325 de
826 287 1032 326 Gaditanis
1053 287 1206 338 agimus
1222 316 1233 331 ,
1265 286 1371 325 idem
1391 286 1505 325 heros
1527 300 1668 326 novem
1691 289 1774 327 Ga-

383 357 536 394 ditanos
556 358 568 394 ?
592 355 688 408 quid
707 356 718 392 ?
742 355 800 391 vir
820 353 1090 397 sanctiffimus,
1113 362 1152 390 et
1172 352 1324 390 summa
1343 353 1535 405 religione
1554 367 1598 391 ac
1619 353 1774 392 modes-

384 423 451 466 tia,
484 420 752 473 QMetellus
783 419 891 463 Pius,
923 418 1173 470 QFabium
1203 419 1498 470 Saguntinum?
1531 419 1660 472 quid?
1691 418 1773 464 hic,

384 489 452 540 qui
484 487 599 531 adest,
631 500 651 524 a
683 499 761 538 quo
793 484 899 529 haec,
932 498 1017 537 quae
1049 498 1122 536 ego
1154 498 1260 522 nunc
1288 498 1495 537 percurro,
1529 485 1775 524 subtiliffime

385 554 472 590 sunt
493 553 626 590 onmia
645 551 838 604 perpolita
852 580 863 595 ,
896 550 960 587 M.
985 550 1137 587 Crassus
1153 580 1163 594 ,
1196 564 1275 588 non
1297 550 1586 589 Aletrinensem
1606 551 1774 589 foedera-

387 628 471 656 tum
491 619 650 656 civitate
671 617 830 654 donavit
845 645 855 660 ,
887 614 1010 653 homo
1039 625 1128 653 tum
1156 617 1344 667 gravitate
1373 626 1412 654 et
1432 617 1640 668 prudentia
1660 616 1774 669 praes-

384 696 484 729 tans,
517 694 603 722 tum
624 683 684 721 vel
706 684 877 721 nimium
898 694 1035 734 parcus
1057 681 1098 718 in
1119 680 1318 734 largienda
1337 682 1495 720 civitate
1514 683 1526 720 ?

440 751 522 788 Hic
545 760 587 787 tu
609 750 686 787 Cn.
712 748 891 801 Pompeii
913 747 1166 791 beneficium,
1184 747 1245 784 vel
1267 747 1399 799 potius
1411 747 1610 798 judicium
1632 757 1670 786 et
1690 747 1774 786 fac-

385 825 486 860 tum,
519 815 716 853 infirmare
737 814 902 858 conaris,
925 813 995 865 qui
1016 812 1125 857 fecit,
1155 812 1263 865 quod
1285 813 1333 851 C.
1356 813 1535 851 Marium
1555 812 1684 851 feciffe
1705 827 1774 852 au-

385 882 534 926 dierat;
566 881 687 926 fecit,
719 880 827 932 quod
858 880 903 917 Ρ.
928 879 1131 923 Craffum,
1163 878 1270 931 quod
1302 880 1350 917 L.
1375 879 1547 930 Syllam,
1581 879 1689 932 quod
1719 881 1788 932 Q

385 947 615 991 lN‘Ietellunn
638 946 745 998 quod
766 946 936 998 denique
956 944 1215 982 domesticum
1236 945 1448 989 auctorem,
1474 954 1626 997 patrem
1646 945 1775 991 suum,

386 1013 511 1050 facere
530 1013 677 1051 viderat
697 1013 708 1049 ?
742 1012 885 1063 Neque
914 1024 1004 1048 vero
1034 1011 1074 1047 in
1100 1023 1180 1047 uno
1202 1010 1389 1048 Cornelio
1411 1010 1450 1048 id
1471 1010 1567 1048 fecit
1585 1026 1594 1049 :
1628 1025 1718 1049 nam
1738 1020 1779 1050 et

387 1079 631 1116 Gaditanum
654 1077 941 1115 Hasdrubalem
962 1090 1009 1113 ex
1032 1076 1137 1113 bello
1157 1076 1228 1113 illo
1249 1074 1438 1113 Africano
1454 1106 1464 1121 ‚
1496 1086 1534 1114 et
1564 1077 1776 1114 NIamerti-

388 1158 457 1181 nos
479 1144 630 1188 obvios,
662 1153 700 1180 et
721 1142 908 1195 quosdam
930 1142 1151 1186 Uticenses,
1183 1151 1221 1179 et
1243 1142 1478 1193 Saguntinos
1500 1141 1645 1188 fabros,
1677 1142 1777 1181 civi-

387 1220 464 1248 tate
485 1211 656 1248 donavit.
688 1210 864 1253 Etenim,
887 1223 978 1246 cum
999 1209 1146 1246 caeteris
1167 1209 1337 1260 praemiis
1359 1207 1470 1259 digni
1491 1208 1594 1253 sunt,
1618 1209 1687 1261 qui
1708 1209 1777 1246 suo

387 1276 517 1313 labore
538 1285 575 1313 et
597 1275 772 1328 periculo
794 1274 961 1312 nostram
983 1273 1270 1325 rempublicam
1291 1272 1533 1318 defendunt;
1567 1282 1654 1312 tum
1674 1283 1779 1313 certe

388 1342 603 1393 digniffimi
624 1341 711 1378 sunt
727 1370 737 1385 ‚
770 1340 838 1392 qui
860 1340 1018 1377 civitate
1038 1352 1080 1376 ea
1100 1338 1297 1376 donentur
1310 1368 1321 1384 ,
1353 1327 1427 1391 pro>
1445 1353 1521 1391 qua
1540 1339 1716 1391 pericula
1735 1353 1779 1378 ac

389 1408 464 1445 tela
485 1407 700 1444 subierunt.
734 1407 868 1458 Atque
890 1406 1065 1450 utinam,
1097 1405 1167 1457 qui
1189 1404 1338 1456 ubique
1359 1404 1448 1442 sunt
1467 1414 1778 1458 propugnatores

388 1472 506 1525 hujus
528 1473 699 1525 imperii,
722 1471 872 1524 pofl'ent
892 1472 933 1509 in
954 1470 1055 1508 hanc
1076 1470 1276 1508 civitatem
1299 1471 1453 1515 venire;
1476 1479 1515 1508 et
1531 1480 1680 1516 contra,
1703 1485 1777 1524 op-

387 1548 622 1591 pugnatores
645 1538 870 1590 reipublicae
892 1537 938 1575 de
959 1537 1115 1574 civitate
1130 1536 1405 1574 exterminari!
1430 1536 1573 1588 Neque
1589 1537 1696 1574 enim
1710 1537 1781 1575 ille

387 1606 563 1643 summus
596 1613 708 1657 poeta
740 1603 866 1641 noster
896 1602 1107 1640 Annibalis
1140 1602 1251 1639 illam
1282 1602 1407 1653 magis
1439 1601 1778 1648 cohortationem,

387 1686 507 1723 quam
534 1683 790 1708 communem
819 1670 1116 1722 imperatorum,
1147 1668 1275 1705 voluit
1294 1666 1380 1712 effe,
1413 1667 1554 1721 Hostem
1573 1668 1637 1722 qui
1643 1668 1780 1721 firiet,

387 1737 457 1774 erit
472 1765 482 1780 ,
514 1736 646 1788 inquit
660 1765 671 1780 ,
702 1735 791 1773 mihi
809 1734 1115 1786 Carthaginieffs
1128 1762 1139 1778 ‚
1170 1733 1334 1786 Qffiquis
1352 1733 1443 1778 erit,
1474 1734 1681 1786 czgjatisfiet
1694 1751 1709 1774 :
1738 1734 1781 1772 id

388 1801 535 1840 habent
556 1814 691 1839 omnes
713 1801 810 1844 leve,
833 1809 872 1837 et
892 1799 1042 1851 semper
1061 1798 1298 1836 habuerunt.
1318 1800 1455 1850 Itaque
1476 1809 1514 1837 et
1535 1801 1637 1838 cives
1659 1800 1779 1838 undi-

390 1881 466 1920 que
486 1867 606 1904 fortes
627 1867 728 1904 viros
750 1865 1008 1909 adsciverunt,
1036 1873 1074 1902 et
1095 1863 1307 1902 hominum
1329 1864 1571 1915 ignobilium
1592 1866 1780 1903 virtutem

389 1933 555 1985 persaepc
577 1931 795 1969 nobilitatis
817 1931 964 1968 inertiae
984 1930 1254 1982 praetulerunt.

446 1999 603 2036 XXIII.
638 1997 805 2035 Habetis
829 1997 1109 2048 imperatorum
1130 1995 1391 2041 summorum,
1420 2006 1460 2034 et
1479 1996 1780 2049 sapientiffimo-

391 2078 479 2103 rum
500 2063 728 2107 hominum,
760 2062 1058 2100 clariffimorum
1081 2062 1268 2106 virorum,
1300 2062 1663 2114 interpretationem
1679 2063 1779 2115 juris

391 2145 434 2168 ac
455 2129 674 2168 foederum:
699 2128 798 2165 dabo
818 2128 936 2165 etiam
952 2127 1151 2179 judicum,
1181 2128 1250 2180 qui
1270 2126 1365 2165 huic
1387 2128 1589 2180 quaestioni
1612 2128 1780 2181 praefue-

393 2207 483 2234 runt
501 2215 511 2240 ς
545 2195 644 2232 dabo
666 2194 829 2232 universi
851 2193 989 2246 populi
1011 2194 1181 2231 Romani
1200 2212 1210 2237 ;
1243 2193 1343 2231 dabo
1364 2194 1640 2232 sanctissimum
1662 2195 1779 2232 etiam

386 2263 585 2315 judicium
608 2261 772 2298 senatus.
797 2260 956 2311 Judices
978 2273 1070 2297 cum
1089 2274 1164 2311 prae
1181 2259 1215 2297 se
1231 2259 1392 2305 ferrent,
1410 2261 1617 2313 palamque
1638 2261 1779 2314 loque-

392 2338 540 2372 rentur,
572 2327 667 2380 quid
689 2327 806 2365 ess‘ent
826 2326 911 2378 lege
933 2326 1049 2378 Papia
1069 2326 1115 2362 de
1137 2326 1200 2363 M.
1226 2325 1370 2371 Craffo,
1394 2327 1646 2376 Mamertinis
1668 2340 1778 2380 repe-

393 2394 584 2438 tentibus,
602 2393 837 2445 judicaturi;
870 2392 1118 2435 Mamertini,
1141 2391 1301 2443 publice
1322 2391 1495 2443 suscepta
1515 2392 1638 2436 causa,
1661 2392 1779 2429 desti·-

394 2469 539 2499 terunt.
582 2459 708 2498 Multi
726 2488 735 2504 ‚
772 2459 812 2496 in
845 2458 1045 2496 civitatem
1079 2458 1223 2510 recepti
1256 2471 1302 2496 ex
1338 2457 1470 2496 liberis
1505 2457 1780 2510 foederatisque
