2076 2860
666 146 806 184 PRO
868 145 932 185 Μ.
996 146 1258 186 CAELIO.
1622 150 1671 189 S-

1650 179 1667 202 ,Ἰ

257 244 411 283 dietum
443 243 536 283 effet
566 243 614 281 ab
640 243 781 281 eodem
801 242 922 281 etiam
954 242 1002 280 de
1023 243 1185 283 Dione:
1220 243 1267 282 de
1300 259 1380 297 quo
1413 245 1496 298 ipso
1525 255 1669 291 tamen,

257 311 356 364 quid
377 311 444 356 est,
478 310 587 363 quod
607 311 850 363 expected&
884 309 993 362 quod
1020 311 1068 355 is,
1092 311 1163 363 qui
1184 309 1295 357 fecit,
1330 322 1397 350 aut
1425 327 1504 352 non
1540 316 1669 362 timet,

258 386 326 415 aut
345 378 465 415 etiam
485 375 662 414 fatetur?
686 377 852 414 Etenim
873 390 976 422 reus,
999 377 1070 429 qui
1091 375 1211 430 hujus
1233 378 1360 417 dietus
1382 379 1436 417 est
1456 390 1494 418 et
1515 382 1672 434 adjutor

256 442 384 489 fuisse,
407 452 446 481 et
465 443 662 488 conscius,
696 442 955 488 P.Ascitius‚
988 443 1192 495 isjudicio
1224 444 1278 483 est
1309 445 1513 486 liberatus.
1548 450 1670 502 Qod

256 510 382 563 igitur
401 509 456 548 est
475 508 707 563 hujusmodi
728 510 896 554 crimen,
919 518 979 555 ut,
1002 510 1072 562 qui
1093 511 1307 557 commisit,
1331 526 1411 551 non
1433 524 1575 566 neget;
1600 518 1670 569 qui

257 577 431 629 negavit,
447 576 650 615 absolutus
672 576 718 614 fit
734 592 743 614 ε
768 575 808 613 id
828 575 896 614 hic
913 575 1179 629 pertimescat,
1198 578 1267 630 qui
1285 592 1364 616 non
1382 580 1502 618 modo
1514 594 1534 618 a
1551 580 1668 627 facto,

256 656 395 681 verum
430 643 552 681 etiam
585 657 606 680 a
625 642 877 681 conscientiae
902 642 1137 695 suspicione,
1174 642 1334 684 abfuit?
1377 646 1445 690 Et,
1470 647 1495 684 fi
1518 648 1671 687 Ascitio

256 709 368 747 causa
388 709 478 762 plus
500 708 668 763 profuit,
695 722 815 762 quam
836 709 976 746 nocuit
996 709 1160 754 invidia,
1178 707 1275 747 huic
1296 710 1425 749 oberit
1446 722 1562 750 tuum
1585 728 1669 752 ma-

257 775 464 821 lediecum‚
499 776 570 829 qui
589 775 700 813 istius
723 774 816 813 facti
837 789 918 813 non
940 775 1061 813 modo
1082 775 1317 828 suspicione,
1352 777 1416 814 sed
1439 792 1486 816 ne
1506 779 1671 819 infamia

257 842 437 895 quidem,
461 842 515 881 est
535 842 706 894 aspersus
724 843 737 879 ?

304 909 362 946 At
376 909 696 961 praevaricatione
716 907 769 945 est
786 906 962 945 Ascitius
980 907 1184 947 liberatus.
1210 908 1403 948 Perfacile
1423 911 1477 948 est
1497 912 1559 951 isti
1581 914 1671 952 loco

257 974 503 1027 respondere,
532 973 637 1012 mihi
657 973 888 1026 praesertim,
921 986 942 1010 a
961 987 1042 1026 quo
1064 973 1133 1012 ista
1164 975 1276 1013 causa
1307 975 1464 1015 defensa
1484 979 1551 1018 est.
1597 981 1671 1019 Sed

258 1040 405 1079 Caelius
427 1041 623 1093 optimam
645 1040 800 1078 causam
820 1039 965 1078 Ascitii
985 1040 1058 1078 effe
1079 1041 1292 1080 arbitratur
1310 1058 1318 1081 ε
1352 1044 1577 1096 cujusmodi
1598 1061 1669 1085 au-

256 1116 339 1145 tem
360 1107 421 1152 fit,
453 1121 474 1144 a
504 1107 570 1145 sua
590 1116 703 1160 putat
735 1106 808 1144 effe
832 1107 1074 1159 sejunetam:
1108 1122 1236 1161 neque
1258 1109 1386 1148 solum
1409 1111 1571 1158 Caelius‚
1606 1114 1670 1152 sed

255 1175 377 1213 etiam
397 1174 660 1213 adolescentes
682 1173 955 1212 humanifiimi
976 1184 1014 1212 et
1035 1174 1261 1221 doctissimi,
1284 1178 1503 1217 reetiffimis
1531 1180 1669 1220 studiis

257 1250 376 1294 atque
396 1242 561 1293 optimis
582 1241 734 1279 artibus
755 1240 925 1293 praediti,
944 1242 1066 1279 Titus
1090 1242 1288 1296 Caiusque
1305 1245 1479 1298 Coponii
1497 1262 1504 1284 :
1530 1248 1599 1300 qui
1621 1262 1670 1288 ex

256 1306 446 1346 omnibus
465 1308 642 1346 maxime
663 1308 808 1346 Dionis
824 1316 998 1346 mortem
1013 1307 1228 1348 doluerunt
1244 1329 1255 1355 ;
1279 1312 1350 1364 qui
1371 1325 1466 1351 cum
1482 1312 1668 1354 doetrinae

257 1374 388 1412 studio
407 1383 526 1427 atque
547 1374 822 1420 humanitatis,
847 1384 935 1412 tum
957 1375 1077 1413 etiam
1092 1374 1268 1430 hospitio
1290 1378 1451 1425 Dionis,
1476 1381 1667 1420 teneban-

255 1449 335 1479 tur.
380 1440 601 1479 Habitabat
632 1441 664 1478 is
697 1440 802 1494 apud
827 1441 877 1479 L.
903 1442 1142 1488 Lucceium,
1177 1451 1222 1480 ut
1253 1443 1439 1484 audistis:
1473 1445 1600 1485 fuerat
1632 1449 1668 1486 ei

255 1507 441 1559 cognitus
455 1507 721 1546 Alexandriae.
747 1506 859 1559 Qid
880 1516 946 1545 aut
967 1506 1049 1553 hic,
1073 1518 1141 1546 aut
1162 1508 1318 1547 summo
1340 1510 1545 1562 splendore
1565 1527 1667 1565 prae-

255 1573 378 1618 ditus,
400 1573 521 1612 frater
541 1576 640 1626 ejus,
663 1574 711 1612 de
732 1574 797 1612 M.
818 1574 943 1612 Caelio
975 1575 1189 1620 existimet,
1224 1589 1272 1613 ex
1292 1576 1398 1628 ipfis,
1436 1578 1462 1615 fi
1483 1580 1670 1631 producti·

255 1649 387 1685 erunt,
418 1640 601 1678 audietis.
634 1641 744 1692 Ergo
764 1638 850 1677 haec
871 1650 1161 1686 removeantur,
1194 1650 1239 1680 ut
1259 1642 1487 1695 aliquando,
1510 1646 1551 1683 in
1573 1648 1665 1698 qui-

256 1705 329 1744 bus
352 1705 463 1744 causa
482 1706 640 1750 nititur,
663 1705 710 1742 ad
730 1719 774 1743 ea
793 1706 1013 1744 veniamus.

311 1773 388 1811 XI.
413 1773 689 1810 Animadverti
710 1772 833 1817 enim,
857 1772 1035 1823 Judices,
1063 1772 1192 1810 audiri
1213 1786 1233 1811 a
1254 1775 1366 1813 vobis
1387 1790 1524 1816 meum
1545 1778 1667 1817 fami-

255 1839 392 1877 liarem
413 1839 462 1877 L.
480 1838 738 1877 Herennium
769 1847 989 1891 perattente
1007 1855 1016 1878 2
1049 1839 1091 1877 in
1121 1853 1202 1892 quo
1224 1841 1291 1879 etsi
1325 1855 1469 1895 magna
1488 1858 1535 1883 ex
1556 1855 1665 1899 parte

254 1905 416 1957 ingenio
437 1906 536 1958 ejus,
572 1914 612 1943 et
643 1904 803 1943 dicendi
836 1919 979 1958 genere
1006 1905 1195 1959 quodam,
1226 1907 1470 1948 tenebamini
1487 1929 1498 1955 3
1533 1921 1666 1951 tamen

254 1985 544 2025 nonnunquam
563 1972 737 2017 verebar,
757 1985 805 2010 ne
825 1972 894 2010 illa
914 1972 1114 2011 subtiliter
1133 1972 1181 2011 ad
1201 1974 1499 2015 criminandum
1519 1978 1664 2017 induc-

254 2048 294 2077 ta
312 2039 438 2077 oratio
469 2039 516 2077 ad
537 2039 690 2077 animos
712 2038 855 2076 vestros
888 2038 1027 2077 senfin]
1059 2053 1103 2077 ac
1122 2039 1266 2079 leniter
1289 2042 1498 2082 accideret.
1545 2045 1665 2084 Dixit

253 2105 363 2143 enim
382 2105 511 2143 multa
531 2105 578 2143 de
599 2105 770 2149 luxuria,
807 2105 936 2143 multa
955 2105 1002 2144 de
1022 2105 1207 2152 libidine,
1240 2108 1369 2146 multa
1389 2109 1436 2147 de
1456 2111 1565 2149 vitiis
1590 2113 1662 2164 ju-

254 2172 444 2217 ventutis,
471 2171 599 2210 multa
619 2170 667 2208 de
686 2170 866 2210 moribus
883 2191 895 2217 3
919 2181 972 2218 et,
996 2173 1067 2225 qui
1086 2173 1130 2211 in
1149 2173 1303 2227 reliqua
1322 2175 1403 2213 vita
1423 2177 1533 2214 mitis
1554 2177 1662 2224 effet,

253 2246 293 2276 et
311 2238 355 2275 in
375 2236 448 2275 hac
468 2238 655 2277 suavitate
675 2236 951 2284 humanitatis,
983 2253 1061 2292 qua
1079 2253 1201 2293 prope
1215 2241 1301 2293 jam
1322 2241 1566 2281 delectantur
1584 2244 1662 2283 ho-

254 2304 399 2349 mines,
429 2305 570 2342 versari
601 2305 846 2358 perjucunde
876 2306 1032 2353 soleret,
1063 2306 1143 2345 fuit
1170 2309 1212 2346 in
1233 2307 1308 2347 hac
1329 2310 1441 2348 causa
1470 2311 1661 2363 pertristis

255 2371 419 2424 quidam
454 2381 632 2423 patruus,
668 2373 818 2419 censor,
861 2374 1068 2426 magister:
1112 2375 1338 2428 objurgavit
1370 2377 1435 2416 M.
1473 2378 1660 2423 Caelium,

255 2438 354 2478 ficut
403 2438 608 2477 neminem
649 2451 826 2491 unquam
880 2454 1018 2494 parens
1043 2456 1052 2480 ι
1106 2442 1234 2480 multa
1273 2443 1321 2482 de
1370 2445 1664 2483 incontinentia
