2076 2860
696 175 844 214 PRO
906 171 1246 211 MILONE.
1344 162 1346 164 ’
1598 183 1670 222 ιπ

279 280 521 320 consularem
543 287 708 331 patrem,
740 287 861 328 quam
882 275 908 313 fi
929 275 1018 327 quis
1039 272 1250 317 humilem,
1283 271 1504 316 necaverit3
1537 279 1603 308 aut
1628 284 1674 308 eo

279 361 384 387 mors
414 346 582 384 atrocior
610 344 684 382 erit
714 343 759 380 P.
784 340 933 386 Clodii,
965 339 1072 393 quod
1104 340 1136 376 is
1170 340 1211 376 in
1243 338 1514 377 monumentis
1547 338 1673 389 majo-

279 428 367 452 rum
388 413 548 450 suorum
568 410 614 448 fit
634 406 878 447 interfectus.
899 407 992 444 Hoc
1008 405 1116 443 enim
1133 405 1228 458 saepe
1244 405 1290 442 ab
1308 404 1387 442 istis
1409 404 1578 442 dicitur:
1603 416 1673 456 pe-

280 479 389 518 rinde
409 478 514 532 quafi
536 476 691 529 Appius
712 474 781 512 ille
803 474 941 512 Caecus
962 472 1066 510 viam
1087 472 1276 509 munierit
1291 500 1301 516 ,
1334 484 1414 509 non
1444 484 1521 522 qua
1543 483 1675 522 popu-

278 546 340 585 lus
363 554 551 589 uteretur,
584 542 647 581 sed
667 541 738 580 ubi
758 541 922 593 impune
943 538 1000 577 sui
1021 538 1162 591 posteri
1183 538 1523 576 latrocinarentur.

336 613 473 664 Itaque
489 640 499 656 ,
531 611 573 649 in
599 609 735 647 eadem
762 607 831 645 ista
850 605 983 659 Appia
1000 605 1061 642 via
1080 618 1175 642 cum
1195 603 1481 642 ornatiffimum
1501 602 1678 655 equitem

280 679 510 717 Romanum
532 677 577 715 P.
603 675 769 714 Clodius
791 674 854 711 M.
879 671 1083 725 PapirIum
1102 670 1328 715 occidisset,
1360 683 1439 707 non
1469 669 1548 708 fuit
1577 668 1679 706 illud

281 744 435 783 facinus
458 742 720 797 puniendum.
754 741 892 778 Homo
921 738 1030 776 enim
1059 736 1206 775 nobilis
1236 736 1278 773 in
1308 735 1384 774 suis
1406 736 1678 773 monumentis

281 811 458 863 equitem
487 811 717 848 Romanum
745 805 956 845 occiderat.
1000 804 1123 842 Nunc
1154 801 1328 854 ejusdem
1360 802 1501 854 Appiae
1533 814 1680 839 nomen

283 886 447 929 quantas
469 874 674 928 tragoedias
696 871 873 910 excitat?
907 870 1006 921 Qae
1035 876 1238 906 cruentata
1262 875 1374 905 antea
1401 867 1505 906 caede
1529 866 1680 904 honesti

285 952 403 996 atque
422 941 645 980 innocentis
666 939 740 977 viri
767 936 950 976 silebatur
965 965 975 981 ,
1006 934 1142 973 eadem
1162 947 1269 972 nunc
1289 934 1427 972 crebro
1448 933 1655 987 usurpatur
1670 962 1679 977 ,

284 1008 535 1062 posteaquam
555 1005 717 1044 latronis
738 1013 778 1042 et
798 1001 999 1056 parricidae
1021 1001 1207 1054 sanguine
1227 1000 1382 1039 imbuta
1401 999 1468 1038 est.

341 1073 415 1112 Sed
435 1072 534 1127 quid
553 1085 626 1125 ego
647 1071 716 1109 illa
735 1081 1007 1108 commemoro
1026 1069 1038 1106 ?
1070 1066 1375 1120 comprehensus
1397 1065 1450 1104 est
1471 1066 1511 1103 in
1533 1065 1685 1118 templo

286 1140 457 1179 Castoris
489 1140 617 1178 servus
651 1139 696 1177 P.
727 1136 877 1182 Clodii,
908 1149 1030 1188 quem
1060 1135 1130 1172 ille
1160 1133 1208 1172 ad
1241 1135 1319 1172 Cn.
1350 1133 1588 1186 Pompeium
1619 1133 1683 1170 in-

286 1207 564 1246 terficiendum
593 1205 818 1244 collocarat.
851 1204 1021 1241 Extorta
1049 1201 1103 1240 est
1134 1201 1344 1240 confitenti
1375 1200 1449 1238 fica
1480 1199 1528 1238 de
1555 1199 1685 1237 mani-

289 1273 378 1311 bus.
411 1272 551 1311 Caruit
570 1270 658 1309 foro
679 1270 808 1323 postea
830 1269 1066 1322 Pompeius,
1099 1268 1224 1306 caruit
1245 1267 1401 1312 senatu,
1433 1266 1559 1305 caruit
1580 1265 1686 1318 pub-

288 1340 368 1378 lico
387 1355 396 1378 ε
423 1341 544 1392 janua
564 1338 600 1376 se
620 1351 663 1376 ac
684 1337 898 1390 parietibus
914 1365 925 1381 ,
958 1349 1037 1373 non
1062 1336 1152 1388 jure
1181 1335 1316 1387 legum
1333 1334 1659 1387 judiciorumque
1673 1362 1685 1377 ‚

288 1406 403 1444 texit.
438 1406 551 1444 Num
573 1418 658 1457 quae
688 1403 839 1456 rogatio
868 1402 976 1440 lata?
1009 1415 1107 1439 num
1128 1415 1215 1453 quae
1235 1414 1334 1439 nova
1354 1399 1514 1452 quaestio
1535 1399 1689 1437 decreta

288 1472 374 1510 est?
406 1472 549 1525 Atqui,
581 1471 607 1508 fi
629 1483 702 1515 res,
735 1470 761 1508 fi
782 1470 855 1514 vir,
888 1468 913 1507 fi
936 1478 1091 1521 tempus
1114 1467 1243 1505 ullum
1264 1466 1432 1518 dignum
1459 1465 1552 1511 fuit,
1585 1473 1690 1503 certe

289 1537 374 1577 haec
394 1539 436 1576 in
457 1538 526 1575 illa
545 1537 656 1575 causa
676 1536 829 1575 summa
848 1536 981 1573 omnia
1001 1534 1176 1573 fuerunt.
1211 1533 1416 1571 Insidiator
1435 1541 1515 1570 erat
1539 1532 1581 1569 in
1602 1530 1690 1568 foro

291 1604 524 1648 collocatus,
545 1613 662 1654 atque
683 1602 724 1639 in
745 1600 937 1639 vestibulo
958 1600 1040 1652 ipso
1062 1599 1239 1637 senatus:
1270 1598 1305 1635 ei
1326 1598 1410 1635 viro
1431 1607 1562 1636 autem
1583 1610 1689 1634 mors

293 1669 513 1723 parabatur,
545 1668 658 1720 cujus
679 1668 718 1705 in
743 1667 822 1704 vita
843 1666 1042 1704 nitebatur
1061 1664 1161 1702 salus
1182 1664 1375 1701 civitatis:
1409 1676 1454 1700 eo
1475 1675 1591 1715 porro
1610 1662 1689 1700 rei-

293 1736 464 1789 publicae
485 1744 660 1786 tempore
675 1762 686 1779 ,
718 1747 798 1786 quo
829 1732 855 1770 s1
885 1745 986 1770 unus
1012 1731 1080 1769 ille
1101 1730 1300 1769 occidisset
1314 1760 1325 1775 ,
1358 1743 1437 1767 non
1459 1728 1541 1767 haec
1562 1728 1692 1767 solum

294 1803 452 1847 civitas,
484 1801 547 1839 sed
568 1809 702 1853 gentes
725 1798 885 1844 omnes,
917 1797 1188 1836 concidiffent.
1222 1797 1309 1835 Nifi
1330 1796 1455 1841 forte,
1487 1796 1580 1849 quia
1599 1809 1691 1848 per-

294 1867 394 1907 fecta
428 1881 485 1906 res
518 1880 597 1905 non
632 1866 710 1912 est,
743 1879 822 1904 non
856 1864 934 1903 fuit
968 1863 1194 1917 punienda:
1228 1862 1388 1915 perinde
1423 1862 1529 1915 quafi
1563 1863 1692 1900 exitus

295 1948 450 1979 rerum,
482 1947 561 1971 non
594 1931 808 1970 hominum
840 1931 1024 1975 confina,
1056 1929 1210 1982 legibus
1242 1928 1508 1966 vindicentur.
1551 1927 1692 1966 Minus

296 2000 512 2039 dolendum
544 1998 622 2037 fuit
654 2013 693 2036 re
726 2012 804 2036 non
837 1995 1021 2049 perfecta,
1054 1995 1116 2034 sed
1149 1994 1396 2049 puniendum
1428 2004 1532 2032 certe
1564 1993 1693 2032 nihilo

296 2068 445 2106 minus.
522 2067 646 2104 uoties
667 2065 762 2118 ipse,
786 2063 961 2115 Judices,
993 2077 1040 2100 ex
1062 2063 1108 2101 P.
1133 2062 1269 2100 Clodii
1291 2062 1393 2107 telis,
1423 2070 1461 2099 et
1483 2075 1529 2099 ex
1550 2074 1692 2098 cruen-

297 2135 348 2171 tis
378 2135 461 2186 ejus
491 2132 673 2170 manibus
690 2160 700 2175 ,
732 2130 855 2182 effugi
874 2131 887 2167 ?
918 2143 966 2167 ex
986 2128 1132 2182 quibus
1153 2129 1180 2167 fi
1201 2142 1265 2166 me
1286 2142 1365 2166 non
1386 2142 1472 2166 mea
1486 2157 1496 2172 ‚
1528 2126 1590 2164 vel
1615 2127 1691 2165 rei-

300 2198 484 2251 publicae‚
516 2197 675 2235 fortuna
695 2196 881 2241 servasset,
913 2196 1001 2249 quis
1027 2195 1187 2233 tandem
1207 2194 1254 2232 de
1274 2194 1437 2232 interitu
1458 2207 1546 2232 meo
1568 2193 1692 2246 quaes-

300 2265 450 2302 tionem
471 2263 616 2301 tulisset
635 2264 648 2300 ?

358 2331 475 2368 VIII.
509 2329 581 2367 Sed
602 2329 710 2367 stulti
730 2328 877 2373 sumus,
901 2330 969 2381 qui
993 2327 1183 2373 Drusum,
1205 2327 1275 2380 qui
1297 2325 1548 2370 Africanum,
1573 2325 1693 2362 Pom-

305 2397 452 2449 peium,
475 2395 745 2448 nosmetipsos,
768 2409 861 2433 cum
884 2396 929 2432 P.
954 2394 1098 2433 Clodio
1120 2393 1297 2431 conferre
1317 2392 1542 2429 audeamus.
1570 2390 1695 2428 Tole-

304 2462 441 2500 rabilia
461 2460 623 2500 fuerunt
643 2461 733 2500 illa:
759 2461 804 2499 P.
829 2460 964 2499 Clodii
985 2469 1155 2499 mortem
1175 2471 1288 2511 aequo
1308 2459 1440 2495 animo
1462 2469 1578 2495 nemo
1598 2454 1696 2493 ferre

1266 2522 1396 2562 Bbz
