2076 2860
340 231 390 269 68
819 224 1268 264 ORATIO

398 330 490 367 Hoc
511 329 600 366 loco
621 340 765 380 quaero,
789 326 831 370 fi,
855 325 894 363 id
915 326 1023 378 quod
1044 325 1314 378 concupieras,
1332 338 1457 377 augur
1476 323 1600 363 fa&us
1621 324 1735 364 effes:

342 395 382 433 in
405 408 481 446 qua
507 404 573 431 tua
593 392 831 445 cogitatione
853 405 938 435 nos,
970 392 1039 443 qui
1062 400 1098 429 te
1119 391 1341 435 oderamus,
1372 391 1440 429 vix
1469 390 1648 429 dolorem
1674 390 1736 429 fe-

342 460 542 504 rebamus3
562 459 622 496 illi
638 467 784 501 autem,
803 456 949 509 quibus
966 470 1046 494 eras
1064 458 1103 494 in
1121 456 1289 502 deliciis,
1305 457 1371 495 vix
1388 456 1510 495 risum
1527 457 1734 495 tenebant:

342 527 405 564 sed
422 539 567 578 quaero,
586 525 611 561 si
628 523 673 560 ad
690 533 826 561 caetera
842 523 1016 567 vulnera,
1033 523 1179 575 quibus
1196 522 1339 575 putasti
1356 523 1647 576 rempublicam
1667 509 1739 561 de'-

342 593 427 636 leri,
451 591 550 629 hanc
572 603 731 643 quoque
753 588 997 626 mortiferam
1018 590 1177 641 plagam
1197 589 1397 628 inflixiffes
1418 598 1630 642 auguratus
1653 589 1736 633 tui;

343 667 477 696 utrum
499 657 723 696 decreturus
745 655 865 693 fueris
888 655 926 692 id
940 685 951 699 ‚
983 656 1090 707 quod
1111 669 1275 708 augures
1296 669 1434 694 omnes
1456 657 1578 709 usque
1604 670 1625 694 a
1652 657 1740 694 Ro-

343 725 455 762 mulo
471 724 740 766 decreverunt,
756 723 853 772 Jove
870 720 1062 773 fulgente,
1082 735 1175 759 cum
1192 722 1342 774 populo
1362 722 1425 774 agi
1446 721 1553 760 nefas
1569 722 1657 767 ess‘e,
1675 735 1739 766 an,

343 791 436 843 quia
456 799 499 828 tu
521 789 669 842 semper
691 788 741 826 fic
761 786 909 839 egisses,
942 787 1113 839 auspicia
1132 786 1252 826 fueris
1273 801 1399 840 augur
1419 787 1673 826 diffoluturus
1691 789 1704 825 ?

400 858 474 895 IX.
507 858 583 901 Ac,
602 869 650 893 ne
670 854 819 892 diutius
841 853 979 907 loquar
995 853 1041 891 de
1058 863 1248 906 auguratu
1271 862 1355 899 tuo,
1378 854 1486 907 quod
1508 855 1656 893 invitus
1678 853 1740 892 fa-

344 924 422 968 cio,
454 932 498 961 ut
528 921 706 960 recorder
736 921 866 958 ruinas
897 920 1152 972 reipublicae:
1186 934 1313 973 neque
1340 921 1448 958 enim
1477 929 1519 959 tu
1548 935 1740 974 unquam,

346 989 466 1027 stante
487 1002 566 1026 non
588 988 707 1026 modo
729 986 923 1039 majestate
944 985 1104 1032 horum,
1128 986 1191 1024 sed
1212 987 1330 1024 etiarn
1352 986 1462 1031 urbe,
1494 995 1532 1024 te
1552 1000 1744 1038 augurem

345 1054 429 1093 fore
450 1053 616 1107 putasti:
645 1062 930 1097 verumtamen,
952 1062 996 1090 ut
1018 1051 1167 1090 somnia
1188 1062 1255 1090 tua
1275 1052 1511 1105 relinquam,
1534 1052 1580 1089 ad
1602 1052 1744 1090 scelera

345 1121 515 1166 veniam,
532 1119 622 1159 volo
644 1119 703 1157 uti
723 1117 825 1157 mihi
846 1117 1094 1171 respondeas:
1113 1132 1207 1156 cum
1228 1118 1291 1156 M.
1309 1118 1501 1156 Bibulum
1521 1118 1740 1164 consulem,

346 1199 426 1225 non
447 1186 577 1224 dicam
598 1186 696 1223 bene
717 1183 764 1222 de
785 1183 987 1236 republica
1007 1183 1254 1229 sentientem,
1273 1198 1320 1221 ne
1337 1193 1380 1222 tu
1401 1183 1504 1222 mihi
1523 1183 1647 1222 homo
1667 1197 1743 1237 po-

347 1262 432 1291 tens
454 1252 626 1298 irascare,
644 1251 713 1304 qui
735 1251 782 1288 ab
803 1264 848 1289 eo
869 1250 1088 1296 diffenfisti3
1113 1250 1176 1288 sed
1196 1250 1402 1288 hominem
1424 1260 1528 1289 certe
1549 1250 1744 1303 nusquam

347 1319 679 1373 progredientem,
698 1317 799 1356 nihil
817 1318 857 1355 in
875 1317 1079 1370 republica
1098 1317 1347 1362 molientem,
1365 1326 1521 1355 tantum
1541 1317 1675 1355 animo
1695 1317 1744 1355 ab

346 1386 566 1424 actionibus
589 1385 666 1423 tuis
687 1383 976 1422 dissentientem
996 1398 1004 1422 :
1038 1397 1131 1421 cum
1151 1397 1242 1421 curn
1264 1392 1306 1421 tu
1327 1383 1530 1421 consulem
1551 1383 1592 1421 in
1611 1383 1744 1421 vincla

347 1453 506 1491 duceres
522 1481 533 1497 ,
565 1461 603 1490 et
629 1465 651 1489 a
675 1450 808 1489 tabula
826 1450 983 1488 Valeria
1001 1450 1162 1502 collegae
1183 1450 1242 1488 tui
1263 1450 1370 1488 mitti
1386 1451 1573 1502 juberent
1589 1469 1600 1495 3
1634 1449 1741 1488 fece-

348 1519 447 1557 risne
467 1528 556 1557 ante
577 1518 715 1556 Rostra
734 1527 913 1570 pontem,
945 1518 1186 1555 continuatis
1215 1517 1495 1562 tribunalibus,
1528 1530 1596 1569 per
1623 1530 1743 1568 quem

347 1584 481 1622 consul
503 1583 643 1637 populi
675 1583 847 1621 Romani
867 1582 1194 1620 moderatissimus
1215 1591 1253 1620 et
1274 1582 1617 1626 constantissimus,
1649 1581 1743 1619 sub-

347 1651 426 1688 lato
446 1649 608 1694 auxilio,
640 1648 805 1686 exclusis
826 1648 979 1694 amicis,
1005 1649 1043 1686 vi
1065 1648 1311 1701 perditorum
1332 1647 1545 1686 hominum
1566 1648 1743 1694 incitata,

348 1716 568 1768 turpiffimo
595 1715 894 1767 miserrimoque
922 1714 1155 1766 speEtaculQ
1188 1728 1267 1752 non
1295 1714 1337 1752 in
1364 1728 1574 1759 carcerem,
1607 1713 1670 1752 sed
1697 1713 1745 1752 ad

350 1782 605 1834 supplicium,
637 1790 675 1818 et
696 1780 743 1818 ad
764 1793 917 1824 necem,
949 1780 1185 1817 duceretur?

404 1849 563 1899 Qaero,
583 1860 680 1883 num
701 1846 789 1898 quis
810 1854 898 1882 ante
921 1854 956 1882 te
977 1853 1057 1882 tam
1078 1843 1198 1882 fuerit
1219 1843 1404 1889 nefarius,
1427 1844 1497 1896 qui
1518 1845 1557 1881 id
1578 1844 1741 1882 fecerit?

351 1922 392 1949 ut
413 1912 593 1956 sciamus,
617 1920 751 1948 utrum
772 1919 947 1948 veterum
969 1908 1192 1947 facinorum
1213 1909 1258 1947 fis
1279 1910 1470 1953 imitator,
1493 1922 1539 1946 an
1562 1909 1745 1947 inventor

350 1991 557 2016 novorum.
578 1976 767 2029 Idemque
784 1985 842 2021 tu,
860 1989 952 2013 cum
970 1975 1031 2013 his
1048 1984 1164 2028 atque
1180 1974 1409 2027 hujusmodi
1426 1975 1596 2012 consiliis
1618 1989 1660 2012 ac
1682 1974 1743 2012 fa-

348 2044 565 2089 cinoribus,
588 2043 748 2081 nomine
770 2043 818 2080 C.
843 2042 1017 2087 Caesaris,
1039 2041 1331 2079 clementiffimi
1352 2051 1468 2094 atque
1489 2042 1633 2093 optimi
1654 2041 1742 2086 viri,

350 2109 488 2147 scelere
509 2123 598 2147 vero
619 2119 734 2161 atque
754 2108 913 2146 audacia
938 2117 1017 2153 tua,
1050 2108 1113 2146 M.
1138 2107 1330 2145 Bibulum
1352 2106 1453 2152 foro,
1485 2108 1606 2152 curia,
1640 2116 1743 2144 tem-

349 2176 440 2227 plis,
473 2175 570 2213 locis
599 2174 771 2226 publicis
798 2174 1002 2218 omnibus,
1033 2174 1255 2226 expuliffes,
1288 2173 1486 2211 inclusum
1514 2173 1620 2210 domi
1644 2186 1742 2211 con—

350 2243 520 2286 tineres;
553 2254 724 2293 cumque
753 2254 831 2277 non
860 2240 1054 2292 majestate
1082 2240 1254 2292 imperii,
1286 2254 1365 2278 non
1388 2241 1477 2292 jure
1499 2239 1647 2292 legum,
1680 2240 1743 2277 sed

344 2309 473 2360 janum
494 2307 683 2360 praefidio,
712 2315 750 2344 et
778 2307 973 2359 parietum
994 2305 1195 2352 custodiis,
1227 2306 1398 2344 consulis
1419 2306 1499 2344 vita
1519 2316 1712 2358 tegeretur
1731 2320 1740 2344 ε

349 2374 546 2412 miserisne
573 2374 777 2418 viatorem,
808 2374 877 2425 qui
910 2373 973 2410 M.
999 2373 1190 2411 Bibulum
1219 2373 1337 2411 domo
1358 2373 1395 2410 vi
1415 2372 1649 2417 extraheret,
1683 2382 1741 2417 ut,

349 2441 455 2494 quod
477 2441 516 2478 in
538 2440 698 2493 privatis
720 2439 868 2492 semper
884 2439 936 2477 est
953 2439 1160 2485 servatum,
1178 2439 1233 2485 id,
1254 2449 1289 2478 te
1307 2440 1468 2478 tribuno
1484 2440 1626 2493 plebis,
1645 2452 1742 2477 con-

349 2508 421 2545 suli
443 2507 583 2545 domus
603 2506 770 2548 exilium
790 2505 861 2544 effe
883 2519 961 2543 non
984 2505 1103 2558 posset
1124 2506 1136 2542 ?
