2076 2860
676 162 1253 203 PHILIPPICA
1332 161 1387 201 11.
1650 174 1731 215 307

328 266 527 318 effundas)
551 265 735 304 advolasti
755 279 873 318 egens
895 264 942 302 ad
964 265 1210 303 tribunatum
1227 294 1237 310 ,
1271 273 1315 303 ut
1344 263 1386 302 in
1407 276 1452 302 eo
1473 261 1726 316 magistratu,

331 334 358 371 fi
380 333 517 386 poffes,
550 333 623 371 viri
645 332 704 370 tui
726 332 862 370 fimilis
885 331 991 370 effes.

388 401 504 438 XXI.
538 399 722 452 Accipite
743 412 864 444 nunc,
883 397 1027 450 quaeso,
1047 411 1124 435 non
1146 411 1202 441 ea,
1220 411 1306 450 quae
1327 397 1408 449 ipse
1428 397 1469 435 in
1492 396 1528 434 se
1547 405 1665 449 atque
1685 396 1728 434 in

328 465 592 504 domesticum
614 466 781 504 dedecus
803 466 959 518 impure
978 474 1096 517 atque
1117 465 1425 517 intemperanter
1439 494 1450 509 ‚
1483 463 1545 502 sed
1573 477 1659 516 quae
1686 464 1729 501 in

329 545 400 570 nos
422 532 677 584 fortunasque
698 531 859 576 nostras,
882 531 922 569 id
943 530 996 568 est
1016 531 1057 568 in
1080 530 1297 568 universam
1319 530 1624 583 rempublicam,
1648 530 1728 567 im-

330 598 394 650 pie
414 612 457 636 ac
479 597 624 636 nefarie
644 597 797 636 fecerit.
822 598 886 635 Ab
907 596 1026 649 hujus
1049 597 1156 634 enim
1174 595 1314 634 scelere
1330 595 1513 633 omnium
1530 595 1730 633 malorum

329 665 575 718 principium
595 674 734 703 natum
755 664 969 717 reperietis.
1003 664 1110 701 Nam
1131 676 1239 707 cum,
1262 663 1312 701 L.
1331 662 1520 707 Lentulo,
1545 663 1594 700 C.
1614 662 1729 699 Mar-

327 731 447 776 cello,
479 730 723 775 consulibus,
757 730 944 768 Kalendis
967 730 1125 780 januar.
1149 728 1349 766 labentem
1379 736 1418 765 et
1439 740 1560 780 prope
1581 727 1726 765 caden-

331 805 412 834 tem
434 796 722 849 rempublicam
743 795 885 833 fulcire
906 795 1117 847 cuperem,
1149 794 1300 846 ipfique
1331 794 1380 831 C.
1405 792 1560 837 Caesari,
1593 792 1619 830 fi
1641 792 1729 830 sana

330 872 463 900 mente
483 862 588 907 effet,
607 862 807 900 consulere
828 861 1001 906 velletis;
1026 870 1114 898 tum
1134 860 1202 898 iste
1222 859 1430 897 venditum
1450 868 1569 911 atque
1588 873 1726 897 eman-

330 929 507 981 cipatum
530 928 777 966 tribunatum
798 927 970 966 consiliis
991 926 1124 965 vestris
1145 926 1344 979 opposuit,
1376 925 1623 978 cervicesque
1643 925 1727 963 suas

328 995 365 1032 ei
392 994 560 1047 subjecit
592 994 741 1039 securi,
774 1007 851 1046 qua
882 993 1002 1031 multi
1035 993 1257 1031 minoribus
1290 993 1331 1030 in
1364 992 1534 1045 peccatis
1567 992 1727 1030 occide-

329 1070 436 1099 runt.
485 1062 531 1099 In
560 1070 597 1098 te
618 1070 749 1099 autem
765 1090 775 1105 ‚
808 1061 873 1098 M.
897 1060 1077 1104 Antoni,
1110 1058 1151 1096 id
1171 1059 1343 1097 decrevit
1363 1058 1515 1096 senatus
1531 1088 1542 1103 ‚
1573 1067 1612 1096 et
1633 1059 1728 1111 qui-

327 1126 420 1165 dem
441 1127 672 1172 incolumis,
695 1127 875 1165 nondum
897 1136 956 1164 tot
977 1126 1198 1164 luminibus
1219 1125 1420 1169 extinctis,
1443 1124 1549 1178 quod
1571 1125 1611 1162 in
1632 1124 1727 1163 hos-

329 1202 412 1231 tem
442 1203 623 1246 togatum
653 1194 809 1232 decerni
839 1193 892 1231 est
914 1193 1076 1231 solitum
1097 1206 1206 1230 more
1226 1193 1439 1244 majorum.
1484 1192 1538 1229 Et
1560 1200 1602 1228 tu
1623 1191 1728 1244 apud

332 1259 463 1297 Patres
492 1259 734 1312 conscriptos
757 1268 893 1296 contra
914 1273 977 1297 me
998 1259 1127 1296 dicere
1147 1258 1259 1296 ausus
1281 1271 1319 1296 es
1335 1287 1346 1303 ,
1379 1271 1471 1295 cum
1493 1257 1540 1294 ab
1561 1255 1639 1295 hoc
1660 1271 1726 1295 or-

331 1325 423 1363 dine
444 1339 516 1378 ego
538 1325 784 1363 conservator
810 1325 925 1363 essem
941 1354 952 1369 ‚
985 1333 1028 1362 tu
1058 1323 1178 1362 hostis
1194 1353 1204 1368 ,
1238 1323 1465 1376 reipublicae
1489 1323 1691 1376 judicatus
1711 1325 1726 1361 ?

331 1393 672 1430 Commemoratio
693 1392 801 1429 illius
825 1392 883 1429 tui
904 1390 1056 1429 sceleris
1078 1390 1294 1428 intermiffa
1321 1389 1374 1428 est
1389 1419 1399 1435 ,
1432 1403 1512 1427 non
1537 1390 1729 1428 memoria

329 1458 471 1497 deleta.
515 1460 628 1497 Dum
658 1472 781 1511 genus
812 1456 1050 1501 hominum,
1083 1457 1178 1494 dum
1214 1457 1352 1509 populi
1380 1457 1554 1494 Romani
1580 1469 1728 1494 nornen

329 1525 481 1563 extabit
496 1554 506 1570 ,
542 1525 668 1577 (quod
689 1524 852 1577 quidem
873 1524 971 1568 erit,
1005 1523 1029 1560 fi
1052 1537 1120 1575 per
1150 1532 1186 1560 te
1207 1523 1365 1561 licuerit
1379 1551 1390 1567 ,
1422 1521 1725 1575 sempiternum)

331 1600 398 1629 tua
418 1591 487 1629 illa
504 1590 684 1643 pestifera
704 1590 922 1628 interceffio
943 1589 1229 1627 nominabitur.

386 1657 498 1709 Qid
525 1657 668 1710 cupide
695 1671 715 1694 a
742 1657 889 1701 senatu,
922 1656 1018 1709 quid
1047 1665 1190 1694 temere
1219 1655 1360 1700 fiebat,
1393 1668 1486 1693 cum
1516 1663 1574 1700 tu,
1605 1669 1723 1702 unus,

330 1724 552 1762 adolescens
566 1754 577 1768 ‚
611 1723 835 1761 universum
855 1723 1036 1762 ordinem
1062 1723 1268 1761 decernere
1290 1721 1336 1759 de
1358 1721 1479 1759 salute
1499 1722 1728 1774 reipublicae

331 1789 568 1843 prohibuisti
589 1791 601 1827 ?
634 1803 761 1842 neque
783 1789 823 1827 id
843 1789 988 1834 semel,
1020 1788 1085 1826 sed
1105 1789 1240 1841 saepius
1262 1789 1273 1825 ?
1306 1801 1434 1839 neque
1461 1796 1504 1825 tu
1526 1796 1660 1826 tecum
1681 1789 1729 1826 de

333 1856 486 1895 senatus
507 1857 736 1895 auctoritate
756 1857 818 1909 agi
840 1855 964 1909 passus
985 1869 1024 1893 es
1045 1857 1057 1893 ?
1081 1855 1192 1907 Qid
1212 1863 1344 1892 autem
1365 1854 1564 1906 agebatur,
1589 1855 1659 1892 nisi
1681 1869 1729 1893 nc

332 1923 459 1962 delere
480 1934 518 1962 et
539 1933 708 1962 evertere
730 1923 1018 1976 rempublicam
1040 1921 1221 1960 funditus
1243 1921 1361 1959 velles
1378 1950 1388 1965 ‚
1419 1934 1514 1958 cum
1542 1930 1579 1959 te
1601 1935 1730 1974 neque

331 1990 530 2043 principes
552 1990 723 2028 civitatis
746 1989 933 2042 rogando,
965 2002 1093 2041 neque
1113 1989 1279 2040 majores
1302 1997 1395 2026 natu
1415 1987 1629 2033 monendo,
1656 2002 1727 2027 ne-

333 2069 410 2108 que
430 2055 615 2108 frequens
637 2056 788 2093 senatus
810 2054 960 2106 agendo
975 2084 986 2099 ,
1019 2055 1065 2092 de
1085 2055 1244 2092 vendita
1262 2063 1380 2106 atque
1399 2053 1551 2092 addicta
1571 2053 1728 2093 senten-

333 2121 388 2159 tia
417 2135 573 2160 movere
605 2121 768 2174 potuit?
805 2122 917 2158 Tum
948 2120 1064 2165 illud,
1097 2121 1236 2158 multis
1270 2120 1384 2157 rebus
1418 2129 1508 2158 ante
1540 2121 1726 2167 tentatis,

333 2187 541 2224 neceffario
562 2187 637 2224 tibi
658 2186 801 2224 vulnus
823 2186 1041 2232 inflictum,
1073 2187 1180 2239 quod
1201 2186 1335 2239 paucis
1357 2196 1445 2223 ante
1467 2195 1524 2230 te,
1557 2200 1728 2238 quorum

334 2253 548 2290 incolumis
570 2251 648 2290 fuit
665 2266 796 2290 nemo.
824 2253 936 2290 Tum
956 2262 1093 2290 contra
1112 2262 1150 2290 te
1171 2252 1279 2290 dedit
1298 2265 1404 2290 arma
1424 2251 1491 2289 hic
1512 2251 1609 2289 ordo
1628 2265 1727 2290 con-

336 2318 511 2363 sufibus,
544 2317 784 2371 reliquisque
813 2318 990 2370 imperiis
1022 2328 1059 2356 et
1082 2318 1365 2371 potestatibus:
1399 2331 1484 2370 quae
1515 2331 1594 2355 non
1624 2317 1727 2355 effu-

332 2384 462 2436 giss‘eS‚
495 2384 565 2422 nisi
587 2393 623 2422 te
644 2383 691 2422 ad
711 2397 816 2422 arma
837 2384 995 2422 Caesaris
1017 2384 1256 2423 contulisses.

391 2451 529 2490 XXII.
563 2452 645 2496 Tu,
677 2459 734 2496 tu,
766 2451 950 2503 inquam,
984 2451 1046 2489 M.
1071 2452 1246 2495 Antoni,
1280 2450 1461 2501 princeps
1493 2450 1542 2488 C.
1567 2446 1726 2492 Caesari,

1279 2516 1426 2566 qu
