2076 2860
433 247 512 288 350
702 233 779 272 IN
839 232 904 271 Μ.
964 231 1407 279 ANTONIUM,
1472 234 1550 273 &a

430 336 572 376 amifit.
606 337 664 374 Ut
695 335 819 388 igitur
851 335 1068 374 Catilinam
1101 335 1308 389 diligentia
1338 350 1440 382 mea,
1472 336 1623 376 senatus
1655 339 1826 377 auetori-

430 412 524 448 tate‚
556 403 678 441 vestro
698 401 827 440 studio
855 410 894 440 et
925 402 1086 448 virtute,
1118 401 1286 455 fregistis
1303 422 1315 449 3
1348 403 1399 442 s1c
1430 404 1600 441 Antonii
1629 403 1827 444 nefarium

429 470 686 508 latrocinium
712 468 833 506 vestra
859 482 954 507 cum
981 468 1114 507 senatu
1145 469 1356 508 concordia
1388 478 1508 515 tanta,
1540 480 1688 523 quanta
1718 485 1824 509 nun-

429 550 551 589 quam
571 535 664 581 fuit,
696 534 887 574 felicitate
912 544 952 574 et
978 537 1125 575 virtute
1151 537 1401 575 exercituum
1428 537 1658 590 ducumque
1677 538 1824 577 vestro-

428 616 533 648 rum,
566 602 676 640 brevi
704 611 882 655 tempore
907 602 1133 656 oppreffum
1162 603 1343 642 audietis.
1381 603 1598 656 Equidem,
1630 613 1826 657 quantum

428 683 535 715 cura,
566 670 714 715 labore,
736 669 900 722 vigiliis,
931 670 1175 715 auctoritate,
1207 670 1386 716 confili0‚
1417 670 1515 708 eniti
1535 679 1653 724 atque
1673 671 1826 710 efficere

427 746 581 790 potero,
613 736 717 775 nihil
736 737 1052 791 praetermittam,
1074 737 1183 791 quod
1203 737 1250 776 ad
1270 738 1495 776 libertatem
1515 737 1679 776 vestram
1700 739 1824 791 perti-

426 817 519 842 nere
539 803 771 842 arbitrabor.
815 804 961 858 Neque
981 805 1089 843 enim
1118 804 1159 842 id
1179 818 1250 857 pro
1270 804 1403 843 vestris
1431 805 1473 842 in
1494 818 1558 843 me
1578 804 1824 857 ampliffimis

427 870 632 909 beneficiis
654 871 732 908 fine
752 870 894 909 scelere
914 870 1040 910 facere
1060 871 1229 925 poffum.
1272 871 1482 909 Hodierno
1505 880 1637 909 autem
1658 870 1721 909 die
1740 871 1825 924 pri-

427 950 557 982 mum,
589 936 782 975 referente
801 937 887 976 viro
906 936 1130 983 fortiffimo,
1162 937 1351 990 vobisque
1380 937 1627 983 amiciffimo,
1658 936 1736 975 hoc
1757 938 1822 976 M.

428 1003 608 1048 Servilio,
640 1003 882 1057 collegisque
910 1004 1010 1057 ejus,
1042 1003 1292 1042 ornatiffimis
1319 1004 1429 1049 viris,
1461 1004 1624 1057 optimis
1652 1003 1823 1049 civibus,

427 1068 550 1122 longo
581 1070 803 1117 intervallo,
835 1083 900 1109 me
930 1073 1085 1110 auctore
1115 1079 1155 1109 et
1185 1070 1380 1124 principe,
1412 1070 1460 1109 ad
1491 1069 1598 1123 spem
1630 1069 1822 1108 libertatis

427 1136 652 1177 exarfimus.
