2076 2860
580 154 1159 195 PHILIPPICA
1235 155 1313 193 111.
1570 169 1645 209 335

246 268 480 299 meruerunt
500 259 690 312 legiones,
710 273 796 311 quae
816 257 1020 296 consulem
1041 258 1311 311 reliquerunt3
1331 259 1536 300 sceleratus
1560 262 1648 300 Cae-

248 327 321 372 sar,
340 328 484 365 Brutus
502 325 688 370 nefarius,
707 325 778 378 qui
797 333 936 362 contra
955 323 1159 362 consulem
1179 326 1332 378 privato
1353 327 1517 366 consilio
1536 342 1647 366 exer-

250 394 354 431 citus
375 400 714 445 comparaverunt.
744 391 812 429 Sin
832 400 965 428 autem
985 390 1184 429 militibus
1207 393 1440 445 exquirendi
1462 394 1551 433 sunt
1572 394 1649 433 ho-

241 473 363 499 nores
385 460 493 505 novi‚
516 468 677 512 propter
696 472 834 496 eorum
856 458 1038 496 divinum
1054 467 1171 512 atque
1192 459 1418 499 immortale
1438 463 1647 509 meritum;

246 526 420 564 ducibus
450 535 583 563 autem
613 538 662 562 ne
687 523 824 563 referri
851 524 1014 576 quidem
1041 524 1167 578 potest
1187 526 1337 578 gratia:
1370 528 1458 580 quis
1481 529 1548 574 est,
1580 530 1650 581 qui

249 605 341 629 eum
361 590 513 630 hostem
535 604 616 629 non
636 590 848 635 existimet,
867 603 987 641 quem
1004 591 1074 643 qui
1095 592 1212 629 armis
1229 592 1530 646 persequuntur,
1550 608 1648 633 con-

248 659 459 697 servatores
476 658 706 711 reipublicae
721 658 953 710 judicantur
971 659 984 695 ?

306 727 364 764 At
385 739 506 778 quam
526 724 836 763 contumeliosus
865 725 906 762 in
927 723 1062 762 edietis
1083 725 1248 777 ?‘quam
1281 725 1466 765 barbarus
1486 730 1499 766 ?
1531 743 1651 782 quam

249 791 391 830 rudis?
421 792 605 830 Primum
625 792 667 828 in
690 791 880 828 Caesarem
902 800 946 828 ut
967 790 1173 828 maledieta
1193 793 1395 844 congessit,
1419 793 1653 849 deprompta

251 871 300 897 ex
321 857 589 896 recordatione
608 856 887 910 impudicitiae,
905 865 944 894 et
959 855 1184 909 stuprorum
1204 857 1364 897 suorum
1382 861 1394 897 ?
1418 861 1521 912 Qis
1542 862 1652 901 enim

250 922 330 962 hoc
362 923 605 962 adolescente
636 923 804 961 castior?
837 924 927 975 quis
958 922 1199 962 modestior?
1233 925 1341 977 quod
1372 926 1413 964 in
1439 928 1652 979 juventute

250 988 444 1027 habemus
475 988 667 1026 illustrius
698 989 931 1041 exemplum
959 989 1100 1027 veteris
1133 989 1376 1029 sanctitatis?
1409 993 1498 1045 quis
1519 1003 1653 1032 autem

247 1055 324 1094 illo
344 1055 539 1094 maledico
559 1055 783 1107 impurior?
816 1054 1118 1107 Ignobilitatem
1138 1055 1279 1108 objicit
1302 1059 1350 1096 C.
1369 1059 1528 1098 Caesaris
1550 1060 1649 1106 filio,

249 1123 366 1175 cujus
392 1122 515 1160 etiam
544 1131 683 1160 natura
714 1131 837 1175 pater,
869 1121 896 1159 fi
927 1122 1007 1159 vita
1034 1121 1325 1175 suppeditasset,
1356 1126 1493 1164 consul
1526 1127 1651 1166 fac‘tus

247 1188 358 1228 effet.
398 1189 566 1227 Aricina
595 1197 734 1227 mater.
773 1187 1019 1226 Trallianam
1047 1198 1115 1227 aut
1136 1188 1348 1242 Ephefiam
1369 1202 1484 1245 putes
1506 1193 1650 1233 dicere.

252 1255 412 1300 Videte,
444 1268 564 1308 quam
585 1254 846 1307 despiciamur
865 1268 1018 1300 omnes,
1045 1256 1115 1308 qui
1136 1255 1270 1294 sumus
1291 1272 1312 1295 e
1332 1260 1579 1312 municipiis,
1612 1260 1653 1299 id

247 1320 322 1366 est,
353 1334 490 1359 omnes
510 1321 640 1374 plane⁴
674 1322 833 1373 Qotus
854 1321 962 1358 enim
983 1321 1149 1374 quisque
1174 1335 1253 1360 non
1274 1323 1328 1361 est
1346 1325 1360 1361 ?
1392 1326 1499 1377 quod
1520 1337 1653 1365 autem

252 1387 526 1439 municipium
543 1400 626 1424 non
647 1387 870 1424 contemnit
891 1387 938 1433 is,
969 1387 1039 1438 qui
1063 1388 1278 1426 Aricinum
1299 1399 1501 1443 tantopere
1522 1393 1652 1446 despi-

249 1453 331 1498 cit,
363 1453 550 1491 vetustate
581 1453 917 1504 antiquiffimum,
943 1453 1033 1506 jure
1066 1447 1324 1501 foede‘ratum,
1355 1458 1653 1512 propinquitate

250 1533 354 1572 pene
374 1519 610 1564 finitimum,
642 1519 846 1572 splendore
867 1520 1120 1572 municipum
1140 1519 1454 1560 honestiffimum
1471 1525 1484 1560 ?

310 1586 423 1624 Hinc
453 1585 659 1630 Voconiae,
689 1584 786 1623 hinc
817 1585 996 1623 Scatiniae
1016 1586 1120 1638 leges
1140 1601 1150 1623 z
1182 1585 1278 1625 hinc
1300 1588 1436 1626 multae
1458 1589 1558 1628 sellae
1578 1603 1650 1632 cu-

252 1652 373 1697 rules,
405 1661 444 1690 et
475 1661 634 1704 patrum
666 1652 870 1697 memoria,
902 1661 941 1690 et
973 1652 1125 1691 nostra:
1159 1652 1255 1692 hinc
1287 1656 1439 1707 equites
1461 1657 1649 1703 Romani,

249 1717 455 1756 lautiflirni
476 1727 515 1755 et
536 1717 714 1769 plurimi.
749 1717 822 1755 Sed
843 1718 868 1755 s1
891 1717 1096 1756 Aricinam
1118 1732 1281 1757 uxorem
1303 1733 1382 1758 non
1403 1721 1559 1774 probas,
1582 1737 1652 1761 cur

255 1783 397 1836 probas
414 1783 710 1821 Tusculanam?
734 1784 975 1836 Qanquam
995 1783 1114 1836 hujus
1136 1785 1376 1824 sandfiffimae
1395 1786 1570 1827 foeminae
1590 1798 1650 1827 at-

251 1863 334 1902 que
354 1850 515 1902 optima?
534 1859 644 1902 pater
665 1850 728 1888 M.
753 1850 889 1888 Attius
912 1850 1073 1896 Balbus,
1106 1851 1147 1888 in
1164 1852 1307 1904 primis
1329 1852 1528 1900 honestus,
1552 1869 1650 1908 prae-

253 1917 380 1955 torius
408 1915 515 1955 fuit:
548 1925 624 1955 tuae
655 1918 853 1970 conjugi5‚
888 1917 999 1955 bonae
1027 1917 1217 1964 foeminae,
1248 1919 1461 1973 locupletis
1490 1923 1652 1975 quidem

251 1992 376 2028 certe,
416 1983 626 2022 Bambalio
657 1984 820 2037 quidam
850 1993 974 2036 pater,
1007 1983 1129 2023 homo
1163 1985 1274 2024 nullo
1307 2001 1486 2028 numero.
1533 1989 1651 2028 Nihil

251 2049 328 2089 illo
347 2051 633 2103 contemptius,
651 2051 720 2103 qui
737 2060 901 2103 propter
920 2050 1176 2090 haefitantiam
1196 2053 1358 2106 linguae,
1377 2055 1653 2110 stuporemque

255 2115 403 2161 cordis,
439 2130 662 2169 cognomen
697 2131 744 2155 ex
779 2118 1021 2157 contumelia
1053 2121 1227 2159 traxerit.
1271 2123 1328 2160 At
1362 2136 1454 2161 avus
1488 2123 1649 2164 nobilis.

258 2181 486 2220 Tuditanus
508 2196 651 2235 nempe
670 2183 753 2228 ille,
784 2183 854 2221 ille
875 2185 945 2237 qui
972 2198 1066 2223 cum
1084 2186 1188 2239 palla
1207 2196 1246 2225 et
1266 2190 1443 2227 coturnis
1463 2203 1651 2228 nummos

256 2247 410 2301 populo
437 2247 483 2285 de
511 2249 662 2287 Rostris
689 2249 864 2303 spargere
884 2250 1046 2291 solebat.
1080 2253 1237 2292 Vellem
1259 2253 1361 2293 hanc
1380 2258 1650 2309 contemptio·

258 2328 352 2353 nem
384 2315 560 2366 pecuniae
595 2315 672 2354 suis
703 2316 918 2370 reliquisset
936 2333 945 2356 :
985 2317 1182 2358 haberetis
1213 2322 1465 2361 nobilitatem
1500 2325 1651 2376 generis

259 2380 484 2433 gloriosam.
523 2381 607 2433 Qi
635 2391 767 2420 autem
797 2384 940 2430 evenit,
971 2394 1018 2423 ut
1049 2386 1121 2423 tibi
1144 2386 1307 2425 Aricina
1327 2399 1440 2427 natus
1461 2389 1650 2440 ignobilis

254 2446 451 2492 videatur,
484 2460 577 2486 cum
607 2457 650 2486 tu
671 2448 809 2489 eodem
829 2459 1006 2490 materno
1024 2464 1167 2506 genere
1186 2453 1307 2492 soleas
1327 2454 1484 2508 gloriari
1505 2456 1519 2493 ?
1594 2468 1648 2497 11ae
