<?xml version="1.0" encoding="UTF-8"?>
<!DOCTYPE html PUBLIC "-//W3C//DTD XHTML 1.0 Transitional//EN"
    "http://www.w3.org/TR/xhtml1/DTD/xhtml1-transitional.dtd">
<html xmlns="http://www.w3.org/1999/xhtml" xml:lang="en" lang="en">
 <head>
  <title>
</title>
<meta http-equiv="Content-Type" content="text/html;charset=utf-8" />
  <meta name='ocr-system' content='tesseract 3.04.00' />
  <meta name='ocr-capabilities' content='ocr_page ocr_carea ocr_par ocr_line ocrx_word'/>
</head>
<body>
  <div class='ocr_page' id='page_1' title='image "./operacumindicibu06ciceuoft_0014.png"; bbox 0 0 2076 2860; ppageno 0'>
   <div class='ocr_carea' id='block_1_1' title="bbox 259 172 1176 225">
    <p class='ocr_par' dir='ltr' id='par_1_1' title="bbox 259 172 1176 225">
     <span class='ocr_line' id='line_1_1' title="bbox 259 172 1176 225; baseline 0 -15"><span class='ocrx_word' id='word_1_1' title='bbox 259 189 284 225; x_wconf 83' lang='lat'>4</span> <span class='ocrx_word' id='word_1_2' title='bbox 734 172 1176 210; x_wconf 80' lang='lat' dir='ltr'><strong>ORATIO</strong></span> 
     </span>
    </p>
   </div>
   <div class='ocr_carea' id='block_1_2' title="bbox 245 269 1642 2490">
    <p class='ocr_par' dir='ltr' id='par_1_2' title="bbox 247 269 1642 911">
     <span class='ocr_line' id='line_1_2' title="bbox 257 269 1642 322; baseline -0.001 -12"><span class='ocrx_word' id='word_1_3' title='bbox 257 272 304 309; x_wconf 86' lang='lat' dir='ltr'>ad</span> <span class='ocrx_word' id='word_1_4' title='bbox 325 285 387 310; x_wconf 89' lang='lat' dir='ltr'>me</span> <span class='ocrx_word' id='word_1_5' title='bbox 408 271 605 315; x_wconf 84' lang='lat' dir='ltr'>detulerit,</span> <span class='ocrx_word' id='word_1_6' title='bbox 624 279 770 322; x_wconf 85' lang='lat' dir='ltr'>quanto</span> <span class='ocrx_word' id='word_1_7' title='bbox 790 278 878 306; x_wconf 87' lang='lat' dir='ltr'>ante</span> <span class='ocrx_word' id='word_1_8' title='bbox 898 269 1126 321; x_wconf 86' lang='lat' dir='ltr'>providerit.</span> <span class='ocrx_word' id='word_1_9' title='bbox 1150 270 1286 322; x_wconf 87' lang='lat' dir='ltr'>Atque</span> <span class='ocrx_word' id='word_1_10' title='bbox 1301 283 1374 322; x_wconf 86' lang='lat' dir='ltr'>ego</span> <span class='ocrx_word' id='word_1_11' title='bbox 1394 269 1441 308; x_wconf 90' lang='lat' dir='ltr'>de</span> <span class='ocrx_word' id='word_1_12' title='bbox 1462 269 1642 308; x_wconf 85' lang='lat' dir='ltr'>Antonio</span> 
     </span>
     <span class='ocr_line' id='line_1_3' title="bbox 256 336 1641 389; baseline -0.001 -14"><span class='ocrx_word' id='word_1_13' title='bbox 256 337 358 375; x_wconf 90' lang='lat' dir='ltr'>nihil</span> <span class='ocrx_word' id='word_1_14' title='bbox 376 338 478 382; x_wconf 90' lang='lat' dir='ltr'>dico,</span> <span class='ocrx_word' id='word_1_15' title='bbox 495 346 631 389; x_wconf 81' lang='lat' dir='ltr'>praeter</span> <span class='ocrx_word' id='word_1_16' title='bbox 646 350 793 373; x_wconf 89' lang='lat' dir='ltr'>unum:</span> <span class='ocrx_word' id='word_1_17' title='bbox 813 349 1033 388; x_wconf 87' lang='lat' dir='ltr'><strong>numquam</strong></span> <span class='ocrx_word' id='word_1_18' title='bbox 1048 336 1166 374; x_wconf 91' lang='lat' dir='ltr'>illum</span> <span class='ocrx_word' id='word_1_19' title='bbox 1182 336 1223 374; x_wconf 88' lang='lat' dir='ltr'>in</span> <span class='ocrx_word' id='word_1_20' title='bbox 1240 336 1311 374; x_wconf 92' lang='lat' dir='ltr'>illo</span> <span class='ocrx_word' id='word_1_21' title='bbox 1327 336 1482 375; x_wconf 90' lang='lat' dir='ltr'>summo</span> <span class='ocrx_word' id='word_1_22' title='bbox 1499 337 1641 374; x_wconf 87' lang='lat' dir='ltr'>timore</span> 
     </span>
     <span class='ocr_line' id='line_1_4' title="bbox 256 402 1638 454; baseline 0 -15"><span class='ocrx_word' id='word_1_23' title='bbox 256 416 299 440; x_wconf 86' lang='lat' dir='ltr'>ac</span> <span class='ocrx_word' id='word_1_24' title='bbox 320 403 496 454; x_wconf 86' lang='lat' dir='ltr'>periculo</span> <span class='ocrx_word' id='word_1_25' title='bbox 520 402 688 439; x_wconf 85' lang='lat' dir='ltr'>civitatis</span> <span class='ocrx_word' id='word_1_26' title='bbox 716 413 842 452; x_wconf 85' lang='lat' dir='ltr'>neque</span> <span class='ocrx_word' id='word_1_27' title='bbox 869 414 1127 439; x_wconf 87' lang='lat' dir='ltr'>communem</span> <span class='ocrx_word' id='word_1_28' title='bbox 1155 410 1309 439; x_wconf 89' lang='lat' dir='ltr'>metum</span> <span class='ocrx_word' id='word_1_29' title='bbox 1337 403 1535 446; x_wconf 88' lang='lat' dir='ltr'>omnium,</span> <span class='ocrx_word' id='word_1_30' title='bbox 1568 415 1638 439; x_wconf 90' lang='lat' dir='ltr'>ne-</span> 
     </span>
     <span class='ocr_line' id='line_1_5' title="bbox 256 466 1640 521; baseline 0 -15"><span class='ocrx_word' id='word_1_31' title='bbox 256 483 331 521; x_wconf 89' lang='lat' dir='ltr'>que</span> <span class='ocrx_word' id='word_1_32' title='bbox 352 469 549 521; x_wconf 83' lang='lat' dir='ltr'>propriam</span> <span class='ocrx_word' id='word_1_33' title='bbox 572 467 855 505; x_wconf 87' lang='lat' dir='ltr'>nonnullorum</span> <span class='ocrx_word' id='word_1_34' title='bbox 875 466 922 504; x_wconf 90' lang='lat' dir='ltr'>de</span> <span class='ocrx_word' id='word_1_35' title='bbox 943 467 1026 519; x_wconf 90' lang='lat' dir='ltr'>ipso</span> <span class='ocrx_word' id='word_1_36' title='bbox 1046 467 1322 520; x_wconf 86' lang='lat' dir='ltr'>suspicionem,</span> <span class='ocrx_word' id='word_1_37' title='bbox 1345 478 1411 506; x_wconf 87' lang='lat' dir='ltr'>aut</span> <span class='ocrx_word' id='word_1_38' title='bbox 1432 467 1640 506; x_wconf 85' lang='lat' dir='ltr'>infitiando</span> 
     </span>
     <span class='ocr_line' id='line_1_6' title="bbox 255 531 1637 586; baseline 0 -14"><span class='ocrx_word' id='word_1_39' title='bbox 255 535 406 579; x_wconf 87' lang='lat' dir='ltr'>tollere,</span> <span class='ocrx_word' id='word_1_40' title='bbox 433 543 498 571; x_wconf 89' lang='lat' dir='ltr'>aut</span> <span class='ocrx_word' id='word_1_41' title='bbox 519 531 791 570; x_wconf 85' lang='lat' dir='ltr'>diffimulando</span> <span class='ocrx_word' id='word_1_42' title='bbox 812 531 953 578; x_wconf 87' lang='lat' dir='ltr'>sedare,</span> <span class='ocrx_word' id='word_1_43' title='bbox 976 532 1150 571; x_wconf 86' lang='lat' dir='ltr'>voluiffe.</span> <span class='ocrx_word' id='word_1_44' title='bbox 1184 535 1231 571; x_wconf 92' lang='lat' dir='ltr'>In</span> <span class='ocrx_word' id='word_1_45' title='bbox 1252 547 1332 586; x_wconf 90' lang='lat' dir='ltr'>quo</span> <span class='ocrx_word' id='word_1_46' title='bbox 1353 534 1505 586; x_wconf 87' lang='lat' dir='ltr'>collega</span> <span class='ocrx_word' id='word_1_47' title='bbox 1524 533 1637 572; x_wconf 88' lang='lat' dir='ltr'>susti-</span> 
     </span>
     <span class='ocr_line' id='line_1_7' title="bbox 255 598 1637 652; baseline 0 -15"><span class='ocrx_word' id='word_1_48' title='bbox 255 600 396 644; x_wconf 85' lang='lat' dir='ltr'>nendo,</span> <span class='ocrx_word' id='word_1_49' title='bbox 415 609 530 650; x_wconf 89' lang='lat' dir='ltr'>atque</span> <span class='ocrx_word' id='word_1_50' title='bbox 551 598 801 642; x_wconf 84' lang='lat' dir='ltr'>moderando,</span> <span class='ocrx_word' id='word_1_51' title='bbox 820 598 845 635; x_wconf 90' lang='lat' dir='ltr'>fi</span> <span class='ocrx_word' id='word_1_52' title='bbox 867 611 995 635; x_wconf 88' lang='lat' dir='ltr'>meam</span> <span class='ocrx_word' id='word_1_53' title='bbox 1016 599 1057 635; x_wconf 92' lang='lat' dir='ltr'>in</span> <span class='ocrx_word' id='word_1_54' title='bbox 1078 598 1196 636; x_wconf 90' lang='lat' dir='ltr'>illum</span> <span class='ocrx_word' id='word_1_55' title='bbox 1216 599 1521 652; x_wconf 85' lang='lat' dir='ltr'>indulgentiam,</span> <span class='ocrx_word' id='word_1_56' title='bbox 1539 612 1637 637; x_wconf 92' lang='lat' dir='ltr'>con-</span> 
     </span>
     <span class='ocr_line' id='line_1_8' title="bbox 247 663 1637 717; baseline 0 -14"><span class='ocrx_word' id='word_1_57' title='bbox 247 667 426 717; x_wconf 63' lang='lat' dir='ltr'>junctam</span> <span class='ocrx_word' id='word_1_58' title='bbox 447 678 539 702; x_wconf 92' lang='lat' dir='ltr'>cum</span> <span class='ocrx_word' id='word_1_59' title='bbox 561 664 713 702; x_wconf 88' lang='lat' dir='ltr'>summa</span> <span class='ocrx_word' id='word_1_60' title='bbox 732 663 904 701; x_wconf 90' lang='lat' dir='ltr'>custodia</span> <span class='ocrx_word' id='word_1_61' title='bbox 923 663 1165 716; x_wconf 81' lang='lat' dir='ltr'>reipublicae,</span> <span class='ocrx_word' id='word_1_62' title='bbox 1197 664 1351 703; x_wconf 86' lang='lat' dir='ltr'>laudare</span> <span class='ocrx_word' id='word_1_63' title='bbox 1372 679 1459 703; x_wconf 90' lang='lat' dir='ltr'>vere</span> <span class='ocrx_word' id='word_1_64' title='bbox 1486 665 1637 704; x_wconf 86' lang='lat' dir='ltr'>soleba-</span> 
     </span>
     <span class='ocr_line' id='line_1_9' title="bbox 254 729 1638 783; baseline 0.001 -14"><span class='ocrx_word' id='word_1_65' title='bbox 254 732 330 776; x_wconf 81' lang='lat' dir='ltr'>tis;</span> <span class='ocrx_word' id='word_1_66' title='bbox 354 745 421 783; x_wconf 92' lang='lat' dir='ltr'>par</span> <span class='ocrx_word' id='word_1_67' title='bbox 441 744 561 783; x_wconf 88' lang='lat' dir='ltr'>prope</span> <span class='ocrx_word' id='word_1_68' title='bbox 581 730 663 767; x_wconf 83' lang='lat' dir='ltr'>laus</span> <span class='ocrx_word' id='word_1_69' title='bbox 686 730 730 767; x_wconf 90' lang='lat' dir='ltr'>P.</span> <span class='ocrx_word' id='word_1_70' title='bbox 749 729 870 767; x_wconf 87' lang='lat' dir='ltr'>Sextii</span> <span class='ocrx_word' id='word_1_71' title='bbox 890 729 962 767; x_wconf 84' lang='lat' dir='ltr'>effe</span> <span class='ocrx_word' id='word_1_72' title='bbox 982 729 1112 774; x_wconf 86' lang='lat' dir='ltr'>debet,</span> <span class='ocrx_word' id='word_1_73' title='bbox 1135 730 1205 782; x_wconf 90' lang='lat' dir='ltr'>qui</span> <span class='ocrx_word' id='word_1_74' title='bbox 1226 730 1341 768; x_wconf 90' lang='lat' dir='ltr'>suum</span> <span class='ocrx_word' id='word_1_75' title='bbox 1360 731 1414 768; x_wconf 89' lang='lat' dir='ltr'>ita</span> <span class='ocrx_word' id='word_1_76' title='bbox 1434 731 1638 770; x_wconf 88' lang='lat' dir='ltr'>consulem</span> 
     </span>
     <span class='ocr_line' id='line_1_10' title="bbox 253 794 1636 850; baseline 0.001 -16"><span class='ocrx_word' id='word_1_77' title='bbox 253 796 482 840; x_wconf 83' lang='lat' dir='ltr'>observavit,</span> <span class='ocrx_word' id='word_1_78' title='bbox 510 804 552 833; x_wconf 87' lang='lat' dir='ltr'>ut</span> <span class='ocrx_word' id='word_1_79' title='bbox 573 805 611 833; x_wconf 89' lang='lat' dir='ltr'>et</span> <span class='ocrx_word' id='word_1_80' title='bbox 631 795 691 832; x_wconf 88' lang='lat' dir='ltr'>illi</span> <span class='ocrx_word' id='word_1_81' title='bbox 714 794 878 847; x_wconf 84' lang='lat' dir='ltr'>quaestor</span> <span class='ocrx_word' id='word_1_82' title='bbox 898 794 1040 840; x_wconf 79' lang='lat' dir='ltr'>bonus,</span> <span class='ocrx_word' id='word_1_83' title='bbox 1061 804 1099 833; x_wconf 88' lang='lat' dir='ltr'>et</span> <span class='ocrx_word' id='word_1_84' title='bbox 1120 795 1230 833; x_wconf 85' lang='lat' dir='ltr'>vobis</span> <span class='ocrx_word' id='word_1_85' title='bbox 1251 795 1438 835; x_wconf 89' lang='lat' dir='ltr'>omnibus</span> <span class='ocrx_word' id='word_1_86' title='bbox 1459 797 1636 850; x_wconf 88' lang='lat' dir='ltr'>optimus</span> 
     </span>
     <span class='ocr_line' id='line_1_11' title="bbox 253 863 1151 911; baseline -0.001 -11"><span class='ocrx_word' id='word_1_87' title='bbox 253 863 365 907; x_wconf 86' lang='lat' dir='ltr'>civis,</span> <span class='ocrx_word' id='word_1_88' title='bbox 395 863 603 900; x_wconf 86' lang='lat' dir='ltr'>videretur.</span> <span class='ocrx_word' id='word_1_89' title='bbox 1142 910 1151 911; x_wconf 19' lang='grc' dir='ltr'><strong><em>ἶ</em></strong></span> 
     </span>
    </p>

    <p class='ocr_par' dir='ltr' id='par_1_3' title="bbox 245 928 1640 2490">
     <span class='ocr_line' id='line_1_12' title="bbox 308 928 1640 981; baseline 0.002 -15"><span class='ocrx_word' id='word_1_90' title='bbox 308 929 381 966; x_wconf 90' lang='lat' dir='ltr'>IV.</span> <span class='ocrx_word' id='word_1_91' title='bbox 415 928 541 972; x_wconf 85' lang='lat' dir='ltr'>Idem,</span> <span class='ocrx_word' id='word_1_92' title='bbox 571 942 665 966; x_wconf 86' lang='lat' dir='ltr'>cum</span> <span class='ocrx_word' id='word_1_93' title='bbox 685 928 752 965; x_wconf 82' lang='lat' dir='ltr'>illa</span> <span class='ocrx_word' id='word_1_94' title='bbox 772 928 991 980; x_wconf 83' lang='lat' dir='ltr'>conjuratio</span> <span class='ocrx_word' id='word_1_95' title='bbox 1011 942 1058 966; x_wconf 88' lang='lat' dir='ltr'>ex</span> <span class='ocrx_word' id='word_1_96' title='bbox 1079 928 1236 966; x_wconf 83' lang='lat' dir='ltr'>latebris</span> <span class='ocrx_word' id='word_1_97' title='bbox 1258 937 1375 981; x_wconf 92' lang='lat' dir='ltr'>atque</span> <span class='ocrx_word' id='word_1_98' title='bbox 1394 942 1443 968; x_wconf 81' lang='lat' dir='ltr'>ex</span> <span class='ocrx_word' id='word_1_99' title='bbox 1463 929 1640 968; x_wconf 83' lang='lat' dir='ltr'>tenebris.</span> 
     </span>
     <span class='ocr_line' id='line_1_13' title="bbox 252 994 1635 1047; baseline 0.003 -16"><span class='ocrx_word' id='word_1_100' title='bbox 252 994 432 1046; x_wconf 83' lang='lat' dir='ltr'>erupiffet</span> <span class='ocrx_word' id='word_1_101' title='bbox 446 1024 455 1038; x_wconf 93' lang='lat'>,</span> <span class='ocrx_word' id='word_1_102' title='bbox 488 994 694 1047; x_wconf 77' lang='lat' dir='ltr'>palamque</span> <span class='ocrx_word' id='word_1_103' title='bbox 719 1004 864 1032; x_wconf 87' lang='lat' dir='ltr'>armata</span> <span class='ocrx_word' id='word_1_104' title='bbox 882 995 1085 1040; x_wconf 87' lang='lat' dir='ltr'>volitaret,</span> <span class='ocrx_word' id='word_1_105' title='bbox 1117 996 1224 1033; x_wconf 87' lang='lat' dir='ltr'>venit</span> <span class='ocrx_word' id='word_1_106' title='bbox 1244 1009 1338 1033; x_wconf 90' lang='lat' dir='ltr'>cum</span> <span class='ocrx_word' id='word_1_107' title='bbox 1358 996 1534 1034; x_wconf 80' lang='lat' dir='ltr'>exercitu</span> <span class='ocrx_word' id='word_1_108' title='bbox 1556 997 1635 1034; x_wconf 87' lang='lat' dir='ltr'>Ca-</span> 
     </span>
     <span class='ocr_line' id='line_1_14' title="bbox 251 1061 1639 1114; baseline 0.003 -17"><span class='ocrx_word' id='word_1_109' title='bbox 251 1073 393 1112; x_wconf 82' lang='lat' dir='ltr'>puam3</span> <span class='ocrx_word' id='word_1_110' title='bbox 417 1074 536 1112; x_wconf 86' lang='lat' dir='ltr'>quam</span> <span class='ocrx_word' id='word_1_111' title='bbox 558 1061 710 1105; x_wconf 90' lang='lat' dir='ltr'>urbem,</span> <span class='ocrx_word' id='word_1_112' title='bbox 729 1070 888 1113; x_wconf 86' lang='lat' dir='ltr'>propter</span> <span class='ocrx_word' id='word_1_113' title='bbox 908 1061 1097 1113; x_wconf 87' lang='lat' dir='ltr'>plurimas</span> <span class='ocrx_word' id='word_1_114' title='bbox 1120 1061 1214 1099; x_wconf 88' lang='lat' dir='ltr'>belli</span> <span class='ocrx_word' id='word_1_115' title='bbox 1235 1063 1564 1114; x_wconf 83' lang='lat' dir='ltr'>opportunitates,</span> <span class='ocrx_word' id='word_1_116' title='bbox 1587 1063 1639 1100; x_wconf 87' lang='lat' dir='ltr'>ab</span> 
     </span>
     <span class='ocr_line' id='line_1_15' title="bbox 250 1125 1637 1179; baseline 0.003 -17"><span class='ocrx_word' id='word_1_117' title='bbox 250 1126 320 1162; x_wconf 90' lang='lat' dir='ltr'>illa</span> <span class='ocrx_word' id='word_1_118' title='bbox 351 1126 472 1177; x_wconf 87' lang='lat' dir='ltr'>impia</span> <span class='ocrx_word' id='word_1_119' title='bbox 503 1134 541 1162; x_wconf 90' lang='lat' dir='ltr'>et</span> <span class='ocrx_word' id='word_1_120' title='bbox 569 1125 748 1163; x_wconf 85' lang='lat' dir='ltr'>scelerata</span> <span class='ocrx_word' id='word_1_121' title='bbox 774 1139 893 1162; x_wconf 83' lang='lat' dir='ltr'>manu</span> <span class='ocrx_word' id='word_1_122' title='bbox 920 1126 1101 1164; x_wconf 86' lang='lat' dir='ltr'>attentari</span> <span class='ocrx_word' id='word_1_123' title='bbox 1127 1126 1445 1179; x_wconf 81' lang='lat' dir='ltr'>suspicabamur;</span> <span class='ocrx_word' id='word_1_124' title='bbox 1477 1136 1515 1166; x_wconf 86' lang='lat' dir='ltr'>et</span> <span class='ocrx_word' id='word_1_125' title='bbox 1546 1127 1637 1166; x_wconf 91' lang='lat' dir='ltr'>inde</span> 
     </span>
     <span class='ocr_line' id='line_1_16' title="bbox 252 1191 1635 1246; baseline 0.004 -19"><span class='ocrx_word' id='word_1_126' title='bbox 252 1191 314 1228; x_wconf 85' lang='lat' dir='ltr'>M.</span> <span class='ocrx_word' id='word_1_127' title='bbox 340 1191 556 1234; x_wconf 81' lang='lat' dir='ltr'>Aul-anum,</span> <span class='ocrx_word' id='word_1_128' title='bbox 589 1191 795 1228; x_wconf 88' lang='lat' dir='ltr'>tribunum</span> <span class='ocrx_word' id='word_1_129' title='bbox 821 1191 999 1229; x_wconf 89' lang='lat' dir='ltr'>militum</span> <span class='ocrx_word' id='word_1_130' title='bbox 1020 1192 1203 1236; x_wconf 87' lang='lat' dir='ltr'>Antonii,</span> <span class='ocrx_word' id='word_1_131' title='bbox 1236 1193 1371 1245; x_wconf 87' lang='lat' dir='ltr'>Capua</span> <span class='ocrx_word' id='word_1_132' title='bbox 1390 1194 1635 1246; x_wconf 63' lang='lat' dir='ltr'>praecipitem</span> 
     </span>
     <span class='ocr_line' id='line_1_17' title="bbox 250 1255 1634 1308; baseline 0.004 -16"><span class='ocrx_word' id='word_1_133' title='bbox 250 1256 379 1308; x_wconf 86' lang='lat' dir='ltr'>ejecit,</span> <span class='ocrx_word' id='word_1_134' title='bbox 411 1255 615 1293; x_wconf 87' lang='lat' dir='ltr'>hominem</span> <span class='ocrx_word' id='word_1_135' title='bbox 638 1256 851 1308; x_wconf 87' lang='lat' dir='ltr'>perditum,</span> <span class='ocrx_word' id='word_1_136' title='bbox 882 1266 921 1294; x_wconf 91' lang='lat' dir='ltr'>et</span> <span class='ocrx_word' id='word_1_137' title='bbox 942 1271 1020 1295; x_wconf 89' lang='lat' dir='ltr'>non</span> <span class='ocrx_word' id='word_1_138' title='bbox 1042 1258 1204 1296; x_wconf 81' lang='lat' dir='ltr'>obscure</span> <span class='ocrx_word' id='word_1_139' title='bbox 1225 1258 1388 1304; x_wconf 86' lang='lat' dir='ltr'>Pisauri,</span> <span class='ocrx_word' id='word_1_140' title='bbox 1419 1268 1458 1297; x_wconf 90' lang='lat' dir='ltr'>et</span> <span class='ocrx_word' id='word_1_141' title='bbox 1486 1260 1526 1297; x_wconf 91' lang='lat' dir='ltr'>in</span> <span class='ocrx_word' id='word_1_142' title='bbox 1547 1260 1634 1298; x_wconf 83' lang='lat' dir='ltr'>aliis</span> 
     </span>
     <span class='ocr_line' id='line_1_18' title="bbox 250 1322 1634 1378; baseline 0.005 -21"><span class='ocrx_word' id='word_1_143' title='bbox 250 1322 331 1373; x_wconf 82' lang='lat' dir='ltr'>agri</span> <span class='ocrx_word' id='word_1_144' title='bbox 354 1322 501 1359; x_wconf 86' lang='lat' dir='ltr'>Gallici</span> <span class='ocrx_word' id='word_1_145' title='bbox 524 1322 714 1373; x_wconf 82' lang='lat' dir='ltr'>partibus,</span> <span class='ocrx_word' id='word_1_146' title='bbox 747 1323 786 1359; x_wconf 88' lang='lat' dir='ltr'>in</span> <span class='ocrx_word' id='word_1_147' title='bbox 809 1322 876 1360; x_wconf 89' lang='lat' dir='ltr'>illa</span> <span class='ocrx_word' id='word_1_148' title='bbox 895 1324 1166 1375; x_wconf 84' lang='lat' dir='ltr'>conjuratione</span> <span class='ocrx_word' id='word_1_149' title='bbox 1187 1323 1395 1363; x_wconf 85' lang='lat' dir='ltr'>versatum.</span> <span class='ocrx_word' id='word_1_150' title='bbox 1442 1325 1634 1378; x_wconf 85' lang='lat' dir='ltr'>Idemque</span> 
     </span>
     <span class='ocr_line' id='line_1_19' title="bbox 251 1387 1634 1441; baseline 0.004 -18"><span class='ocrx_word' id='word_1_151' title='bbox 251 1388 299 1424; x_wconf 90' lang='lat' dir='ltr'>C.</span> <span class='ocrx_word' id='word_1_152' title='bbox 314 1387 567 1431; x_wconf 87' lang='lat' dir='ltr'>Marcellum,</span> <span class='ocrx_word' id='word_1_153' title='bbox 586 1401 678 1425; x_wconf 87' lang='lat' dir='ltr'>cum</span> <span class='ocrx_word' id='word_1_154' title='bbox 695 1388 726 1425; x_wconf 82' lang='lat' dir='ltr'>is</span> <span class='ocrx_word' id='word_1_155' title='bbox 744 1401 821 1425; x_wconf 88' lang='lat' dir='ltr'>non</span> <span class='ocrx_word' id='word_1_156' title='bbox 840 1388 966 1426; x_wconf 88' lang='lat' dir='ltr'>solum</span> <span class='ocrx_word' id='word_1_157' title='bbox 984 1391 1160 1441; x_wconf 83' lang='lat' dir='ltr'>Capuam</span> <span class='ocrx_word' id='word_1_158' title='bbox 1177 1389 1350 1435; x_wconf 85' lang='lat' dir='ltr'>veniffet,</span> <span class='ocrx_word' id='word_1_159' title='bbox 1365 1404 1501 1429; x_wconf 89' lang='lat' dir='ltr'>verum</span> <span class='ocrx_word' id='word_1_160' title='bbox 1515 1392 1634 1430; x_wconf 89' lang='lat' dir='ltr'>etiam</span> 
     </span>
     <span class='ocr_line' id='line_1_20' title="bbox 250 1451 1631 1508; baseline 0.005 -20"><span class='ocrx_word' id='word_1_161' title='bbox 250 1451 284 1489; x_wconf 89' lang='lat' dir='ltr'>se</span> <span class='ocrx_word' id='word_1_162' title='bbox 300 1481 310 1495; x_wconf 96' lang='lat'>,</span> <span class='ocrx_word' id='word_1_163' title='bbox 343 1452 446 1504; x_wconf 81' lang='lat' dir='ltr'>quasi</span> <span class='ocrx_word' id='word_1_164' title='bbox 468 1465 666 1490; x_wconf 88' lang='lat' dir='ltr'>armorum</span> <span class='ocrx_word' id='word_1_165' title='bbox 688 1452 813 1490; x_wconf 88' lang='lat' dir='ltr'>studio</span> <span class='ocrx_word' id='word_1_166' title='bbox 829 1482 839 1497; x_wconf 92' lang='lat'>,</span> <span class='ocrx_word' id='word_1_167' title='bbox 872 1454 910 1490; x_wconf 88' lang='lat' dir='ltr'>in</span> <span class='ocrx_word' id='word_1_168' title='bbox 934 1455 1147 1492; x_wconf 81' lang='lat' dir='ltr'>maximam</span> <span class='ocrx_word' id='word_1_169' title='bbox 1168 1453 1362 1493; x_wconf 88' lang='lat' dir='ltr'>familiam</span> <span class='ocrx_word' id='word_1_170' title='bbox 1383 1456 1605 1508; x_wconf 85' lang='lat' dir='ltr'>conjeciffet</span> <span class='ocrx_word' id='word_1_171' title='bbox 1620 1487 1631 1501; x_wconf 90' lang='lat'>‚</span> 
     </span>
     <span class='ocr_line' id='line_1_21' title="bbox 249 1519 1632 1573; baseline 0.005 -18"><span class='ocrx_word' id='word_1_172' title='bbox 249 1519 591 1556; x_wconf 85' lang='lat' dir='ltr'>exterminandum</span> <span class='ocrx_word' id='word_1_173' title='bbox 612 1533 658 1557; x_wconf 77' lang='lat' dir='ltr'>ex</span> <span class='ocrx_word' id='word_1_174' title='bbox 681 1519 748 1557; x_wconf 86' lang='lat' dir='ltr'>illa</span> <span class='ocrx_word' id='word_1_175' title='bbox 769 1520 864 1557; x_wconf 87' lang='lat' dir='ltr'>urbe</span> <span class='ocrx_word' id='word_1_176' title='bbox 884 1521 1056 1558; x_wconf 85' lang='lat' dir='ltr'>curavit:</span> <span class='ocrx_word' id='word_1_177' title='bbox 1077 1535 1153 1573; x_wconf 87' lang='lat' dir='ltr'>qua</span> <span class='ocrx_word' id='word_1_178' title='bbox 1169 1521 1215 1559; x_wconf 89' lang='lat' dir='ltr'>de</span> <span class='ocrx_word' id='word_1_179' title='bbox 1236 1522 1345 1560; x_wconf 86' lang='lat' dir='ltr'>causa</span> <span class='ocrx_word' id='word_1_180' title='bbox 1366 1532 1404 1561; x_wconf 93' lang='lat' dir='ltr'>et</span> <span class='ocrx_word' id='word_1_181' title='bbox 1426 1532 1512 1561; x_wconf 86' lang='lat' dir='ltr'>tum</span> <span class='ocrx_word' id='word_1_182' title='bbox 1533 1537 1632 1562; x_wconf 88' lang='lat' dir='ltr'>con—</span> 
     </span>
     <span class='ocr_line' id='line_1_22' title="bbox 248 1585 1632 1637; baseline 0.005 -16"><span class='ocrx_word' id='word_1_183' title='bbox 248 1594 384 1622; x_wconf 82' lang='lat' dir='ltr'>ventus</span> <span class='ocrx_word' id='word_1_184' title='bbox 407 1585 473 1622; x_wconf 88' lang='lat' dir='ltr'>ille</span> <span class='ocrx_word' id='word_1_185' title='bbox 496 1586 653 1636; x_wconf 83' lang='lat' dir='ltr'>Capuae,</span> <span class='ocrx_word' id='word_1_186' title='bbox 685 1586 753 1637; x_wconf 89' lang='lat' dir='ltr'>qui</span> <span class='ocrx_word' id='word_1_187' title='bbox 776 1595 934 1637; x_wconf 88' lang='lat' dir='ltr'>propter</span> <span class='ocrx_word' id='word_1_188' title='bbox 955 1586 1119 1624; x_wconf 83' lang='lat' dir='ltr'>salutem</span> <span class='ocrx_word' id='word_1_189' title='bbox 1140 1588 1248 1626; x_wconf 85' lang='lat' dir='ltr'>illius</span> <span class='ocrx_word' id='word_1_190' title='bbox 1271 1589 1394 1635; x_wconf 86' lang='lat' dir='ltr'>urbis,</span> <span class='ocrx_word' id='word_1_191' title='bbox 1427 1590 1632 1628; x_wconf 86' lang='lat' dir='ltr'>consulatu</span> 
     </span>
     <span class='ocr_line' id='line_1_23' title="bbox 247 1650 1633 1707; baseline 0.005 -21"><span class='ocrx_word' id='word_1_192' title='bbox 247 1650 507 1688; x_wconf 79' lang='lat' dir='ltr'>conservatam</span> <span class='ocrx_word' id='word_1_193' title='bbox 541 1664 644 1694; x_wconf 87' lang='lat' dir='ltr'>meo,</span> <span class='ocrx_word' id='word_1_194' title='bbox 675 1664 738 1688; x_wconf 88' lang='lat' dir='ltr'>me</span> <span class='ocrx_word' id='word_1_195' title='bbox 771 1664 896 1688; x_wconf 87' lang='lat' dir='ltr'>unum</span> <span class='ocrx_word' id='word_1_196' title='bbox 923 1661 1133 1703; x_wconf 88' lang='lat' dir='ltr'>patronum</span> <span class='ocrx_word' id='word_1_197' title='bbox 1160 1652 1374 1705; x_wconf 87' lang='lat' dir='ltr'>adoptavit,</span> <span class='ocrx_word' id='word_1_198' title='bbox 1405 1653 1501 1692; x_wconf 90' lang='lat' dir='ltr'>huic</span> <span class='ocrx_word' id='word_1_199' title='bbox 1528 1655 1633 1707; x_wconf 90' lang='lat' dir='ltr'>apud</span> 
     </span>
     <span class='ocr_line' id='line_1_24' title="bbox 249 1716 1631 1770; baseline 0.005 -18"><span class='ocrx_word' id='word_1_200' title='bbox 249 1729 310 1752; x_wconf 88' lang='lat' dir='ltr'>me</span> <span class='ocrx_word' id='word_1_201' title='bbox 334 1716 377 1753; x_wconf 91' lang='lat' dir='ltr'>P.</span> <span class='ocrx_word' id='word_1_202' title='bbox 403 1716 534 1753; x_wconf 85' lang='lat' dir='ltr'>Sextio</span> <span class='ocrx_word' id='word_1_203' title='bbox 555 1717 743 1753; x_wconf 73' lang='lat' dir='ltr'>maximas</span> <span class='ocrx_word' id='word_1_204' title='bbox 765 1717 905 1766; x_wconf 81' lang='lat' dir='ltr'>gratias</span> <span class='ocrx_word' id='word_1_205' title='bbox 925 1717 1006 1767; x_wconf 84' lang='lat' dir='ltr'>egit</span> <span class='ocrx_word' id='word_1_206' title='bbox 1024 1735 1034 1760; x_wconf 87' lang='lat'>;</span> <span class='ocrx_word' id='word_1_207' title='bbox 1057 1726 1095 1754; x_wconf 87' lang='lat' dir='ltr'>et</span> <span class='ocrx_word' id='word_1_208' title='bbox 1116 1716 1192 1754; x_wconf 91' lang='lat' dir='ltr'>hoc</span> <span class='ocrx_word' id='word_1_209' title='bbox 1215 1727 1391 1770; x_wconf 87' lang='lat' dir='ltr'>tempore</span> <span class='ocrx_word' id='word_1_210' title='bbox 1411 1720 1533 1758; x_wconf 89' lang='lat' dir='ltr'>iidem</span> <span class='ocrx_word' id='word_1_211' title='bbox 1554 1720 1631 1759; x_wconf 92' lang='lat' dir='ltr'>ho—</span> 
     </span>
     <span class='ocr_line' id='line_1_25' title="bbox 249 1781 1631 1835; baseline 0.004 -17"><span class='ocrx_word' id='word_1_212' title='bbox 249 1782 388 1825; x_wconf 79' lang='lat' dir='ltr'>mines,</span> <span class='ocrx_word' id='word_1_213' title='bbox 422 1782 580 1818; x_wconf 86' lang='lat' dir='ltr'>nomine</span> <span class='ocrx_word' id='word_1_214' title='bbox 615 1790 873 1825; x_wconf 84' lang='lat' dir='ltr'>commutato,</span> <span class='ocrx_word' id='word_1_215' title='bbox 906 1781 1037 1818; x_wconf 91' lang='lat' dir='ltr'>coloni</span> <span class='ocrx_word' id='word_1_216' title='bbox 1073 1781 1395 1835; x_wconf 87' lang='lat' dir='ltr'>decurionesque,</span> <span class='ocrx_word' id='word_1_217' title='bbox 1431 1783 1631 1824; x_wconf 85' lang='lat' dir='ltr'>fortiffimi</span> 
     </span>
     <span class='ocr_line' id='line_1_26' title="bbox 247 1846 1630 1898; baseline 0.005 -15"><span class='ocrx_word' id='word_1_218' title='bbox 247 1857 363 1898; x_wconf 75' lang='lat' dir='ltr'>atque</span> <span class='ocrx_word' id='word_1_219' title='bbox 392 1848 534 1898; x_wconf 79' lang='lat' dir='ltr'>optimi</span> <span class='ocrx_word' id='word_1_220' title='bbox 565 1847 652 1891; x_wconf 91' lang='lat' dir='ltr'>viri,</span> <span class='ocrx_word' id='word_1_221' title='bbox 685 1846 921 1884; x_wconf 85' lang='lat' dir='ltr'>beneficium</span> <span class='ocrx_word' id='word_1_222' title='bbox 953 1847 997 1885; x_wconf 91' lang='lat' dir='ltr'>P.</span> <span class='ocrx_word' id='word_1_223' title='bbox 1023 1848 1144 1885; x_wconf 88' lang='lat' dir='ltr'>Sextii</span> <span class='ocrx_word' id='word_1_224' title='bbox 1173 1848 1396 1887; x_wconf 88' lang='lat' dir='ltr'>testimonio</span> <span class='ocrx_word' id='word_1_225' title='bbox 1417 1850 1630 1898; x_wconf 88' lang='lat' dir='ltr'>declarant,</span> 
     </span>
     <span class='ocr_line' id='line_1_27' title="bbox 248 1912 1630 1967; baseline 0.004 -17"><span class='ocrx_word' id='word_1_226' title='bbox 248 1913 546 1965; x_wconf 80' lang='lat' dir='ltr'>periculumque</span> <span class='ocrx_word' id='word_1_227' title='bbox 564 1913 719 1950; x_wconf 86' lang='lat' dir='ltr'>decreto</span> <span class='ocrx_word' id='word_1_228' title='bbox 736 1912 802 1950; x_wconf 88' lang='lat' dir='ltr'>suo</span> <span class='ocrx_word' id='word_1_229' title='bbox 819 1913 1088 1965; x_wconf 86' lang='lat' dir='ltr'>deprecantur.</span> <span class='ocrx_word' id='word_1_230' title='bbox 1112 1915 1265 1960; x_wconf 86' lang='lat' dir='ltr'>Recita,</span> <span class='ocrx_word' id='word_1_231' title='bbox 1284 1916 1427 1967; x_wconf 68' lang='lat' dir='ltr'>quaeso,</span> <span class='ocrx_word' id='word_1_232' title='bbox 1447 1917 1491 1955; x_wconf 87' lang='lat' dir='ltr'>P.</span> <span class='ocrx_word' id='word_1_233' title='bbox 1507 1918 1630 1964; x_wconf 86' lang='lat' dir='ltr'>Sexti,</span> 
     </span>
     <span class='ocr_line' id='line_1_28' title="bbox 248 1979 1630 2033; baseline 0.005 -18"><span class='ocrx_word' id='word_1_234' title='bbox 248 1979 343 2030; x_wconf 86' lang='lat' dir='ltr'>quid</span> <span class='ocrx_word' id='word_1_235' title='bbox 365 1979 604 2016; x_wconf 83' lang='lat' dir='ltr'>decreverint</span> <span class='ocrx_word' id='word_1_236' title='bbox 627 1980 770 2030; x_wconf 82' lang='lat' dir='ltr'>Capuae</span> <span class='ocrx_word' id='word_1_237' title='bbox 795 1979 1052 2024; x_wconf 84' lang='lat' dir='ltr'>decuriones;</span> <span class='ocrx_word' id='word_1_238' title='bbox 1086 1989 1128 2017; x_wconf 91' lang='lat' dir='ltr'>ut</span> <span class='ocrx_word' id='word_1_239' title='bbox 1153 1981 1237 2032; x_wconf 89' lang='lat' dir='ltr'>jam</span> <span class='ocrx_word' id='word_1_240' title='bbox 1267 1982 1428 2033; x_wconf 87' lang='lat' dir='ltr'>puerilis</span> <span class='ocrx_word' id='word_1_241' title='bbox 1460 1992 1525 2020; x_wconf 89' lang='lat' dir='ltr'>tua</span> <span class='ocrx_word' id='word_1_242' title='bbox 1555 1997 1630 2022; x_wconf 90' lang='lat' dir='ltr'>vox</span> 
     </span>
     <span class='ocr_line' id='line_1_29' title="bbox 247 2044 1630 2098; baseline 0.007 -19"><span class='ocrx_word' id='word_1_243' title='bbox 247 2044 358 2096; x_wconf 81' lang='lat' dir='ltr'>poflit</span> <span class='ocrx_word' id='word_1_244' title='bbox 380 2044 528 2096; x_wconf 89' lang='lat' dir='ltr'>aliquid</span> <span class='ocrx_word' id='word_1_245' title='bbox 550 2044 762 2096; x_wconf 78' lang='lat' dir='ltr'>significare</span> <span class='ocrx_word' id='word_1_246' title='bbox 783 2045 956 2083; x_wconf 86' lang='lat' dir='ltr'>inimicis</span> <span class='ocrx_word' id='word_1_247' title='bbox 979 2045 1132 2090; x_wconf 77' lang='lat' dir='ltr'>nostris,</span> <span class='ocrx_word' id='word_1_248' title='bbox 1150 2046 1355 2098; x_wconf 88' lang='lat' dir='ltr'>quidnam,</span> <span class='ocrx_word' id='word_1_249' title='bbox 1373 2062 1466 2086; x_wconf 88' lang='lat' dir='ltr'>cum</span> <span class='ocrx_word' id='word_1_250' title='bbox 1483 2049 1519 2087; x_wconf 88' lang='lat' dir='ltr'>se</span> <span class='ocrx_word' id='word_1_251' title='bbox 1540 2063 1630 2088; x_wconf 92' lang='lat' dir='ltr'>cor-</span> 
     </span>
     <span class='ocr_line' id='line_1_30' title="bbox 248 2109 1627 2155; baseline 0.006 -9"><span class='ocrx_word' id='word_1_252' title='bbox 248 2110 450 2154; x_wconf 82' lang='lat' dir='ltr'>roborarit,</span> <span class='ocrx_word' id='word_1_253' title='bbox 477 2109 659 2147; x_wconf 68' lang='lat' dir='ltr'>effectura</span> <span class='ocrx_word' id='word_1_254' title='bbox 679 2109 749 2148; x_wconf 84' lang='lat' dir='ltr'>effe</span> <span class='ocrx_word' id='word_1_255' title='bbox 771 2110 959 2148; x_wconf 87' lang='lat' dir='ltr'>videatur.</span> <span class='ocrx_word' id='word_1_256' title='bbox 992 2111 1262 2150; x_wconf 70' lang='lat' dir='ltr'>DncRETUM</span> <span class='ocrx_word' id='word_1_257' title='bbox 1288 2113 1627 2155; x_wconf 84' lang='lat' dir='ltr'><strong>DECURIONUM.</strong></span> 
     </span>
     <span class='ocr_line' id='line_1_31' title="bbox 249 2174 1628 2229; baseline 0.006 -18"><span class='ocrx_word' id='word_1_258' title='bbox 249 2175 340 2212; x_wconf 84' lang='lat' dir='ltr'>Non</span> <span class='ocrx_word' id='word_1_259' title='bbox 373 2175 494 2212; x_wconf 89' lang='lat' dir='ltr'>recito</span> <span class='ocrx_word' id='word_1_260' title='bbox 521 2174 722 2212; x_wconf 88' lang='lat' dir='ltr'>decretum</span> <span class='ocrx_word' id='word_1_261' title='bbox 749 2175 881 2213; x_wconf 83' lang='lat' dir='ltr'>officio</span> <span class='ocrx_word' id='word_1_262' title='bbox 908 2176 1041 2228; x_wconf 87' lang='lat' dir='ltr'>aliquo</span> <span class='ocrx_word' id='word_1_263' title='bbox 1062 2177 1280 2229; x_wconf 70' lang='lat' dir='ltr'>expressum</span> <span class='ocrx_word' id='word_1_264' title='bbox 1302 2179 1530 2225; x_wconf 87' lang='lat' dir='ltr'>vicinitatis,</span> <span class='ocrx_word' id='word_1_265' title='bbox 1562 2191 1628 2220; x_wconf 88' lang='lat' dir='ltr'>aut</span> 
     </span>
     <span class='ocr_line' id='line_1_32' title="bbox 245 2240 1627 2293; baseline 0.007 -17"><span class='ocrx_word' id='word_1_266' title='bbox 245 2240 451 2284; x_wconf 68' lang='lat' dir='ltr'>clientelae,</span> <span class='ocrx_word' id='word_1_267' title='bbox 474 2250 539 2278; x_wconf 87' lang='lat' dir='ltr'>aut</span> <span class='ocrx_word' id='word_1_268' title='bbox 560 2240 719 2293; x_wconf 85' lang='lat' dir='ltr'>hospitii</span> <span class='ocrx_word' id='word_1_269' title='bbox 742 2241 907 2293; x_wconf 88' lang='lat' dir='ltr'>publici,</span> <span class='ocrx_word' id='word_1_270' title='bbox 931 2251 996 2280; x_wconf 88' lang='lat' dir='ltr'>aut</span> <span class='ocrx_word' id='word_1_271' title='bbox 1017 2243 1261 2289; x_wconf 82' lang='lat' dir='ltr'>ambitionis,</span> <span class='ocrx_word' id='word_1_272' title='bbox 1283 2253 1349 2282; x_wconf 86' lang='lat' dir='ltr'>aut</span> <span class='ocrx_word' id='word_1_273' title='bbox 1370 2247 1627 2285; x_wconf 81' lang='lat' dir='ltr'>commenda-</span> 
     </span>
     <span class='ocr_line' id='line_1_33' title="bbox 245 2306 1626 2364; baseline 0.006 -21"><span class='ocrx_word' id='word_1_274' title='bbox 245 2306 362 2344; x_wconf 80' lang='lat' dir='ltr'>tionis</span> <span class='ocrx_word' id='word_1_275' title='bbox 384 2306 532 2357; x_wconf 82' lang='lat' dir='ltr'>gratia;</span> <span class='ocrx_word' id='word_1_276' title='bbox 567 2306 628 2344; x_wconf 81' lang='lat' dir='ltr'>sed</span> <span class='ocrx_word' id='word_1_277' title='bbox 651 2307 770 2344; x_wconf 82' lang='lat' dir='ltr'>recito</span> <span class='ocrx_word' id='word_1_278' title='bbox 791 2308 1023 2346; x_wconf 82' lang='lat' dir='ltr'>memoriam</span> <span class='ocrx_word' id='word_1_279' title='bbox 1048 2307 1242 2360; x_wconf 58' lang='lat' dir='ltr'>perfuncti</span> <span class='ocrx_word' id='word_1_280' title='bbox 1270 2311 1451 2362; x_wconf 85' lang='lat' dir='ltr'>periculi,</span> <span class='ocrx_word' id='word_1_281' title='bbox 1483 2313 1626 2364; x_wconf 78' lang='lat' dir='ltr'>praedi-</span> 
     </span>
     <span class='ocr_line' id='line_1_34' title="bbox 245 2372 1626 2428; baseline 0.007 -20"><span class='ocrx_word' id='word_1_282' title='bbox 245 2372 438 2409; x_wconf 73' lang='lat' dir='ltr'>cntionem</span> <span class='ocrx_word' id='word_1_283' title='bbox 460 2372 682 2424; x_wconf 84' lang='lat' dir='ltr'>ampliffimi</span> <span class='ocrx_word' id='word_1_284' title='bbox 707 2373 901 2418; x_wconf 82' lang='lat' dir='ltr'>beneficii,</span> <span class='ocrx_word' id='word_1_285' title='bbox 925 2375 1051 2412; x_wconf 88' lang='lat' dir='ltr'>vicem</span> <span class='ocrx_word' id='word_1_286' title='bbox 1072 2375 1192 2413; x_wconf 85' lang='lat' dir='ltr'>officii</span> <span class='ocrx_word' id='word_1_287' title='bbox 1214 2376 1426 2428; x_wconf 64' lang='lat' dir='ltr'>praesentis,</span> <span class='ocrx_word' id='word_1_288' title='bbox 1451 2377 1626 2418; x_wconf 86' lang='lat' dir='ltr'>testimo-</span> 
     </span>
     <span class='ocr_line' id='line_1_35' title="bbox 245 2438 785 2490; baseline 0.007 -16"><span class='ocrx_word' id='word_1_289' title='bbox 245 2439 354 2475; x_wconf 83' lang='lat' dir='ltr'>nium</span> <span class='ocrx_word' id='word_1_290' title='bbox 377 2438 561 2490; x_wconf 63' lang='lat' dir='ltr'>praeteriti</span> <span class='ocrx_word' id='word_1_291' title='bbox 584 2439 785 2490; x_wconf 50' lang='lat' dir='ltr'>tempori&amp;</span> 
     </span>
    </p>
   </div>
  </div>
 </body>
</html>
