2076 2860
647 167 784 206 PRO
846 168 915 219 Q
963 164 1307 204 LIGARIO.
1601 177 1678 217 257

276 272 418 311 melior
452 279 556 309 certe
590 283 632 308 ea
661 268 875 322 judicanda
907 268 987 313 est,
1019 280 1139 320 quam
1175 265 1295 305 etiam
1326 264 1397 303 Dii
1427 263 1676 317 adjuverunt.

278 339 450 391 Cognita
477 351 568 376 vero
596 336 808 374 clementia
834 345 914 380 tua,
946 334 1035 387 quis
1068 347 1148 373 non
1175 347 1262 372 eam
1289 331 1493 371 vi&0riam
1522 332 1677 385 probet,

276 406 316 443 in
339 418 417 457 qua
436 403 626 442 occiderit
648 416 780 448 nemo,
804 402 874 440 nisi
895 402 1096 440 armatus?

331 470 426 509 VII.
460 470 549 516 Sed,
568 478 612 508 ut
627 469 812 508 omittam
829 481 1088 507 communem
1109 466 1277 512 causam,
1296 467 1498 505 veniamus
1519 465 1565 503 ad
1588 466 1676 504 nos-

275 545 376 575 tram
396 552 404 575 :
429 545 565 575 utrum
587 535 745 574 tandem
765 535 962 573 existimas
986 533 1142 572 facilius
1164 531 1291 578 fuiffe,
1315 534 1495 578 Tubero,
1519 533 1679 584 Ligario

275 617 323 641 ex
345 602 483 642 Africa
498 603 618 648 exire,
640 616 686 640 an
703 602 815 640 vobis
837 602 877 639 in
900 600 1081 639 Africam
1104 614 1183 638 non
1200 600 1356 638 venire?
1382 599 1677 643 Poteramusne,

275 669 447 721 inquies,
479 683 574 707 cum
595 668 747 707 senatus
769 667 971 706 censuisset
992 669 1004 705 ?
1037 667 1077 705 Si
1104 680 1168 705 me
1189 665 1376 710 consulis,
1410 665 1521 703 nullo
1543 665 1677 704 modo.

278 735 351 773 Sed
385 745 515 774 tamen
552 736 758 787 Ligarium
791 734 943 772 senatus
976 734 1083 771 idem
1116 732 1323 784 legaverat.
1363 732 1496 783 Atque
1532 731 1600 769 ille
1635 745 1680 769 eo

277 811 456 855 tempore
476 802 607 855 paruit
622 831 632 847 ‚
665 816 758 839 cum
779 814 911 854 parere
931 800 1080 838 senatui
1102 798 1248 837 neceffe
1268 807 1348 836 erat
1367 813 1376 836 t
1410 811 1477 836 vos
1500 807 1585 835 tum
1610 812 1678 850 pa-

278 868 422 913 ruistis,
446 882 540 906 cum
562 867 691 920 paruit
712 880 844 912 nemo,
868 867 937 918 qui
959 865 1104 903 noluit.
1139 863 1403 918 Reprehendo
1424 864 1576 917 igitur?
1602 865 1679 902 mi-

278 935 387 972 nime
407 947 522 972 vero:
556 946 683 985 neque
704 933 810 970 enim
834 932 949 970 licuit
969 931 1082 970 aliter
1100 931 1225 969 vestro
1245 931 1394 983 generi,
1428 930 1597 975 nomini,
1621 929 1680 967 fa-

276 1001 423 1045 miliae,
456 999 686 1052 discipIInae.
722 999 794 1036 Sed
827 998 904 1037 hoc
937 1012 1016 1037 non
1049 997 1250 1042 concedo,
1284 1006 1353 1041 ut,
1385 997 1531 1049 quibus
1566 997 1679 1035 rebus

276 1067 505 1119 gloriemini
526 1066 567 1104 in
588 1065 716 1111 vobis,
748 1065 899 1103 easdem
921 1065 960 1102 in
982 1065 1068 1102 aliis
1091 1063 1397 1118 reprehendatis.

332 1132 560 1172 Tuberonis
592 1132 670 1170 sors
702 1133 878 1185 conjecta
907 1131 960 1169 est
989 1145 1037 1170 ex
1068 1129 1444 1175 senatus-consulto,
1477 1143 1571 1168 cum
1603 1129 1683 1182 ipse

278 1214 357 1238 non
378 1200 533 1245 adesset,
565 1200 706 1238 morbo
736 1200 855 1237 etiam
887 1198 1172 1252 impediretur:
1206 1197 1388 1236 statuerat
1417 1197 1454 1235 se
1483 1197 1680 1235 excusare.

279 1266 379 1305 Haec
410 1280 483 1319 ego
514 1267 606 1304 novi
637 1275 798 1318 propter
827 1279 964 1303 omnes
995 1264 1309 1310 neceffitudines,
1342 1278 1429 1317 quae
1460 1263 1560 1303 mihi
1593 1264 1682 1302 sunt

279 1347 372 1372 cum
395 1334 444 1372 L.
465 1332 694 1371 Tuberone.
728 1332 854 1371 Domi
875 1346 953 1369 una
972 1331 1143 1376 eruditi,
1176 1331 1331 1369 militiae
1352 1331 1653 1369 contubernales
1670 1361 1680 1376 ,

278 1400 363 1454 post
392 1400 526 1438 affines
542 1429 553 1444 ,
586 1399 626 1436 in
648 1400 760 1437 omni
781 1399 951 1451 denique
971 1399 1051 1436 vita
1071 1397 1283 1436 familiares
1303 1413 1311 1436 :
1345 1411 1537 1450 magnum
1564 1399 1683 1436 etiam

278 1466 487 1504 vinculum
502 1495 513 1510 ,
546 1465 654 1518 quod
674 1464 813 1503 iisdem
843 1463 980 1502 studiis
1010 1463 1161 1517 semper
1183 1463 1237 1502 ufi
1259 1463 1407 1502 sumus.
1450 1464 1539 1502 Scio
1559 1464 1683 1516 igitur

279 1531 539 1570 Tuberonem
560 1530 669 1568 domi
691 1543 847 1567 manere
867 1528 1042 1567 voluisse.
1071 1528 1144 1566 Sed
1167 1529 1221 1566 ita
1241 1528 1404 1581 quidam
1424 1529 1606 1580 agebant,
1630 1529 1684 1566 ita

280 1597 508 1650 reipublicae
530 1596 809 1634 faneciffimum
830 1609 975 1633 nomen
997 1595 1266 1648 opponebant,
1290 1603 1349 1640 ut,
1382 1594 1501 1634 etiam
1522 1595 1549 1632 fi
1570 1595 1684 1632 aliter

280 1664 454 1707 sentiret,
477 1663 689 1701 verborum
711 1671 841 1701 tamen
864 1662 1038 1715 ipsorum
1059 1661 1215 1714 pondus
1237 1660 1420 1699 sustinere
1440 1673 1522 1699 non
1542 1659 1680 1714 posset.

282 1730 402 1770 Ceffit
423 1729 645 1768 auctoritati
665 1728 893 1782 ampliffimi
914 1729 1003 1773 virI,
1021 1728 1082 1766 vel
1098 1729 1232 1781 potius
1248 1729 1392 1781 paruit.
1412 1729 1504 1767 Una
1518 1726 1572 1766 est
1587 1741 1682 1781 pro-

280 1797 406 1835 fec‘tus
428 1810 521 1834 cum
543 1796 606 1841 iis,
629 1809 801 1848 quorum
821 1803 903 1833 erat
923 1809 1001 1834 una
1021 1794 1153 1833 causa:
1187 1794 1334 1833 tardius
1355 1795 1430 1833 iter
1449 1793 1571 1833 fecit:
1605 1794 1682 1832 ita-

279 1878 356 1917 que
377 1864 418 1901 in
439 1862 620 1901 Africam
641 1863 750 1901 venit
764 1863 848 1915 jam
870 1870 1118 1915 occupatam.
1152 1862 1264 1900 Hinc
1292 1861 1333 1899 in
1364 1862 1572 1914 Ligarium
1602 1862 1681 1900 cri-

280 1945 371 1969 men
393 1930 532 1976 oritur‚
555 1930 616 1968 vel
638 1930 694 1968 ira
714 1931 861 1983 potius.
886 1930 1008 1974 Nam,
1031 1929 1058 1967 fi
1080 1929 1230 1967 crimen
1252 1928 1306 1967 est
1327 1928 1472 1975 ullum,
1495 1928 1680 1974 voluiss‘e;

280 2011 359 2036 non
380 1998 513 2036 minus
535 2011 726 2050 magnum
746 1997 822 2041 est,
855 2010 923 2034 vos
946 1995 1150 2042 Africam,
1182 1996 1365 2034 omnium
1387 1996 1682 2049 prov1nciarum

279 2078 423 2110 arcem,
456 2073 586 2102 natam
617 2064 664 2102 ad
694 2063 847 2101 bellum
877 2071 1014 2100 contra
1042 2061 1145 2101 hanc
1174 2063 1313 2102 urbem
1341 2062 1574 2116 gerendum,
1605 2062 1681 2100 ob-

280 2131 403 2169 tinere
438 2130 624 2176 voluiffe,
657 2143 776 2182 quam
806 2129 980 2183 aliquem
1011 2130 1047 2168 se
1082 2130 1271 2169 maluiffe.
1319 2131 1454 2183 Atque
1485 2130 1517 2168 is
1549 2139 1682 2167 tamen

278 2197 436 2249 aliquis,
465 2196 648 2248 Ligarius
670 2209 748 2234 non
770 2194 862 2234 fuit.
887 2197 1012 2234 Varus
1034 2197 1250 2249 imperium
1271 2196 1306 2234 se
1327 2195 1470 2234 habere
1491 2195 1673 2234 dicebat:

280 2262 400 2300 fasces
421 2271 525 2299 certe
545 2261 727 2300 habebat.
766 2262 838 2300 Sed
859 2277 1022 2316 quoquo
1051 2263 1171 2302 modo
1201 2263 1276 2301 sese
1298 2262 1398 2302 illud
1419 2261 1564 2306 habet,
1596 2260 1680 2299 haec

283 2328 439 2381 querela
470 2328 615 2373 vestra,
648 2329 836 2375 Tubero,
870 2330 966 2382 quid
998 2330 1132 2368 valet?
1166 2330 1333 2382 Recepti
1367 2330 1407 2366 in
1437 2328 1681 2381 provinciam

284 2408 361 2433 non
385 2394 533 2432 sumus.
553 2394 664 2446 Qid
686 2395 711 2433 fi
732 2395 884 2433 effetis?
910 2396 1101 2436 Caesarine
1122 2409 1206 2435 eam
1228 2395 1410 2434 tradituri
1432 2393 1611 2438 fuissetis,
1634 2405 1682 2429 an

284 2471 421 2501 contra
442 2462 632 2500 Caesarem
654 2463 843 2502 retenturi
862 2464 875 2499 ?

369 2530 510 2568 TOM.
545 2529 619 2568 VI.
1287 2527 1381 2565 Kk
