2076 2860
397 189 474 230 300
750 171 825 209 IN
885 169 949 205 M.
1010 164 1437 204 ANTONIUM

395 278 559 316 Etenim
581 287 717 313 omnes
740 272 861 316 boni,
893 279 1088 322 quantum
1111 269 1151 306 in
1173 269 1261 322 ipsis
1283 268 1361 306 fuit
1376 297 1387 313 ,
1421 265 1611 305 Caesarem
1632 265 1790 304 occide-

396 353 516 381 runt:
550 342 635 379 aliis
667 339 890 382 confilium,
922 336 1008 373 aliis
1039 335 1208 381 animus,
1241 334 1326 372 aliis
1354 333 1502 371 occafio
1528 331 1687 378 defuit;
1719 346 1789 371 vo-

396 411 527 447 luntas
550 407 714 445 nemini.
1084 444 1091 454 x
1771 438 1774 441 Δ

455 474 527 512 Sed
558 473 755 524 stuporem
788 468 980 513 hominis,
1012 467 1072 506 vel
1101 467 1236 505 dicam
1268 466 1445 519 pecudis,
1477 465 1681 503 attendite.
1729 464 1791 502 Sic

397 542 505 579 enirn
527 539 648 582 dixit,
682 537 744 575 M.
768 536 934 579 Brutus,
967 547 1066 587 quem
1094 547 1154 585 ego
1182 533 1322 570 honoris
1350 546 1455 570 caua
1483 531 1632 575 nomino,
1662 543 1793 568 cruen-

399 617 475 646 tum
497 605 685 658 pugionem
716 612 849 646 tenens,
884 601 1086 639 Ciceronem
1115 598 1331 637 exclamavit
1347 614 1360 636 .·
1391 612 1434 636 ex
1461 611 1526 650 quo
1555 596 1709 648 intelligi
1733 595 1793 633 de-

398 673 470 717 bet,
493 686 569 710 eum
588 668 834 723 corgfciumfm'
857 682 886 705 e.
911 668 1019 718 Ergo
1039 679 1112 718 ego
1134 664 1339 702 sceleratus
1361 663 1538 716 appellor
1557 676 1577 700 a
1599 671 1650 707 te,
1673 674 1793 714 quem

383 734 443 776 ¹tu
472 738 710 789 suspicatum
741 733 892 786 aliquid
920 731 1152 785 suspicaris;
1185 730 1268 775 ille,
1300 730 1372 782 qui
1404 729 1618 766 stillantem
1649 741 1727 780 prae
1759 726 1796 764 se

399 805 617 858 pugionem
639 802 747 846 tulit,
780 801 811 837 is
833 813 853 837 a
874 808 911 837 te
931 797 1093 836 honoris
1115 797 1228 835 causa
1248 796 1504 834 nominatur?
1538 793 1654 832 Esto:
1687 793 1733 831 fit
1754 793 1795 830 in

400 871 529 910 verbis
552 871 629 908 tuis
651 868 718 906 hic
740 867 886 919 stupor.
932 867 1094 917 Qanto
1125 865 1165 901 in
1193 863 1308 901 rebus
1339 861 1618 914 sententiisque
1638 860 1795 912 major?

400 937 609 976 Constitue
630 935 722 980 hoc,
754 932 905 977 consul,
937 931 1178 984 aliquando;
1212 918 1441 974 Bru-torumss
1474 930 1525 966 C.
1551 927 1682 972 Caffii,
1716 927 1794 966 Cn.

401 1002 591 1046 Domitii,
624 1002 673 1039 C.
698 998 916 1043 Trebonii,
947 997 1219 1049 reliquorum,
1251 1008 1371 1047 quam
1399 994 1495 1032 velis
1526 992 1598 1031 effe
1625 991 1794 1030 causam.

403 1068 571 1106 Edormi
599 1065 815 1118 crapulam,
848 1064 1026 1116 inquam,
1059 1071 1097 1099 et
1129 1060 1281 1099 exhala.
1320 1061 1386 1097 An
1414 1058 1517 1097 faces
1545 1057 1797 1095 admovendae

403 1135 506 1180 sunt,
525 1148 612 1187 quae
627 1142 666 1170 te
687 1132 876 1175 excitent,
895 1138 1010 1166 tantae
1026 1128 1146 1166 causae
1166 1126 1502 1164 indormientem?
1524 1125 1799 1176 Nunquamne

403 1199 612 1252 intelligis,
644 1196 893 1235 statuendum
916 1195 990 1233 tibi
1011 1194 1097 1239 effe,
1126 1203 1261 1231 utrum
1282 1191 1358 1236 illi,
1381 1191 1452 1240 qui
1471 1190 1585 1228 istam
1605 1203 1688 1229 rem
1708 1188 1797 1242 ges-

404 1267 551 1310 serunt,
582 1262 794 1302 homicidae
815 1262 903 1306 sint,
935 1274 982 1298 an
1004 1259 1180 1298 vindices
1201 1257 1393 1296 libertatis
1414 1258 1427 1294 ?

461 1332 579 1370 XIII.
613 1329 786 1368 Attende
807 1328 914 1365 enim
934 1326 1144 1378 paulisper,
1176 1324 1540 1376 cogitationemque
1572 1321 1691 1359 sobrii
1722 1320 1799 1358 ho-

404 1399 525 1438 minis
555 1398 749 1450 punctum
779 1394 968 1446 temporis
1000 1392 1163 1444 suscipe.
1202 1390 1366 1429 Etenim
1387 1403 1474 1441 ego,
1507 1388 1577 1441 qui
1597 1387 1684 1425 sum
1704 1387 1800 1425 illo-

406 1478 520 1508 rum,
552 1472 597 1500 ut
617 1461 697 1515 ipse
717 1459 862 1504 fateor,
893 1457 1121 1502 familiaris,
1144 1450 1197 1494 'ut
1218 1469 1238 1493 a
1260 1465 1297 1493 te
1317 1468 1478 1507 arguor,
1510 1453 1665 1498 socius;
1698 1466 1801 1504 nego

405 1529 625 1582 quidquam
646 1526 717 1565 effe
739 1525 918 1563 medium
937 1539 945 1562 ε
979 1522 1171 1561 confiteor
1191 1535 1256 1560 eos
1272 1551 1282 1566 ,
1315 1521 1386 1559 nisi
1413 1520 1640 1558 liberatores
1661 1517 1802 1571 populi

404 1594 578 1634 Romani
599 1590 963 1643 conservatoresque
984 1588 1212 1642 reipublicae
1234 1588 1307 1625 fint
1322 1617 1333 1632 ‚
1366 1586 1455 1639 plus
1478 1598 1598 1638 quam
1618 1584 1771 1623 ficarios
1787 1613 1799 1630 ,

406 1661 494 1714 plus
516 1674 636 1714 quam
656 1657 893 1702 homicidas,
924 1655 1014 1709 plus
1036 1655 1155 1693 etiam
1177 1667 1296 1707 quam
1317 1652 1527 1706 parricidas
1549 1651 1645 1689 effe:
1678 1650 1801 1702 fiqui-

405 1728 495 1765 dem
517 1726 570 1764 est
590 1725 759 1764 atrocius
781 1723 914 1777 patriae
934 1730 1152 1775 parentem,
1185 1733 1304 1773 quam
1326 1718 1455 1764 suum,
1487 1717 1680 1756 occidere.
1717 1717 1802 1762 Tu,

406 1793 529 1831 homo
550 1792 698 1844 sapiens
715 1820 725 1835 ,
758 1799 795 1827 et
826 1787 1063 1826 considerate
1079 1816 1089 1831 ,
1121 1785 1219 1837 quid
1250 1785 1348 1822 dicis
1369 1786 1382 1822 ?
1414 1785 1441 1822 fi
1464 1782 1700 1836 ,parricidae;
1733 1796 1804 1820 cur

408 1858 570 1897 honoris
592 1856 702 1894 causa
722 1869 743 1892 a
763 1864 800 1892 te
822 1854 911 1891 sunt
931 1862 969 1890 et
989 1853 1030 1890 in
1053 1851 1129 1889 hoc
1150 1851 1302 1895 ordine,
1321 1859 1358 1887 et
1373 1849 1478 1902 apud
1497 1849 1695 1902 populum
1716 1849 1802 1886 Ro·-

409 1937 589 1968 manum,
613 1922 763 1974 semper
783 1919 967 1972 appellati
983 1919 995 1955 ?
1018 1931 1088 1955 our
1109 1917 1173 1955 M.
1189 1917 1350 1961 Brutus,
1369 1925 1405 1953 te
1423 1914 1627 1960 referente,
1646 1913 1802 1966 legibus

409 1991 462 2029 est
492 1989 668 2033 solutus,
700 1987 726 2024 si
757 1986 804 2023 ab
833 1985 928 2022 urbe
956 1983 1046 2035 plus
1075 1995 1194 2034 quam
1222 1981 1359 2019 decem
1386 1980 1467 2018 dies
1488 1978 1700 2018 abfuisset?
1732 1992 1803 2016 cur

409 2054 495 2093 ludi
523 2053 774 2105 Apollinares
805 2048 1032 2088 incredibili
1064 2048 1128 2086 M.
1157 2047 1271 2085 Bruti
1302 2045 1452 2084 honore
1483 2044 1701 2083 celebrati?
1733 2057 1804 2082 cur

410 2120 622 2174 provinciae
643 2117 770 2156 Caffio
790 2126 829 2154 et
850 2117 974 2154 Bruto
995 2114 1119 2152 datae?
1151 2127 1222 2151 cur
1242 2111 1447 2166 quaestores
1468 2110 1621 2149 additi?
1653 2124 1723 2148 cur
1743 2110 1802 2148 le-

411 2196 593 2239 gatorum
615 2196 801 2222 numerus
824 2183 959 2220 au&us
979 2182 991 2218 ?
1023 2181 1159 2232 Atque
1179 2179 1262 2218 haec
1283 2180 1365 2217 aeta
1384 2191 1453 2231 per
1474 2186 1510 2215 te
1529 2193 1538 2216 ι
1571 2190 1650 2215 non
1680 2176 1804 2228 igitur

410 2251 638 2291 homicidae.
684 2250 882 2301 Sequitur,
915 2256 959 2285 ut
980 2246 1206 2284 liberatores
1229 2255 1298 2283 tuo
1313 2244 1468 2297 judicio
1489 2243 1592 2289 fint3
1624 2241 1804 2295 quando-

409 2319 575 2373 quidem
597 2316 763 2369 tertium
780 2314 882 2353 nihil
904 2313 1029 2366 potest
1049 2312 1135 2350 effe.

469 2383 580 2435 Qid
607 2382 659 2420 est
679 2382 691 2419 ?
724 2395 820 2419 num
842 2379 1038 2418 conturbo
1060 2388 1097 2416 te
1116 2379 1128 2415 ?
1162 2377 1257 2416 Non
1279 2377 1388 2415 enim
1408 2375 1561 2414 fortaffe
1582 2374 1686 2420 satis,
1717 2387 1804 2426 quae

412 2448 630 2488 distinctius
666 2447 878 2493 dicuntur,
916 2445 1124 2497 intelligis.
1172 2442 1245 2482 Sed
1281 2452 1412 2482 tamen
1445 2441 1530 2482 haec
1565 2440 1619 2480 est
1652 2439 1804 2478 summa
