2076 2860
680 110 1253 166 PHILIPPICA
1322 108 1355 145 Ι.
1636 99 1711 149 289

321 235 616 293 Apollinarium
636 230 824 270 ludorum
844 221 1014 278 plausus,
1031 216 1093 256 vel
1116 209 1337 252 testimonia
1356 204 1488 261 potius
1509 209 1548 240 et
1564 198 1715 253 judicia

322 305 462 360 populi
483 298 655 340 Romani
676 307 815 349 parum
837 301 979 341 magna
992 283 1104 323 vobis
1122 275 1378 318 videbantur?
1403 273 1439 310 O
1458 271 1589 308 beatos
1607 265 1713 308 illos,

324 373 409 426 qui,
432 381 525 407 curn
545 364 665 403 adesse
685 361 774 414 ipsis
791 365 950 411 propter
970 352 1052 390 vim
1068 359 1267 387 armorum
1285 355 1362 381 non
1384 337 1542 380 licebat,
1560 333 1717 371 aderant

324 447 478 478 tamen,
510 441 549 470 et
569 431 610 468 in
632 425 817 466 medullis
839 418 978 475 populi
999 412 1171 455 Romani
1193 424 1235 448 ac
1256 404 1468 446 visceribus
1488 399 1687 439 haerebant
1706 395 1713 431 !

327 502 415 542 Nifi
436 499 539 538 forte
560 495 685 535 Accio
711 502 797 530 tum
819 485 976 542 plaudi,
1008 492 1047 521 et
1067 476 1299 530 sexagesimo
1320 470 1405 525 post
1424 481 1526 506 anno
1546 464 1719 518 palmam

329 568 411 605 dari
432 562 627 619 putabatis
644 590 654 605 ,
687 571 766 596 non
789 556 910 593 Bruto
930 566 939 589 ε
973 549 1042 601 qui
1063 545 1124 584 his
1146 542 1249 581 ludis
1278 540 1332 576 ita
1351 535 1490 578 caruit,
1522 540 1567 569 ut
1588 530 1628 567 in
1649 526 1722 565 illo

331 629 616 687 apparatiffimo
649 620 866 678 spectaculo
898 615 1071 655 studium
1104 608 1274 663 populus
1308 605 1512 642 Romanus
1542 593 1724 634 tribuerit

333 698 481 738 absenti
500 716 510 741 ;
543 691 775 732 defiderium
803 681 1021 724 liberatoris
1050 678 1107 716 sui
1127 681 1317 728 perpetuo
1338 665 1474 721 plausu
1495 672 1533 701 et
1553 662 1724 700 clamore

334 765 505 804 lenierit.

393 829 593 883 Equidem
615 825 646 862 is
668 823 768 865 sum,
800 818 869 871 qui
895 815 985 853 istos
1014 808 1184 864 plausus,
1216 816 1310 843 cum
1337 815 1357 839 a
1384 794 1639 852 popularibus
1667 791 1726 828 ci-

338 898 452 936 vibus
489 894 753 932 tribuerentur
769 915 779 931 ‚
812 884 961 934 semper
995 871 1300 926 contempserim
1318 883 1327 906 ς
1365 866 1549 914 idemque
1583 871 1677 897 cum
1710 870 1731 893 a

339 961 520 1004 summis,
551 956 710 999 mediis,
742 950 906 993 infimis,
937 959 1031 984 cum
1051 941 1222 992 denique
1241 936 1289 974 ab
1310 930 1494 972 universis
1522 927 1599 964 hoc
1626 923 1732 961 idem

341 1030 407 1075 fit,
433 1037 606 1078 cumque
626 1023 669 1066 ii,
701 1019 771 1072 qui
791 1025 880 1055 ante
901 1012 1007 1064 sequi
1030 1007 1169 1062 populi
1190 999 1420 1042 consensum
1446 994 1634 1035 solebant,
1666 988 1749 1026 fu--

342 1098 486 1150 giunt3
520 1105 598 1130 non
619 1086 799 1142 plausum
820 1082 953 1124 illum,
984 1076 1048 1116 sed
1063 1071 1280 1127 judicium,
1311 1075 1423 1120 puto.
1476 1062 1542 1099 Sin
1569 1058 1652 1096 haec
1677 1056 1736 1093 le-

344 1163 452 1201 viora
465 1158 578 1198 vobis
593 1154 792 1196 videntur,
811 1161 896 1201 quae
913 1145 1002 1184 sunt
1023 1138 1260 1194 graviffima3
1284 1146 1382 1172 num
1403 1129 1521 1167 etiam
1542 1124 1618 1163 hoc
1639 1134 1737 1159 con-

346 1225 544 1268 temnitis,
575 1219 683 1274 quod
710 1214 887 1257 senfistis,
919 1220 1001 1249 tam
1021 1218 1149 1246 caram
1170 1199 1320 1256 populo
1340 1198 1523 1235 Romano
1544 1190 1666 1228 vitam
1687 1188 1739 1224 A.

351 1293 479 1333 Hirtii
499 1288 611 1328 fuiffe
629 1288 641 1324 ?
666 1284 763 1322 Satis
784 1280 892 1319 enim
911 1285 1006 1320 erat,
1024 1273 1235 1326 probatum
1255 1266 1372 1304 illum
1393 1261 1466 1300 effe
1486 1256 1635 1312 populo
1657 1254 1742 1292 Ro-

351 1372 484 1403 mano,
516 1364 561 1393 ut
581 1352 659 1397 est;
686 1346 912 1403 jucundum
932 1340 1085 1384 amicis,
1108 1337 1149 1375 in
1171 1347 1250 1388 quo
1270 1331 1395 1369 vincit
1415 1338 1578 1368 omnes;
1610 1333 1745 1359 carum

351 1426 447 1470 suis,
465 1422 610 1476 quibus
631 1417 685 1456 est
704 1413 941 1454 cariffimus:
966 1415 1116 1446 tantam
1138 1412 1268 1440 tamen
1286 1393 1596 1435 sollicitudinem
1617 1388 1745 1425 bono-

356 1504 460 1535 rum,
483 1496 639 1526 tantum
661 1483 845 1520 timorem
866 1473 1065 1515 omnium,
1088 1470 1129 1506 in
1150 1479 1230 1519 quo
1251 1460 1508 1502 meminimus
1526 1457 1539 1493 ?
1570 1455 1687 1492 Certe
1707 1451 1749 1488 in

357 1555 485 1595 nullo.
503 1551 613 1603 Qid
629 1547 774 1600 igitur?
793 1543 870 1582 hoc
884 1553 967 1584 VOS,
983 1550 1050 1590 per
1064 1536 1170 1573 Deos
1185 1524 1446 1569 immortales!
1466 1520 1580 1575 quale
1597 1519 1655 1562 fit,
1671 1528 1752 1554 non

359 1614 698 1673 interpretamini?
723 1609 819 1664 quid
835 1620 899 1646 eos
917 1605 963 1642 de
978 1601 1100 1640 vestra
1118 1599 1198 1636 vita
1217 1594 1389 1646 cogitare
1409 1586 1588 1629 censetis,
1606 1582 1752 1635 quibus

361 1699 513 1730 eorum,
540 1694 638 1736 quos
660 1679 812 1732 sperant
833 1669 1060 1725 reipublicae
1081 1662 1344 1704 consulturos,
1365 1656 1446 1694 vita
1465 1663 1547 1692 tarn
1566 1662 1652 1688 cara
1672 1648 1717 1686 fit
1735 1647 1749 1684 ?

420 1749 536 1802 Cepi,
569 1747 700 1785 Patres
722 1736 950 1790 conscripti,
973 1729 1196 1772 reversionis
1218 1739 1312 1764 meae
1332 1721 1534 1761 fruCtum3
1568 1712 1757 1767 quoniam

366 1831 409 1857 ea
437 1815 547 1859 dixi,
579 1821 646 1856 ut,
678 1808 908 1862 quicunque
937 1799 1044 1838 casus
1075 1793 1307 1834 consecutus
1338 1786 1450 1829 effet,
1481 1789 1629 1821 extaret
1659 1790 1758 1815 con-

367 1882 513 1923 stantiae
534 1892 628 1918 meae
650 1872 920 1914 testimonium
938 1886 948 1912 3
982 1874 1020 1902 et
1041 1863 1126 1901 sum
1146 1874 1168 1898 a
1187 1857 1299 1896 vobis
1321 1853 1491 1904 benigne
1517 1862 1560 1886 ac
1587 1845 1759 1896 diligen-

368 1960 427 1988 ter
442 1946 613 1987 auditus.
637 1944 737 1993 Qae
759 1936 922 1992 potestas
940 1933 966 1971 fi
983 1929 1084 1969 mihi
1105 1927 1241 1979 saepius
1264 1923 1341 1961 fine
1361 1931 1449 1957 meo
1470 1914 1671 1964 vestroque
1692 1923 1761 1962 pe-

370 2014 498 2055 riculo
534 2011 616 2055 fiet,
648 2018 759 2047 utar:
794 2005 819 2042 fi
855 2001 1003 2042 minus,
1035 2003 1228 2048 quantum
1259 1998 1409 2042 potero,
1442 1996 1521 2021 non
1552 1989 1630 2018 tam
1663 1975 1764 2014 mihi

374 2090 452 2121 me,
475 2086 594 2126 quam
615 2067 857 2121 reipublicae,
880 2057 1091 2099 reservabo.
1115 2052 1225 2092 Mihi
1246 2051 1326 2088 fere
1347 2047 1434 2086 satis
1455 2043 1523 2088 est,
1541 2039 1647 2093 quod
1667 2037 1764 2079 vixi,

376 2141 438 2179 vel
459 2139 505 2177 ad
526 2146 694 2178 aetatem,
718 2131 778 2169 vel
799 2128 845 2168 ad
866 2126 1030 2180 gloriam
1049 2138 1057 2160 :
1090 2120 1169 2159 huc
1192 2119 1216 2156 si
1239 2115 1336 2169 quid
1357 2108 1565 2153 accesserit,
1589 2118 1666 2143 non
1689 2113 1767 2140 tam

379 2205 496 2249 mihi,
529 2215 649 2254 quam
669 2198 797 2243 vobis,
829 2194 962 2246 reique
987 2188 1171 2242 publicae,
1203 2181 1412 2222 accesserit.

471 2477 605 2514 Tora.
639 2470 713 2509 VI.
1391 2450 1427 2487 O
1459 2460 1483 2484 o
