2076 2860
687 149 836 187 PRO
898 147 1242 188 MILONE:
1595 165 1669 203 219

259 250 447 289 ordinum
479 249 668 288 consensu
697 263 768 302 pro
797 249 917 287 salute
949 248 1178 302 reipublicae
1208 249 1312 303 gesta
1341 250 1571 289 resciderat:
1606 267 1670 291 me

261 318 384 370 patria
403 317 634 370 expulerat:
670 316 772 354 bona
800 315 1043 368 diripuerat:
1077 316 1244 355 domum
1275 316 1529 356 incenderat:
1564 319 1667 357 libe-

258 397 335 428 ros,
367 383 583 435 conjugem
604 396 749 428 meam,
776 392 1007 420 vexaverat:
1043 384 1121 421 Cn.
1147 383 1339 437 Pompeio
1361 383 1557 423 nefarium
1580 385 1667 423 bel—

258 450 343 488 lum
366 449 587 488 indixerat:
622 449 922 503 magistratuum
948 450 1273 504 privatorumque
1303 451 1425 490 caedes
1456 452 1664 492 effecerat:

257 516 425 555 domum
447 517 526 555 mei
547 515 678 555 fratris
700 516 947 555 incenderat:
968 516 1128 555 vastarat
1145 519 1373 557 Etruriam:
1397 518 1547 557 multos
1564 519 1666 557 sedi-

258 583 331 622 bus
353 597 397 622 ac
418 582 590 623 fortunis
612 585 777 636 ejecerat
796 599 804 622 ε
839 583 1019 630 instabat,
1044 585 1232 637 urgebat:
1266 599 1402 638 capere
1423 587 1507 639 ejus
1530 600 1667 624 amen-

257 650 354 689 tiam
375 651 528 696 civitas,
554 650 680 695 Italia,
700 650 927 703 provinciae‚
947 665 1078 704 regna,
1103 665 1181 690 non
1202 661 1408 704 poterant:
1433 652 1666 690 incideban-

257 726 322 755 tur
336 718 421 770 jam
443 717 553 756 domi
573 718 706 770 leges,
739 732 826 771 quae
857 730 927 756 nos
959 717 1096 756 nostris
1128 717 1243 756 servis
1274 718 1528 757 addicerent:
1564 719 1666 757 nihil

255 793 336 822 erat
366 783 628 837 cujusquam,
661 784 769 837 quod
800 783 964 836 quidem
995 784 1063 822 ille
1092 783 1324 830 adamasset,
1357 784 1465 837 quod
1488 799 1567 823 non
1590 785 1667 824 hoc

255 863 358 888 anno
391 850 505 888 suum
537 849 621 888 fore
652 859 822 902 putaret.
858 849 1050 888 Obstabat
1071 851 1154 903 ejus
1177 851 1492 903 cogitationibus
1520 865 1664 897 nemo,

258 926 396 969 praeter
424 916 641 954 Milonem.
676 916 812 968 Ipsum
833 916 975 962 illum,
1008 917 1078 969 qui
1100 926 1253 970 poterat
1273 917 1446 963 obstare,
1480 932 1583 956 novo
1605 932 1666 956 re-

254 984 341 1022 ditu
359 984 399 1021 in
415 984 582 1036 gratiam
599 984 704 1037 quafi
722 983 951 1021 devinctum
965 984 1246 1023 arbitrabatur:
1268 985 1428 1024 Caesaris
1444 986 1667 1038 potentiam

254 1051 363 1089 suam
384 1050 457 1089 effe
478 1051 661 1089 dicebat:
696 1050 895 1089 bonorum
925 1052 1078 1090 animos
1109 1052 1229 1090 etiam
1260 1052 1300 1090 in
1333 1066 1422 1091 meo
1453 1052 1539 1090 casu
1567 1067 1665 1092 con·

253 1118 464 1171 tempserat
482 1133 491 1157 :
525 1117 633 1156 Milo
654 1131 756 1156 unus
780 1117 958 1171 urgebat.

311 1186 514 1225 XXXIII.
548 1186 632 1224 Hic
655 1187 725 1224 Dii
746 1186 1007 1231 immortales,
1026 1194 1072 1224 ut
1093 1185 1207 1240 supra
1227 1186 1326 1232 dixi,
1346 1196 1524 1225 mentem
1545 1186 1665 1225 dede-2

255 1261 347 1290 runt
364 1252 425 1290 illi
442 1251 597 1305 perdito
613 1266 656 1290 ac
674 1251 837 1297 furioso,
856 1261 900 1290 ut
916 1251 1012 1291 huic
1029 1251 1175 1292 faceret
1192 1253 1364 1292 infidias.
1389 1253 1519 1292 Aliter
1540 1255 1668 1307 perire

255 1318 371 1372 pestis
393 1318 463 1357 illa
484 1332 563 1356 non
584 1319 719 1372 potuit
737 1335 746 1357 :
772 1332 978 1372 nunquam
999 1319 1119 1357 illum
1140 1319 1361 1372 respublica
1382 1319 1450 1358 suo
1465 1321 1556 1373 jure
1576 1320 1669 1359 effet

254 1385 352 1424 ulta.
386 1385 565 1430 Senatus,
587 1385 719 1430 credo,
743 1394 950 1437 praetorem
971 1399 1064 1423 eum
1084 1385 1458 1439 circumscripfiffet.
1483 1387 1549 1425 Ne
1570 1400 1666 1425 cum

253 1451 402 1490 solebat
417 1451 581 1504 quidem
602 1451 642 1490 id
657 1450 800 1496 facere,
819 1451 859 1489 in
876 1452 1029 1505 privato
1045 1452 1185 1490 eodem
1202 1451 1294 1498 hoc,
1313 1452 1465 1505 aliquid
1482 1452 1664 1506 profece-

252 1528 324 1558 rat.
349 1520 415 1558 An
431 1519 610 1557 consules
633 1519 674 1556 in
691 1528 856 1571 praetore
878 1518 1096 1556 coercendo
1113 1518 1234 1557 fortes
1252 1519 1440 1558 fuiss‘ent?
1465 1520 1665 1567 Primum,

254 1585 412 1624 Milone
432 1585 577 1631 occiso,
600 1583 795 1623 habuiffet
816 1584 903 1623 suos
925 1584 1104 1623 consules
1122 1600 1130 1623 ε
1155 1584 1311 1629 deinde,
1331 1585 1420 1637 quis
1443 1585 1484 1623 in
1501 1599 1547 1624 eo
1562 1600 1664 1640 prae-

253 1661 337 1690 tore
357 1651 494 1690 consul
517 1650 631 1690 fortis
654 1649 745 1689 effet
759 1680 770 1696 ‚
803 1664 872 1704 per
891 1665 1011 1704 quem
1033 1651 1243 1689 tribunum
1264 1651 1395 1689 virum
1417 1651 1665 1691 consularem

253 1718 516 1757 crudeliffime
537 1727 723 1757 vexatum
743 1717 815 1756 effe
837 1717 1100 1756 meminiffet?
1126 1718 1379 1771 Oppresfiffet
1400 1720 1548 1764 omnia,
1571 1719 1664 1773 pos-

255 1784 406 1830 fideret,
439 1793 616 1823 teneret:
649 1784 736 1837 lege
764 1797 878 1829 nova,
911 1797 998 1837 quae
1029 1783 1083 1821 est
1116 1783 1276 1822 inventa
1307 1784 1411 1836 apud
1444 1798 1536 1822 eum
1570 1799 1665 1824 cum

255 1851 416 1904 reliquis
438 1850 594 1904 legibus
618 1849 823 1889 Clodianis
840 1879 850 1895 ,
883 1849 1008 1888 servos
1031 1849 1180 1888 nostros
1203 1851 1366 1889 libertos
1390 1850 1476 1888 suos
1498 1850 1662 1891 fecisset.

256 1918 471 1964 Postremo,
491 1918 561 1956 nifi
578 1931 672 1956 eum
689 1917 760 1956 Dii
783 1916 1027 1955 immortales
1044 1917 1085 1954 in
1102 1930 1188 1955 eam
1204 1926 1381 1956 mentem
1403 1917 1665 1971 impulissent,

255 1994 298 2023 ut
329 1984 453 2024 homo
485 1984 752 2023 effoeminatus
786 1983 1042 2022 fortiffi-mum
1074 1985 1205 2023 virum
1233 1995 1442 2024 conaretur
1469 1985 1663 2031 occidere,

253 2050 372 2090 hodie
394 2051 684 2104 rempublicam
707 2050 860 2089 nullam
882 2049 1095 2089 haberetis.

312 2119 376 2155 An
410 2118 479 2155 ille
512 2126 668 2170 praetor,
701 2116 770 2154 ille
802 2130 893 2154 vero
926 2117 1078 2163 consul,
1112 2118 1137 2156 fi
1167 2117 1286 2156 modo
1315 2117 1397 2156 haec
1427 2118 1575 2172 templa
1602 2128 1662 2157 at-

256 2197 331 2236 que
352 2184 433 2236 ipsa
453 2184 599 2222 moenia
621 2183 715 2221 stare
736 2197 782 2221 eo
804 2184 893 2221 vivo
916 2185 1067 2223 tamdiu
1084 2215 1093 2230 ,
1125 2194 1164 2223 et
1197 2185 1447 2223 consulatum
1480 2186 1564 2237 ejus
1592 2199 1663 2224 ex-

257 2251 421 2302 pectare,
453 2249 692 2302 potuiffent3
725 2250 793 2287 ille
815 2251 985 2304 denique
1007 2253 1134 2298 vivus,
1159 2253 1253 2290 mali
1276 2251 1378 2291 nihil
1400 2251 1564 2298 feciffet,
1594 2253 1664 2305 qui

257 2326 454 2362 mortuus,
477 2330 557 2354 uno
579 2330 626 2354 ex
648 2316 724 2354 suis
747 2316 982 2357 satellitibus
1007 2320 1095 2358 Sex.
1120 2320 1266 2358 Clodio
1288 2319 1402 2365 duce,
1426 2319 1576 2357 curiam
1599 2319 1663 2356 in-

255 2383 464 2421 cenderit?
498 2384 592 2434 Qo
625 2383 722 2436 quid
755 2384 949 2431 miserim,
982 2386 1080 2438 quid
1107 2388 1300 2432 acerbius,
1332 2385 1429 2438 quid
1450 2385 1663 2423 luctuosius

256 2450 459 2489 vidimus?
493 2451 715 2503 Templum
739 2450 966 2498 sanctitatis,
999 2453 1292 2507 amplitudini&
1325 2453 1485 2497 mentis,
1512 2452 1664 2489 consilii

1234 2519 1263 2555 E
1288 2532 1307 2555 e
1339 2531 1360 2557 2
