2076 2860
579 170 720 210 PRo
782 170 829 210 P.
892 170 1188 210 SEX-fro,
1563 186 1593 227 7

182 268 453 314 amiciffimus,
487 268 564 306 Cn.
596 266 828 319 Pompeius,
859 266 972 304 omni
1003 267 1201 312 cautione,
1233 265 1395 313 foedere,
1427 280 1588 306 execra-

181 337 290 375 tione
311 335 552 380 devinxerat‚
586 332 689 371 nihil
722 333 764 371 in
793 332 999 371 tribunatu
1028 342 1165 371 contra
1193 347 1256 371 me
1277 333 1349 372 effe
1370 333 1585 374 faffitururn.

182 404 238 442 At
259 403 328 441 ille
348 401 536 447 nefarius,
554 414 603 439 ex
623 400 810 439 omnium
831 399 1025 438 scelerum
1046 399 1273 438 colluvione
1295 411 1424 447 natus,
1448 415 1589 454 parum

182 469 219 507 se
239 468 370 508 foedus
392 468 636 507 violaturum
656 466 710 505 est
730 466 957 512 arbitratus,
990 466 1061 504 nis1
1083 466 1214 520 ipsum
1239 478 1442 507 cautorem
1471 468 1590 507 alieni

182 535 350 589 periculi
372 535 449 574 suis
471 534 641 588 propriis
663 533 851 587 periculis
874 533 1081 572 terruiffet.
1119 534 1238 572 Hanc
1270 544 1410 573 tetram
1442 535 1588 574 imma-

181 616 355 656 nemque
375 602 565 648 belluam,
597 601 772 639 vind'ram
793 600 992 654 auspiciis,
1018 601 1222 654 alligatam
1242 615 1353 640 more
1375 604 1591 655 majorum,

181 670 433 712 constricfi’tam
448 670 586 723 legum
607 668 843 707 sacratarum
865 670 1028 714 catenis,
1047 669 1163 707 solvit
1179 669 1311 708 subito
1332 670 1470 723 legum
1490 684 1589 709 con-

182 736 257 783 sul,
290 738 366 784 vel,
399 746 443 776 ut
464 750 538 789 ego
559 736 743 782 arbitror,
771 745 970 781 exoratus,
1001 735 1081 780 vel,
1111 744 1156 773 ut
1176 749 1256 774 non
1278 750 1398 775 nemo
1419 747 1590 790 putaret,

183 803 288 842 mihi
309 804 430 842 iratus
442 823 454 849 3
480 804 638 856 ignarus
655 802 820 855 quidem
836 810 941 840 certe
957 810 995 839 et
1012 801 1244 855 imprudens
1267 803 1592 856 impendentium

183 879 389 910 tantorum
410 870 602 909 scelerum
621 882 666 906 ac
686 869 900 908 malorum.
929 869 1029 921 Qi,
1053 869 1238 908 tribunus
1261 871 1406 923 plebis,
1429 870 1527 910 felix
1550 873 1591 910 in

183 936 393 975 evertenda
410 935 617 989 republica
635 933 716 973 fuit
737 935 860 974 nullis
882 934 959 974 suis
982 935 1110 974 nervis
1130 951 1138 974 ε
1173 937 1243 989 qui
1274 937 1383 975 enim
1414 938 1454 975 in
1485 938 1590 991 ejus-

184 1002 295 1042 modi
324 1002 405 1041 vita
424 1002 535 1041 nervi
555 1000 629 1040 effe
648 1010 882 1054 potuerunt,
913 1000 1092 1040 hominis
1114 1001 1295 1042 fraternis
1318 1003 1495 1056 flagitiis,
1528 1005 1590 1043 so-

185 1069 297 1108 roriis
318 1068 477 1122 stupris,
508 1068 621 1107 omni
642 1067 820 1106 inaudita
839 1067 1023 1114 libidine,
1055 1067 1217 1107 infamis
1238 1071 1251 1107 ?

242 1135 316 1175 Sed
335 1134 416 1174 fuit
436 1133 614 1189 profesto
635 1134 816 1188 quaedam
837 1134 906 1173 illa
926 1134 1155 1188 reipublicae
1182 1135 1343 1175 fortuna
1370 1136 1515 1183 fatalis,
1548 1148 1593 1177 ut

187 1202 256 1241 ille
275 1215 401 1241 caecus
421 1211 541 1255 atque
560 1215 695 1240 amens
718 1201 903 1240 tribunus
926 1202 1054 1255 plebis
1076 1202 1381 1249 nancisceretur,
1409 1204 1507 1257 quid
1529 1204 1592 1242 di-

187 1283 277 1308 cam
296 1269 476 1308 consules
495 1270 508 1307 ?
540 1267 710 1308 hoccine
735 1278 779 1307 ut
800 1282 874 1322 ego
894 1269 1094 1322 appellem
1116 1270 1279 1308 nomine
1300 1271 1490 1309 eversores
1513 1270 1592 1309 hu—

183 1336 250 1388 jus
271 1336 444 1389 imperii,
476 1335 697 1389 proditores
718 1335 850 1374 vestrae
874 1335 1097 1389 dignitatis,
1129 1336 1258 1375 hostes
1281 1337 1480 1376 bonorum
1501 1352 1592 1376 om-

189 1402 331 1440 nium?
354 1403 424 1455 qui
444 1402 492 1441 ad
513 1402 727 1441 delendum
748 1403 943 1449 senatum,
961 1402 1222 1456 affligendum
1242 1404 1462 1457 equestrem
1483 1405 1593 1443 ordi·

188 1482 296 1515 nem,
317 1469 602 1523 exstinguenda
621 1470 757 1509 omnia
770 1472 861 1523 jura
880 1479 999 1523 atque
1019 1470 1199 1509 instituta
1219 1473 1432 1524 majorum,
1455 1473 1491 1511 se
1512 1473 1593 1511 illis

187 1533 375 1581 fascibus,
406 1536 634 1590 caeterisque
664 1536 884 1589 insignibus
907 1537 1054 1575 summi
1084 1536 1247 1576 honoris
1269 1548 1387 1591 atque
1417 1540 1592 1592 imperii,

188 1612 345 1641 ornatos
367 1602 440 1641 effe
460 1602 782 1642 arbitrabantur?
815 1605 1017 1655 Qorum,
1050 1617 1119 1655 per
1144 1605 1251 1642 Deos
1274 1605 1534 1650 immortales,
1567 1606 1594 1644 fi

190 1666 372 1705 nondum
392 1666 535 1704 scelera
553 1667 795 1719 vulneraque
815 1668 943 1706 inusta
963 1668 1193 1720 reipublicae
1222 1669 1344 1708 vultis
1369 1671 1562 1709 recordari
1579 1690 1592 1717 3

190 1732 349 1772 vultum
370 1742 488 1786 atque
508 1732 700 1771 inceffum
720 1733 864 1772 animis
880 1734 1141 1772 intueamini:
1165 1733 1323 1773 facilius
1340 1735 1440 1774 faCta
1455 1751 1601 1776 eorum

189 1808 400 1839 occurrent
420 1800 624 1838 mentibus
645 1799 794 1846 vestris,
826 1800 853 1838 fi
875 1814 941 1839 ora
960 1801 1041 1854 ipsa
1062 1801 1189 1840 oculis
1210 1803 1508 1856 proposueritis.

246 1867 363 1906 VIII.
391 1866 521 1912 Alter,
537 1868 752 1920 unguentis
766 1866 946 1914 affluens,
962 1868 1220 1907 calamistrata
1232 1884 1360 1916 coma,
1376 1871 1595 1925 despiciens

191 1933 369 1972 conscios
399 1933 640 1988 stuprorum,
673 1948 716 1973 ac
743 1943 892 1973 veteres
916 1945 1118 1974 vexatores
1139 1937 1304 1975 aetatulae
1325 1938 1413 1983 suae,
1447 1940 1601 1991 puteali.

191 2009 229 2039 et
264 1999 549 2040 foeneratorum
583 2002 771 2054 gregibus
807 2002 966 2040 inflatus
999 2013 1117 2056 atque
1149 2004 1367 2056 perculsus,
1399 2006 1514 2052 olim,
1547 2021 1596 2045 ne

192 2067 356 2119 Scyllaeo
387 2067 460 2107 illo
492 2068 575 2107 aeris
608 2069 728 2106 alieni
759 2069 801 2107 in
833 2068 936 2107 freto
969 2070 1016 2107 ad
1045 2070 1278 2109 columnam
1304 2071 1594 2119 adliaeresceret‚

192 2135 233 2173 in
266 2135 491 2174 tribunatus
524 2145 687 2188 portum
719 2135 959 2189 perfugerat.
994 2139 1289 2178 contemnebat
1321 2141 1473 2192 equites
1507 2142 1595 2179 Ro-

193 2215 345 2247 manOS,
377 2202 638 2241 minitabatur
673 2203 837 2249 senatui,
875 2204 1102 2242 venditabat
1137 2205 1173 2243 se
1208 2207 1353 2258 operis,
1394 2216 1514 2260 atque
1547 2209 1595 2246 ab

195 2268 242 2306 iis
278 2268 314 2306 se
345 2278 542 2321 ereptum,
586 2284 634 2308 ne
674 2270 722 2308 de
756 2270 912 2310 ambitu
947 2271 1101 2309 causam
1137 2272 1300 2318 diceret,
1344 2273 1595 2326 praedicabat,

195 2335 242 2372 ab
264 2333 483 2388 iisdemque
505 2336 540 2374 se
561 2337 695 2382 etiam,
728 2338 855 2377 invito
878 2337 1024 2384 senatu,
1048 2339 1294 2391 provinciam
1317 2339 1465 2392 sperare
1487 2341 1602 2380 dice-

196 2401 287 2447 bat3
320 2414 486 2454 eamque
507 2403 577 2442 nisi
599 2403 761 2458 adeptus
783 2404 890 2451 esset,
913 2405 948 2444 se
968 2405 1218 2446 incolumem
1238 2407 1351 2445 nullo
1372 2407 1493 2447 modo
1513 2408 1603 2447 fore

196 2467 472 2507 arbitrabatur.
