2076 2860
341 203 391 243 66
818 196 1262 236 ORATIO

343 295 651 348 Pythagoricum
682 294 776 332 soles
808 293 935 331 dicere
951 322 960 334 ,
993 302 1030 330 ct
1060 291 1235 330 hominis
1257 289 1466 329 doctiffimi
1486 302 1632 328 nomen
1654 288 1731 327 tuis

342 362 582 399 immanibus
603 370 640 398 et
663 359 832 397 barbaris
855 358 1031 396 moribus
1054 356 1316 410 praetendere3
1349 370 1435 409 quae
1456 365 1494 395 te
1515 364 1622 394 tanta
1641 367 1731 407 pra—

341 428 438 465 vitas
470 428 611 465 mentis
644 425 826 469 tenuerit,
859 425 927 477 qui
960 434 1088 462 tantus
1120 423 1242 469 furor,
1275 433 1333 468 ut,
1365 437 1459 461 cum
1489 421 1664 460 inaudita
1690 434 1733 458 ac

342 492 487 531 nefaria
515 493 616 530 sacra
645 490 868 542 susceperis,
901 503 994 527 cum
1024 489 1242 527 inferorum
1272 489 1422 527 animas
1454 487 1608 532 elicere,
1641 499 1733 524 cum

343 572 555 610 puerorum
575 558 675 594 extis
699 558 805 595 Deos
833 569 967 593 manes
997 557 1162 593 mactare
1192 555 1339 600 soleas5
1372 554 1556 607 auspicia,
1589 552 1735 605 quibus

343 624 424 661 haec
447 624 538 661 urbs
560 622 719 660 condita
738 621 805 667 est,
828 621 973 673 quibus
996 621 1125 657 omnis
1147 620 1367 673 respublica
1385 629 1501 673 atque
1522 618 1736 671 imperium

342 698 511 733 tenetur,
534 687 814 740 contempseris
834 688 845 724 ?
869 686 1065 738 initioque
1087 685 1309 723 tribunatus
1332 686 1391 723 tui
1412 685 1560 723 senatui
1581 684 1735 722 denun-

344 755 465 800 tiaris,
498 755 575 792 tuis
597 754 815 792 aetionibus
838 766 1032 805 augurum
1053 751 1229 804 responsa
1250 761 1367 804 atque
1388 752 1471 803 ejus
1493 751 1654 803 collegii
1674 763 1736 788 ar-

344 822 563 874 rogantiam
583 820 869 873 impedimento
891 832 970 856 non
992 818 1166 855 futuram
1186 819 1198 855 ?

400 886 625 925 Secundum
646 900 688 924 ea
709 899 853 938 quaero,
887 883 1091 922 servarisne
1122 884 1162 921 in
1192 896 1237 920 eo
1268 882 1419 920 fidem?
1452 896 1550 921 num
1580 880 1738 934 quando

344 953 420 991 tibi
436 966 587 990 moram
602 951 792 996 attulerit,
811 963 891 1003 quo
907 950 1040 988 minus
1057 949 1275 987 concilium
1291 948 1511 993 advocares,
1530 948 1739 1000 legemque

345 1018 479 1063 ferres,
511 1016 619 1070 quod
639 1030 684 1055 eo
705 1016 768 1054 die
789 1016 903 1054 scires
924 1015 970 1052 de
992 1015 1087 1053 caelo
1107 1014 1179 1052 effe
1201 1014 1392 1051 servatum
1410 1015 1421 1051 ?
1455 1015 1522 1058 Et,
1551 1013 1740 1065 quoniam

345 1085 412 1123 hic
433 1085 544 1123 locus
565 1097 666 1122 unus
688 1083 755 1129 est,
788 1097 908 1135 quem
929 1082 1004 1120 tibi
1024 1095 1116 1119 cum
1139 1081 1285 1119 Caesare
1306 1094 1562 1118 communem
1583 1079 1654 1117 effe
1676 1079 1738 1117 di·-

346 1164 408 1190 cas
426 1170 437 1196 ;
470 1150 670 1203 sejungam
693 1158 729 1187 te
750 1148 797 1186 ab
819 1149 910 1193 illo,
943 1161 1021 1186 non
1044 1147 1171 1185 solum
1192 1146 1419 1200 reipublicae
1440 1146 1573 1191 causa,
1603 1159 1741 1183 verum

346 1217 465 1256 etiam
483 1215 657 1260 Caesaris‚
675 1228 723 1253 ne
739 1228 817 1267 qua
832 1228 879 1252 ex
896 1223 963 1252 tua
978 1213 1129 1251 summa
1145 1212 1381 1264 indignitate
1397 1213 1502 1250 labes
1520 1212 1628 1249 illius
1649 1212 1740 1263 dig-

348 1282 462 1321 nitati
483 1280 629 1334 aspersa
648 1280 837 1318 videatur.
862 1279 1042 1317 Primum
1064 1292 1210 1331 quaero,
1234 1292 1332 1316 num
1354 1286 1397 1315 tu
1418 1277 1567 1315 senatui
1587 1276 1742 1314 causam

347 1358 457 1387 tuam
477 1347 696 1400 permittas,
727 1346 834 1399 quod
855 1345 951 1384 facit
973 1345 1128 1384 Caesar?
1161 1344 1316 1389 deinde,
1349 1358 1434 1396 quae
1461 1344 1507 1381 s1t
1533 1343 1741 1381 auetoritas

347 1415 446 1468 ejus,
469 1413 539 1466 qui
560 1412 596 1451 se
616 1413 774 1451 alterius
797 1412 913 1457 fano,
932 1425 1011 1449 non
1032 1411 1113 1456 suo,
1137 1410 1348 1448 defendat?
1368 1409 1523 1454 deinde,
1544 1411 1743 1461 (erumpet

349 1480 455 1518 enim
477 1477 688 1531 aliquando
703 1492 751 1516 ex
768 1492 831 1516 me
846 1490 934 1515 vera
949 1490 1040 1522 vox,
1059 1485 1096 1514 et
1118 1475 1247 1514 dicam
1268 1476 1345 1514 fine
1366 1475 1615 1513 cunctatione
1636 1474 1743 1526 quod

350 1545 491 1595 sentio)
524 1545 551 1583 fi
575 1545 658 1597 jam
688 1544 902 1582 violentior
930 1543 1061 1595 aliqua
1084 1543 1125 1580 in
1148 1557 1187 1580 re
1209 1544 1258 1581 C.
1283 1541 1408 1580 Caesar
1427 1541 1572 1586 fuiffet,
1605 1541 1630 1578 fi
1652 1554 1744 1578 eum

350 1611 583 1666 magnitudo
603 1611 885 1656 contentionis,
917 1609 1089 1647 studium
1110 1609 1258 1661 gloriae,
1281 1608 1461 1661 praestans
1481 1608 1651 1652 animm,
1673 1621 1744 1645 ex-

350 1679 495 1717 cellens
519 1677 720 1722 nobilitas,
751 1677 886 1729 aliquo
907 1674 1136 1728 impulisset,
1169 1674 1276 1727 quod
1305 1674 1347 1712 in
1378 1673 1449 1712 illo
1479 1673 1563 1711 viro
1592 1683 1631 1711 et
1660 1681 1745 1711 tum

351 1744 557 1783 ferendum
578 1743 683 1788 effet,
715 1752 754 1780 et
783 1742 966 1780 maximis
997 1742 1127 1785 rebus,
1159 1754 1253 1792 quas
1284 1740 1413 1792 postea
1441 1740 1566 1792 geffit,
1597 1739 1744 1778 oblite—

352 1810 539 1855 randum,
563 1808 602 1846 id
624 1817 667 1845 tu
689 1807 778 1852 tibi,
797 1806 974 1850 furcifer,
994 1806 1135 1850 sumeS,
1153 1815 1191 1843 et
1207 1805 1359 1842 Vatinii
1380 1805 1542 1842 latronis
1563 1819 1606 1842 ac
1628 1805 1745 1842 sacri-

352 1876 430 1928 legi
462 1870 538 1913 vox
570 1873 763 1918 audietur,
795 1871 872 1910 hoc
905 1871 1151 1924 postulantiS,
1184 1879 1228 1908 ut
1258 1869 1363 1908 idem
1394 1869 1463 1907 fibi
1494 1869 1745 1915 concedatur,

353 1941 461 1995 quod
482 1939 621 1979 Caesari
641 1940 653 1977 ?
1009 1943 1012 1946 '

409 2008 505 2046 VII.
539 2007 601 2044 Sic
623 2006 729 2043 enim
750 2019 797 2043 ex
820 2014 856 2043 te
878 2018 1023 2057 quaero.
1048 2003 1254 2042 Tribunus
1276 2003 1402 2056 plebis
1424 2002 1557 2041 fuisti:
1591 2002 1748 2054 sejunge

355 2085 393 2114 te
413 2087 434 2111 a
454 2072 634 2111 consule:
668 2072 837 2124 collegas
859 2070 1027 2108 habuisti
1048 2071 1150 2108 viros
1171 2069 1292 2108 fortes
1315 2083 1470 2107 novem.
1503 2070 1566 2107 Ex
1587 2067 1650 2106 his
1673 2078 1747 2106 tres

355 2149 478 2185 erant,
501 2152 600 2191 quos
623 2148 665 2176 tu
687 2138 864 2191 quotidie
886 2137 1029 2175 sciebas
1052 2136 1195 2174 servare
1217 2135 1263 2173 de
1285 2136 1395 2180 caelo,
1424 2148 1522 2187 quos
1545 2134 1747 2179 irridebas,

357 2219 456 2259 quos
478 2205 647 2257 privatos
669 2203 740 2242 effe
761 2203 940 2241 dicebas:
959 2202 1005 2240 de
1023 2202 1167 2255 quibus
1190 2201 1286 2238 duos
1308 2209 1556 2253 praetextatos
1575 2199 1747 2237 sedentes

357 2272 479 2317 vides,
510 2280 547 2309 te
567 2269 770 2308 aedilitiam
790 2278 1018 2322 praetextam
1040 2278 1188 2320 togam,
1211 2281 1329 2319 quam
1350 2266 1490 2305 frustra
1509 2265 1748 2311 confeceras,

358 2336 569 2377 vendidisse
587 2352 596 2375 :
630 2337 792 2374 tertium
813 2336 885 2374 scis
907 2349 953 2374 ex
976 2335 1046 2372 illo
1067 2334 1212 2372 obseffo
1231 2344 1349 2386 atque
1373 2333 1518 2371 afflieto
1547 2333 1750 2371 tribunatu

359 2403 601 2442 consularem
641 2403 912 2440 au&0ritate111
947 2400 1153 2438 hominem
1188 2399 1259 2437 effe
1292 2399 1579 2437 adolescentem
1613 2398 1749 2439 conse-

361 2479 527 2508 cutum:
561 2468 702 2521 reliqui
736 2467 797 2505 sex
830 2466 1018 2505 fuerunt:
1051 2480 1098 2505 ex
1131 2465 1276 2519 quibus
1304 2466 1448 2518 partim
1477 2464 1590 2517 plane
1619 2472 1752 2501 tecum
