2076 2860
648 173 1350 224 FRAGMENTA.
1620 202 1700 243 479

360 274 408 314 In
429 287 510 328 quo
529 287 623 314 cum
642 277 771 316 multa
790 278 1020 332 reprehensa
1042 281 1132 329 sint,
1164 292 1252 323 tum
1280 285 1322 325 in
1351 286 1492 340 primis
1523 290 1700 332 celeritas

303 341 483 381 aelionis.

358 407 506 446 Petivit
526 416 657 448 tamen
685 424 706 449 a
736 425 800 450 me
819 423 984 465 praetore
1002 416 1178 457 maxima
1205 419 1501 469 contestatione,
1533 432 1578 463 ut
1606 438 1701 465 cau-

301 472 384 513 sam
403 473 568 514 Manilii
590 475 856 518 defenderem.

679 622 888 662 VERsu
936 637 966 662 A
1012 626 1046 665 Ι.
1092 639 1323 668 Dccccx.

629 730 741 771 Dicit
770 731 812 772 de
839 733 950 773 eodem
978 735 1135 775 Manilii
1158 736 1368 778 tribunatu.

357 817 482 863 Nam,
513 829 608 855 cum
637 818 669 856 is
691 818 900 859 Tribunus
924 821 1052 874 plebis
1074 822 1168 861 duas
1188 824 1294 877 leges
1316 825 1462 865 tulisset
1483 828 1524 867 in
1545 843 1591 869 eo
1612 844 1698 870 ma-

300 883 478 936 gistratu,
502 896 622 921 unam
642 884 916 936 perniciosam,
939 888 1101 927 alteram
1121 891 1317 943 egregiam
1333 911 1344 937 ;
1374 894 1482 946 quod
1502 895 1699 938 summam

301 948 593 1002 rempublicam
614 949 723 996 laefit‚
754 951 796 989 id
826 953 874 990 ab
906 953 990 1006 ipso
1023 955 1185 994 tribuno
1211 957 1408 1011 abjectum
1429 960 1496 1000 est.
1541 963 1700 1004 Bonum

299 1024 450 1062 autem,
480 1016 588 1068 quod
608 1016 762 1054 summa
782 1019 986 1070 republica
1005 1030 1153 1068 manet,
1184 1022 1225 1060 id
1246 1033 1354 1063 extra
1373 1026 1554 1068 ordinem
1574 1029 1668 1071 fuit.

620 1106 731 1146 Dicit
748 1106 790 1146 de
806 1107 1000 1163 dgsturbato
1008 1109 1144 1162 judicio
1163 1113 1383 1154 Maniliano.

299 1193 405 1231 Aliis
426 1193 494 1231 ille
515 1193 557 1231 in
587 1192 705 1232 illum
734 1193 910 1234 furorem
940 1199 1094 1250 magnis
1115 1198 1348 1240 hominibus
1371 1204 1596 1244 audioribus
1617 1207 1697 1246 im-

299 1258 435 1311 pulsus
457 1258 524 1304 est,
556 1260 626 1312 qui
647 1260 808 1312 aliquod
834 1261 985 1300 institui
1015 1265 1247 1317 exemplum
1268 1267 1611 1310 disturbandorum
1628 1274 1698 1325 ju-

299 1325 499 1364 diciorum
532 1326 914 1378 perniciofiffimum‚
947 1331 1192 1383 temporibus
1229 1332 1306 1372 suis
1341 1338 1698 1378 accommodatiffi-

300 1405 429 1438 mum,
460 1392 558 1431 meis
580 1393 858 1433 alieniffimum
880 1396 1113 1443 rationibus,
1145 1398 1373 1451 cupierunt.

715 1527 914 1568 Vmsu
963 1543 1120 1570 c1Rc.
1170 1544 1281 1571 CXI.

354 1634 512 1674 Poffum
533 1635 675 1682 dicere,
706 1636 914 1677 hominem
936 1639 1088 1679 summa
1107 1641 1316 1694 prudentia
1336 1644 1485 1684 clarum
1515 1647 1566 1687 C.
1590 1649 1693 1689 Cot-

299 1710 382 1740 tam
404 1701 451 1740 de
471 1701 549 1742 suis
569 1703 725 1756 legibus
746 1705 980 1758 abrogandis
1000 1707 1132 1760 ipsum
1152 1708 1199 1746 ad
1218 1708 1395 1749 senatum
1416 1713 1604 1754 retulisse.

819 1841 1175 1890 SEQU1TUR.

355 1947 515 1986 Possum
547 1957 586 1986 et
616 1948 790 2001 ejusdem
819 1950 948 1989 Cottae
975 1952 1105 2004 legem
1133 1952 1179 1991 de
1195 1953 1359 2006 judiciis
1383 1957 1562 2009 privatis,
1592 1973 1699 2001 anno

299 2013 507 2067 postquam
527 2014 604 2053 lata
624 2015 684 2061 fit,
716 2029 737 2054 a
755 2015 874 2054 fratre
895 2018 978 2069 ejus
999 2018 1242 2071 abrogatam.

859 2150 1136 2192 STATIM.

356 2257 507 2310 Legem
542 2257 743 2297 Liciniam
776 2270 815 2298 et
849 2261 1032 2301 Muciam
1067 2263 1115 2302 de
1148 2264 1302 2304 civibus
1333 2268 1543 2320 regundis,
1574 2285 1695 2324 quam

297 2323 380 2362 duo
413 2323 589 2362 consules
623 2325 819 2372 omnium,
853 2341 950 2381 quos
983 2329 1171 2376 vidimus,
1203 2332 1471 2384 sapientiffimi
1503 2337 1692 2383 tuliffent,

299 2390 414 2428 video
446 2391 617 2429 constare
650 2392 751 2430 inter
783 2407 934 2441 omnes,
966 2409 1046 2435 non
1078 2397 1199 2436 modo
1229 2399 1431 2447 inutilem,
1463 2402 1526 2440 sed
1558 2404 1692 2455 perni-

297 2457 460 2505 ciosam,
492 2458 719 2510 reipublicae
740 2458 864 2500 fuiffe.
