2076 2860
461 197 507 224 10
779 179 857 218 IN
914 179 980 218 M.
1042 179 1468 220 ANTONIUM

429 200 448 238 3

426 286 617 325 invidiam
637 297 749 323 voces
763 313 773 329 ,
807 282 910 321 nihil
932 282 978 320 de
1000 282 1095 320 belli
1115 296 1256 335 genere
1277 284 1422 323 dicam.
1458 284 1595 322 Victor
1614 298 1635 323 e
1657 283 1822 324 Thefl‘ae

428 353 480 390 lia
501 350 765 391 Brundufium
786 362 880 387 cum
900 348 1126 400 legionibus
1144 349 1352 388 revertisti:
1377 350 1434 388 ibi
1451 364 1514 388 me
1530 364 1609 388 non
1627 351 1821 390 occidisti.

427 420 626 470 Magnum
648 415 887 453 beneficium
905 430 914 453 τ
947 414 1113 467 potuiffe
1134 416 1241 453 enim
1262 415 1399 454 fateor.
1434 419 1674 470 Qanquam
1704 430 1823 456 nemo

426 494 506 522 erat
526 497 689 527 eorum,
721 483 791 534 qui
813 491 909 519 tunc
930 490 1064 519 tecum
1091 480 1278 526 fuerunt,
1310 483 1380 534 qui
1410 482 1512 520 mihi
1541 496 1621 521 non
1651 484 1825 522 censeret

426 551 532 603 parci
553 558 747 602 oportere.
780 549 911 586 Tanta
931 548 1039 585 enim
1060 546 1114 584 est
1134 548 1271 585 caritas
1294 549 1427 600 patriae
1442 578 1453 593 ‚
1485 558 1530 586 ut
1549 549 1681 587 vestris
1703 550 1823 588 etiam

425 617 651 670 legionibus
674 616 823 654 sanctus
845 615 960 653 effem
976 644 986 659 ‚
1020 614 1127 666 quod
1147 628 1233 652 eam
1253 628 1274 652 a
1293 629 1356 653 me
1378 615 1564 654 servatam
1584 616 1656 654 effe
1677 617 1822 655 memi-

426 684 581 722 niffent.
615 683 688 721 Sed
709 682 770 720 fac
791 682 831 720 id
854 691 890 720 te
912 681 1053 719 dedisse
1075 680 1191 726 mihi,
1214 681 1321 734 quod
1341 696 1421 720 non
1444 682 1619 721 ademisti
1637 702 1648 728 ;
1681 696 1825 737 meque

425 765 446 788 a
466 760 504 788 te
524 749 667 788 habere
688 750 809 787 vitam
824 779 835 794 ,
867 749 960 801 quia
980 762 1001 785 a
1022 757 1058 785 te
1081 762 1157 785 non
1182 748 1226 786 fit
1247 758 1378 801 erepta
1396 764 1404 786 :
1438 749 1604 787 licuitne
1626 749 1728 787 mihi
1755 763 1824 802 per

423 827 510 856 tuas
532 816 794 855 contumelias
815 814 892 853 hoc
914 814 1152 853 beneficium
1176 815 1225 852 fic
1248 816 1369 860 tueri,
1402 825 1446 854 ut
1469 817 1631 861 tuebar3
1664 816 1823 869 praeser-

427 886 500 923 tim
522 898 615 922 cum
637 893 674 921 te
695 882 778 921 haec
799 882 1029 920 auditurum
1050 881 1199 919 videres
1219 883 1232 919 ἓ

484 951 619 990 XXV.
652 948 805 987 Venisti
837 948 1128 994 Brundusium,
1162 949 1202 986 in
1234 949 1361 987 finum
1391 950 1554 1003 quidem
1579 959 1617 988 et
1647 950 1687 988 in
1710 963 1822 988 com-

422 1017 590 1071 plexum
611 1025 687 1054 tuae
704 1015 895 1053 mimulae.
920 1015 1030 1066 Qid
1051 1014 1130 1052 est?
1154 1029 1251 1052 num
1274 1017 1471 1053 mentior?
1494 1030 1614 1068 quam
1634 1015 1824 1054 miserum

425 1084 479 1121 est
499 1083 539 1121 id
561 1096 699 1135 negare
721 1096 799 1120 non
821 1081 925 1135 poffe
940 1111 950 1126 ,
983 1081 1091 1134 quod
1118 1081 1162 1119 slt
1184 1081 1450 1133 turpiffimum
1472 1082 1653 1120 confiteri
1673 1082 1680 1119 !
1715 1082 1754 1119 Si
1785 1091 1823 1121 te

426 1150 741 1202 municipiorum
773 1162 852 1187 non
884 1147 1085 1201 pudebat3
1120 1161 1167 1185 ne
1199 1149 1369 1185 veterani
1402 1148 1563 1200 quidem
1593 1148 1821 1187 exercitus?

426 1217 530 1268 Qis
551 1216 659 1254 enim
680 1215 794 1253 miles
816 1214 916 1259 fuit,
948 1215 1016 1266 qui
1040 1213 1248 1251 Brundufii
1270 1214 1380 1251 illam
1405 1228 1482 1251 non
1503 1214 1645 1252 viderit
1664 1215 1677 1251 ?
1710 1215 1821 1266 quis,

426 1284 496 1336 qui
530 1282 709 1320 nescierit
739 1281 881 1320 venisse
912 1294 997 1318 eam
1030 1280 1105 1317 tibi
1139 1288 1198 1317 tot
1230 1279 1384 1317 dierum
1414 1280 1517 1317 viam
1547 1279 1821 1332 gratulatum?

426 1350 531 1401 quis,
555 1349 625 1402 qui
646 1362 725 1386 non
747 1347 977 1391 indoluerit,
1004 1355 1085 1384 tam
1107 1345 1188 1383 sero
1209 1345 1259 1390 se,
1283 1359 1402 1398 quam
1424 1359 1594 1399 nequam
1615 1344 1824 1385 hominem

428 1416 580 1455 iecutus
602 1415 706 1460 effet,
737 1414 973 1467 cognoscere
996 1413 1009 1451 ?

484 1482 605 1521 Italia:
623 1482 750 1520 rursus
768 1480 1020 1534 percursatio,
1039 1480 1174 1518 eadem
1191 1479 1338 1517 comite
1354 1479 1497 1517 mima:
1522 1480 1562 1517 in
1580 1480 1727 1533 oppida
1741 1479 1824 1518 mi·

425 1550 546 1588 litum
566 1549 736 1587 crudelis
758 1557 796 1586 et
818 1547 956 1586 misera
976 1547 1181 1585 deductio:
1207 1547 1247 1584 in
1270 1547 1367 1584 urbe
1387 1547 1485 1591 auri,
1508 1547 1675 1599 argenti,
1694 1547 1824 1586 maxi-

425 1630 568 1668 meque
588 1616 685 1660 vini,
718 1614 823 1653 foeda
844 1614 1027 1667 direptio.
1073 1613 1256 1657 Acceffit‚
1290 1622 1347 1657 ut,
1381 1612 1528 1650 Caesare
1549 1613 1698 1664 ignaro,
1731 1626 1826 1651 cum

426 1682 495 1720 ille
515 1682 606 1719 effet
627 1681 876 1719 Alexandriae
891 1710 901 1725 ‚
935 1679 1129 1718 beneficio
1149 1680 1368 1717 amicorum
1395 1680 1478 1731 ejus
1506 1678 1688 1731 magister
1708 1679 1823 1732 equi-

425 1758 515 1786 tum
536 1747 852 1786 constitueretur.
886 1748 997 1784 Tum
1019 1745 1255 1784 existimavit
1276 1745 1312 1782 se
1340 1744 1407 1782 suo
1428 1746 1519 1796 jure
1548 1759 1641 1783 cum
1672 1745 1826 1798 Hippia

425 1814 581 1858 vivere,
613 1822 651 1851 et
683 1827 804 1865 equos
837 1812 1044 1863 vectigales
1079 1812 1213 1862 Sergio
1246 1811 1373 1848 mimo
1402 1811 1566 1849 tradere.
1611 1812 1723 1849 Tum
1752 1811 1825 1848 fibi

427 1893 507 1919 non
526 1870 630 1917 ‚hanc
646 1907 656 1924 ,
689 1892 808 1930 quam
829 1891 935 1915 nunc
957 1876 1059 1914 male
1081 1886 1213 1913 tuetur
1228 1906 1238 1921 ‚
1271 1876 1334 1913 sed
1365 1876 1428 1913 M.
1455 1877 1605 1914 Pisonis
1628 1876 1793 1914 domum
1809 1905 1821 1922 ,

426 1946 498 1984 ubi
518 1944 726 1989 habitaret,
759 1944 918 1995 legerat.
957 1942 1068 1993 Qid
1088 1956 1161 1994 ego
1183 1942 1290 1979 istius
1313 1942 1491 1986 decreta,
1524 1941 1620 1994 quid
1643 1942 1794 1995 rapinas
1810 1971 1822 1988 ,

425 2011 525 2065 quid
546 2010 809 2049 hereditatum
831 2009 1074 2063 poffeffiones
1095 2008 1201 2046 datas
1217 2038 1227 2053 ,
1261 2008 1357 2060 quid
1384 2017 1533 2060 ereptas
1550 2038 1560 2053 ‚
1593 2007 1789 2060 proferam
1808 2009 1822 2046 ?

427 2078 608 2131 Cogebat
639 2077 810 2129 egestas:
842 2089 922 2128 quo
954 2075 990 2113 se
1022 2083 1187 2112 verteret
1220 2087 1298 2112 non
1330 2073 1513 2113 habebat.
1561 2074 1757 2113 Nondum
1788 2075 1825 2113 ei

425 2154 536 2185 tanta
555 2158 576 2182 a
596 2145 645 2182 L.
666 2143 836 2188 Rubrio,
860 2156 938 2180 non
960 2155 981 2179 a
1001 2142 1050 2180 L.
1068 2141 1266 2186 Turselio,
1289 2140 1482 2179 hereditas
1505 2150 1685 2180 venerat:
1719 2155 1823 2180 non-

426 2212 525 2251 dum
546 2211 586 2250 in
610 2212 687 2249 Cn.
713 2210 894 2263 Pompeii
914 2209 1050 2246 locum
1066 2238 1076 2254 ‚
1108 2208 1409 2261 multorumque
1433 2208 1602 2246 aliorum
1618 2237 1628 2254 ‚
1661 2209 1731 2261 qui
1751 2208 1822 2246 ab-

423 2288 563 2325 erant,
595 2277 823 2331 repentinus
855 2275 966 2314 heres
999 2275 1250 2314 successerat:
1283 2285 1362 2313 erat
1392 2276 1427 2313 ei
1457 2275 1672 2314 vivendum
1699 2275 1821 2314 latro-

428 2359 527 2386 num
548 2346 643 2391 ritu,
674 2353 719 2382 ut
741 2353 897 2383 tantum
916 2342 1092 2387 haberet,
1124 2350 1320 2395 quantum
1341 2356 1473 2395 rapere
1493 2342 1691 2395 potuiffet.

486 2411 561 2451 Sed
590 2410 701 2457 haec,
732 2424 818 2464 quae
851 2409 1080 2448 robustioris
1112 2408 1378 2461 improbitatis
1412 2409 1527 2454 sunt,
1559 2408 1819 2446 omittamus:

425 2479 641 2534 loquamur
678 2477 811 2534 potius
851 2475 898 2516 de
937 2474 1171 2529 nequiffimo
1209 2488 1350 2528 genere
1388 2474 1575 2514 levitatis.
1625 2475 1694 2512 Tu
1741 2472 1822 2510 istis
