<?xml version="1.0" encoding="UTF-8"?>
<!DOCTYPE html PUBLIC "-//W3C//DTD XHTML 1.0 Transitional//EN"
    "http://www.w3.org/TR/xhtml1/DTD/xhtml1-transitional.dtd">
<html xmlns="http://www.w3.org/1999/xhtml" xml:lang="en" lang="en">
 <head>
  <title>
</title>
<meta http-equiv="Content-Type" content="text/html;charset=utf-8" />
  <meta name='ocr-system' content='tesseract 3.04.00' />
  <meta name='ocr-capabilities' content='ocr_page ocr_carea ocr_par ocr_line ocrx_word'/>
</head>
<body>
  <div class='ocr_page' id='page_1' title='image "./operacumindicibu06ciceuoft_0399.png"; bbox 0 0 2076 2860; ppageno 0'>
   <div class='ocr_carea' id='block_1_1' title="bbox 625 163 1704 215">
    <p class='ocr_par' dir='ltr' id='par_1_1' title="bbox 625 163 1704 215">
     <span class='ocr_line' id='line_1_1' title="bbox 625 163 1704 215; baseline -0.001 -12"><span class='ocrx_word' id='word_1_1' title='bbox 625 163 1199 203; x_wconf 87' lang='lat' dir='ltr'>PHILIPPICA</span> <span class='ocrx_word' id='word_1_2' title='bbox 1273 163 1389 201; x_wconf 89' lang='lat' dir='ltr'><strong>VIII.</strong></span> <span class='ocrx_word' id='word_1_3' title='bbox 1629 163 1704 215; x_wconf 77' lang='lat'>389</span> 
     </span>
    </p>
   </div>
   <div class='ocr_carea' id='block_1_2' title="bbox 311 264 1717 2426">
    <p class='ocr_par' dir='ltr' id='par_1_2' title="bbox 311 264 1708 712">
     <span class='ocr_line' id='line_1_2' title="bbox 311 264 1703 318; baseline -0.001 -15"><span class='ocrx_word' id='word_1_4' title='bbox 311 264 560 318; x_wconf 81' lang='lat' dir='ltr'>polliceatur.</span> <span class='ocrx_word' id='word_1_5' title='bbox 595 265 705 317; x_wconf 82' lang='lat' dir='ltr'>Qid</span> <span class='ocrx_word' id='word_1_6' title='bbox 728 266 825 302; x_wconf 81' lang='lat' dir='ltr'>nos?</span> <span class='ocrx_word' id='word_1_7' title='bbox 849 278 946 302; x_wconf 89' lang='lat' dir='ltr'>num</span> <span class='ocrx_word' id='word_1_8' title='bbox 968 264 1064 317; x_wconf 91' lang='lat' dir='ltr'>quid</span> <span class='ocrx_word' id='word_1_9' title='bbox 1088 265 1162 302; x_wconf 85' lang='lat' dir='ltr'>tale</span> <span class='ocrx_word' id='word_1_10' title='bbox 1182 264 1402 302; x_wconf 87' lang='lat' dir='ltr'>habemus?</span> <span class='ocrx_word' id='word_1_11' title='bbox 1426 265 1496 303; x_wconf 92' lang='lat' dir='ltr'>Dii</span> <span class='ocrx_word' id='word_1_12' title='bbox 1519 264 1703 302; x_wconf 79' lang='lat' dir='ltr'>meliora:</span> 
     </span>
     <span class='ocr_line' id='line_1_3' title="bbox 312 329 1707 383; baseline -0.001 -15"><span class='ocrx_word' id='word_1_13' title='bbox 312 330 355 368; x_wconf 88' lang='lat' dir='ltr'>id</span> <span class='ocrx_word' id='word_1_14' title='bbox 386 331 494 368; x_wconf 90' lang='lat' dir='ltr'>enim</span> <span class='ocrx_word' id='word_1_15' title='bbox 524 330 652 383; x_wconf 88' lang='lat' dir='ltr'>ipsum</span> <span class='ocrx_word' id='word_1_16' title='bbox 683 330 851 382; x_wconf 71' lang='lat' dir='ltr'>agimu5‚</span> <span class='ocrx_word' id='word_1_17' title='bbox 885 343 932 366; x_wconf 90' lang='lat' dir='ltr'>ne</span> <span class='ocrx_word' id='word_1_18' title='bbox 960 330 1048 382; x_wconf 84' lang='lat' dir='ltr'>quis</span> <span class='ocrx_word' id='word_1_19' title='bbox 1076 329 1236 382; x_wconf 88' lang='lat' dir='ltr'>posthac</span> <span class='ocrx_word' id='word_1_20' title='bbox 1263 330 1456 382; x_wconf 88' lang='lat' dir='ltr'>ejusmodi</span> <span class='ocrx_word' id='word_1_21' title='bbox 1489 330 1707 382; x_wconf 81' lang='lat' dir='ltr'>quidquam</span> 
     </span>
     <span class='ocr_line' id='line_1_4' title="bbox 312 394 1705 448; baseline 0.001 -16"><span class='ocrx_word' id='word_1_22' title='bbox 312 395 427 448; x_wconf 84' lang='lat' dir='ltr'>poffit</span> <span class='ocrx_word' id='word_1_23' title='bbox 448 396 642 448; x_wconf 88' lang='lat' dir='ltr'>polliceri.</span> <span class='ocrx_word' id='word_1_24' title='bbox 677 396 830 433; x_wconf 87' lang='lat' dir='ltr'>Invitus</span> <span class='ocrx_word' id='word_1_25' title='bbox 853 394 957 440; x_wconf 89' lang='lat' dir='ltr'>dico,</span> <span class='ocrx_word' id='word_1_26' title='bbox 980 394 1043 432; x_wconf 91' lang='lat' dir='ltr'>sed</span> <span class='ocrx_word' id='word_1_27' title='bbox 1064 395 1278 433; x_wconf 83' lang='lat' dir='ltr'>dicendum</span> <span class='ocrx_word' id='word_1_28' title='bbox 1299 395 1366 433; x_wconf 88' lang='lat' dir='ltr'>est.</span> <span class='ocrx_word' id='word_1_29' title='bbox 1391 395 1511 433; x_wconf 87' lang='lat' dir='ltr'>Hasta</span> <span class='ocrx_word' id='word_1_30' title='bbox 1533 395 1705 440; x_wconf 63' lang='lat' dir='ltr'>Caesaris,</span> 
     </span>
     <span class='ocr_line' id='line_1_5' title="bbox 314 461 1706 514; baseline 0.002 -16"><span class='ocrx_word' id='word_1_31' title='bbox 314 461 447 500; x_wconf 91' lang='lat' dir='ltr'>Patres</span> <span class='ocrx_word' id='word_1_32' title='bbox 469 461 698 514; x_wconf 83' lang='lat' dir='ltr'>conscripti,</span> <span class='ocrx_word' id='word_1_33' title='bbox 721 461 860 499; x_wconf 86' lang='lat' dir='ltr'>multis</span> <span class='ocrx_word' id='word_1_34' title='bbox 882 461 1075 514; x_wconf 86' lang='lat' dir='ltr'>improbis</span> <span class='ocrx_word' id='word_1_35' title='bbox 1097 471 1135 499; x_wconf 89' lang='lat' dir='ltr'>et</span> <span class='ocrx_word' id='word_1_36' title='bbox 1157 461 1264 514; x_wconf 89' lang='lat' dir='ltr'>spem</span> <span class='ocrx_word' id='word_1_37' title='bbox 1285 461 1411 507; x_wconf 82' lang='lat' dir='ltr'>affert,</span> <span class='ocrx_word' id='word_1_38' title='bbox 1430 471 1468 500; x_wconf 92' lang='lat' dir='ltr'>et</span> <span class='ocrx_word' id='word_1_39' title='bbox 1489 462 1706 502; x_wconf 84' lang='lat' dir='ltr'>audaciam.</span> 
     </span>
     <span class='ocr_line' id='line_1_6' title="bbox 314 527 1708 581; baseline 0.002 -17"><span class='ocrx_word' id='word_1_40' title='bbox 314 527 512 566; x_wconf 88' lang='lat' dir='ltr'>Viderunt</span> <span class='ocrx_word' id='word_1_41' title='bbox 542 529 649 566; x_wconf 86' lang='lat' dir='ltr'>enim</span> <span class='ocrx_word' id='word_1_42' title='bbox 679 542 727 566; x_wconf 81' lang='lat' dir='ltr'>ex</span> <span class='ocrx_word' id='word_1_43' title='bbox 757 527 950 565; x_wconf 86' lang='lat' dir='ltr'>mendicis</span> <span class='ocrx_word' id='word_1_44' title='bbox 972 528 1054 566; x_wconf 88' lang='lat' dir='ltr'>fieri</span> <span class='ocrx_word' id='word_1_45' title='bbox 1086 538 1243 581; x_wconf 88' lang='lat' dir='ltr'>repente</span> <span class='ocrx_word' id='word_1_46' title='bbox 1265 528 1433 567; x_wconf 90' lang='lat' dir='ltr'>divites:</span> <span class='ocrx_word' id='word_1_47' title='bbox 1466 529 1599 581; x_wconf 89' lang='lat' dir='ltr'>itaque</span> <span class='ocrx_word' id='word_1_48' title='bbox 1620 528 1708 567; x_wconf 87' lang='lat' dir='ltr'>has-</span> 
     </span>
     <span class='ocr_line' id='line_1_7' title="bbox 314 593 1708 646; baseline 0.002 -15"><span class='ocrx_word' id='word_1_49' title='bbox 314 601 397 631; x_wconf 86' lang='lat' dir='ltr'>tam</span> <span class='ocrx_word' id='word_1_50' title='bbox 427 593 578 646; x_wconf 87' lang='lat' dir='ltr'>semper</span> <span class='ocrx_word' id='word_1_51' title='bbox 606 593 736 631; x_wconf 88' lang='lat' dir='ltr'>videre</span> <span class='ocrx_word' id='word_1_52' title='bbox 767 594 937 646; x_wconf 88' lang='lat' dir='ltr'>cupiunt</span> <span class='ocrx_word' id='word_1_53' title='bbox 969 594 1012 639; x_wconf 87' lang='lat' dir='ltr'>ii,</span> <span class='ocrx_word' id='word_1_54' title='bbox 1045 594 1114 646; x_wconf 91' lang='lat' dir='ltr'>qui</span> <span class='ocrx_word' id='word_1_55' title='bbox 1146 594 1284 632; x_wconf 87' lang='lat' dir='ltr'>nostris</span> <span class='ocrx_word' id='word_1_56' title='bbox 1318 594 1432 632; x_wconf 82' lang='lat' dir='ltr'>bonis</span> <span class='ocrx_word' id='word_1_57' title='bbox 1465 595 1708 642; x_wconf 85' lang='lat' dir='ltr'>imminent;</span> 
     </span>
     <span class='ocr_line' id='line_1_8' title="bbox 313 659 1084 712; baseline 0 -15"><span class='ocrx_word' id='word_1_58' title='bbox 313 659 461 712; x_wconf 84' lang='lat' dir='ltr'>quibus</span> <span class='ocrx_word' id='word_1_59' title='bbox 482 660 616 697; x_wconf 88' lang='lat' dir='ltr'>omnia</span> <span class='ocrx_word' id='word_1_60' title='bbox 635 659 848 712; x_wconf 90' lang='lat' dir='ltr'>pollicetur</span> <span class='ocrx_word' id='word_1_61' title='bbox 868 660 1084 698; x_wconf 74' lang='lat' dir='ltr'>AntonIus.</span> 
     </span>
    </p>

    <p class='ocr_par' dir='ltr' id='par_1_3' title="bbox 313 724 1712 1238">
     <span class='ocr_line' id='line_1_9' title="bbox 368 724 1709 777; baseline 0.002 -16"><span class='ocrx_word' id='word_1_62' title='bbox 368 724 483 776; x_wconf 33' lang='lat' dir='ltr'>‘Qid</span> <span class='ocrx_word' id='word_1_63' title='bbox 505 738 574 762; x_wconf 87' lang='lat' dir='ltr'>nos</span> <span class='ocrx_word' id='word_1_64' title='bbox 592 725 605 761; x_wconf 91' lang='lat'>?</span> <span class='ocrx_word' id='word_1_65' title='bbox 638 724 776 762; x_wconf 85' lang='lat' dir='ltr'>nostris</span> <span class='ocrx_word' id='word_1_66' title='bbox 797 724 1035 762; x_wconf 81' lang='lat' dir='ltr'>exercitibus</span> <span class='ocrx_word' id='word_1_67' title='bbox 1058 724 1155 777; x_wconf 90' lang='lat' dir='ltr'>quid</span> <span class='ocrx_word' id='word_1_68' title='bbox 1175 724 1440 776; x_wconf 87' lang='lat' dir='ltr'>pollicemur?</span> <span class='ocrx_word' id='word_1_69' title='bbox 1474 725 1603 764; x_wconf 90' lang='lat' dir='ltr'>multo</span> <span class='ocrx_word' id='word_1_70' title='bbox 1624 741 1709 764; x_wconf 81' lang='lat' dir='ltr'>me-</span> 
     </span>
     <span class='ocr_line' id='line_1_10' title="bbox 317 790 1709 844; baseline 0.001 -16"><span class='ocrx_word' id='word_1_71' title='bbox 317 790 429 835; x_wconf 87' lang='lat' dir='ltr'>liora,</span> <span class='ocrx_word' id='word_1_72' title='bbox 461 800 576 843; x_wconf 89' lang='lat' dir='ltr'>atque</span> <span class='ocrx_word' id='word_1_73' title='bbox 597 791 756 842; x_wconf 81' lang='lat' dir='ltr'>majora.</span> <span class='ocrx_word' id='word_1_74' title='bbox 795 790 994 828; x_wconf 83' lang='lat' dir='ltr'>Scelerum</span> <span class='ocrx_word' id='word_1_75' title='bbox 1015 791 1122 827; x_wconf 89' lang='lat' dir='ltr'>enim</span> <span class='ocrx_word' id='word_1_76' title='bbox 1144 790 1344 842; x_wconf 85' lang='lat' dir='ltr'>promiffio</span> <span class='ocrx_word' id='word_1_77' title='bbox 1374 800 1412 828; x_wconf 92' lang='lat' dir='ltr'>et</span> <span class='ocrx_word' id='word_1_78' title='bbox 1444 791 1507 835; x_wconf 80' lang='lat' dir='ltr'>iis,</span> <span class='ocrx_word' id='word_1_79' title='bbox 1541 793 1610 844; x_wconf 90' lang='lat' dir='ltr'>qui</span> <span class='ocrx_word' id='word_1_80' title='bbox 1640 807 1709 830; x_wconf 78' lang='lat' dir='ltr'>ex-</span> 
     </span>
     <span class='ocr_line' id='line_1_11' title="bbox 315 855 1709 908; baseline 0.002 -15"><span class='ocrx_word' id='word_1_81' title='bbox 315 858 487 908; x_wconf 68' lang='lat' dir='ltr'>pe&amp;ant,</span> <span class='ocrx_word' id='word_1_82' title='bbox 506 856 721 908; x_wconf 88' lang='lat' dir='ltr'>perniciosa</span> <span class='ocrx_word' id='word_1_83' title='bbox 741 855 814 900; x_wconf 89' lang='lat' dir='ltr'>est;</span> <span class='ocrx_word' id='word_1_84' title='bbox 837 865 875 894; x_wconf 90' lang='lat' dir='ltr'>et</span> <span class='ocrx_word' id='word_1_85' title='bbox 897 856 959 901; x_wconf 83' lang='lat' dir='ltr'>iis,</span> <span class='ocrx_word' id='word_1_86' title='bbox 978 856 1047 908; x_wconf 90' lang='lat' dir='ltr'>qui</span> <span class='ocrx_word' id='word_1_87' title='bbox 1068 856 1326 908; x_wconf 90' lang='lat' dir='ltr'>promittunt.</span> <span class='ocrx_word' id='word_1_88' title='bbox 1360 858 1446 895; x_wconf 84' lang='lat' dir='ltr'>Nos</span> <span class='ocrx_word' id='word_1_89' title='bbox 1469 857 1607 895; x_wconf 86' lang='lat' dir='ltr'>nostris</span> <span class='ocrx_word' id='word_1_90' title='bbox 1631 859 1709 896; x_wconf 90' lang='lat' dir='ltr'>mi-</span> 
     </span>
     <span class='ocr_line' id='line_1_12' title="bbox 317 921 1708 974; baseline 0.002 -16"><span class='ocrx_word' id='word_1_91' title='bbox 317 921 457 959; x_wconf 88' lang='lat' dir='ltr'>litibus</span> <span class='ocrx_word' id='word_1_92' title='bbox 479 921 717 966; x_wconf 84' lang='lat' dir='ltr'>libertatem,</span> <span class='ocrx_word' id='word_1_93' title='bbox 741 922 844 973; x_wconf 88' lang='lat' dir='ltr'>jura,</span> <span class='ocrx_word' id='word_1_94' title='bbox 877 921 996 974; x_wconf 83' lang='lat' dir='ltr'>leges,</span> <span class='ocrx_word' id='word_1_95' title='bbox 1023 921 1189 973; x_wconf 87' lang='lat' dir='ltr'>judicia,</span> <span class='ocrx_word' id='word_1_96' title='bbox 1221 923 1436 974; x_wconf 89' lang='lat' dir='ltr'>imperium</span> <span class='ocrx_word' id='word_1_97' title='bbox 1458 923 1563 960; x_wconf 86' lang='lat' dir='ltr'>orbis</span> <span class='ocrx_word' id='word_1_98' title='bbox 1586 932 1708 970; x_wconf 84' lang='lat' dir='ltr'>terrae‚</span> 
     </span>
     <span class='ocr_line' id='line_1_13' title="bbox 313 986 1711 1043; baseline 0.003 -19"><span class='ocrx_word' id='word_1_99' title='bbox 313 986 575 1039; x_wconf 86' lang='lat' dir='ltr'>dignitatem,</span> <span class='ocrx_word' id='word_1_100' title='bbox 607 1001 768 1039; x_wconf 90' lang='lat' dir='ltr'>pacem,</span> <span class='ocrx_word' id='word_1_101' title='bbox 801 987 930 1025; x_wconf 89' lang='lat' dir='ltr'>otium</span> <span class='ocrx_word' id='word_1_102' title='bbox 959 987 1211 1039; x_wconf 86' lang='lat' dir='ltr'>pollicemur.</span> <span class='ocrx_word' id='word_1_103' title='bbox 1257 989 1426 1026; x_wconf 89' lang='lat' dir='ltr'>Antonii</span> <span class='ocrx_word' id='word_1_104' title='bbox 1461 990 1584 1041; x_wconf 84' lang='lat' dir='ltr'>igitur</span> <span class='ocrx_word' id='word_1_105' title='bbox 1618 1004 1711 1043; x_wconf 89' lang='lat' dir='ltr'>pro-</span> 
     </span>
     <span class='ocr_line' id='line_1_14' title="bbox 317 1052 1712 1107; baseline 0.003 -17"><span class='ocrx_word' id='word_1_106' title='bbox 317 1052 428 1090; x_wconf 83' lang='lat' dir='ltr'>miffa</span> <span class='ocrx_word' id='word_1_107' title='bbox 447 1062 622 1097; x_wconf 88' lang='lat' dir='ltr'>cruenta,</span> <span class='ocrx_word' id='word_1_108' title='bbox 656 1061 766 1097; x_wconf 90' lang='lat' dir='ltr'>tetra,</span> <span class='ocrx_word' id='word_1_109' title='bbox 800 1052 994 1098; x_wconf 86' lang='lat' dir='ltr'>scelerata,</span> <span class='ocrx_word' id='word_1_110' title='bbox 1028 1054 1117 1091; x_wconf 87' lang='lat' dir='ltr'>Diis</span> <span class='ocrx_word' id='word_1_111' title='bbox 1140 1053 1450 1107; x_wconf 87' lang='lat' dir='ltr'>hominibusque</span> <span class='ocrx_word' id='word_1_112' title='bbox 1472 1055 1607 1101; x_wconf 85' lang='lat' dir='ltr'>invisa,</span> <span class='ocrx_word' id='word_1_113' title='bbox 1641 1070 1712 1095; x_wconf 90' lang='lat' dir='ltr'>nec</span> 
     </span>
     <span class='ocr_line' id='line_1_15' title="bbox 313 1117 1711 1175; baseline 0.004 -20"><span class='ocrx_word' id='word_1_114' title='bbox 313 1117 517 1164; x_wconf 87' lang='lat' dir='ltr'>diuturna,</span> <span class='ocrx_word' id='word_1_115' title='bbox 550 1132 621 1156; x_wconf 89' lang='lat' dir='ltr'>nec</span> <span class='ocrx_word' id='word_1_116' title='bbox 654 1118 858 1156; x_wconf 86' lang='lat' dir='ltr'>salutaria:</span> <span class='ocrx_word' id='word_1_117' title='bbox 891 1118 1018 1156; x_wconf 87' lang='lat' dir='ltr'>nostra</span> <span class='ocrx_word' id='word_1_118' title='bbox 1050 1129 1186 1157; x_wconf 87' lang='lat' dir='ltr'>contra</span> <span class='ocrx_word' id='word_1_119' title='bbox 1219 1119 1392 1166; x_wconf 86' lang='lat' dir='ltr'>honesta,</span> <span class='ocrx_word' id='word_1_120' title='bbox 1425 1121 1590 1174; x_wconf 86' lang='lat' dir='ltr'>integra,</span> <span class='ocrx_word' id='word_1_121' title='bbox 1623 1123 1711 1175; x_wconf 84' lang='lat' dir='ltr'>glo-</span> 
     </span>
     <span class='ocr_line' id='line_1_16' title="bbox 319 1184 1100 1238; baseline 0.003 -17"><span class='ocrx_word' id='word_1_122' title='bbox 319 1184 433 1229; x_wconf 75' lang='lat' dir='ltr'>riosa,</span> <span class='ocrx_word' id='word_1_123' title='bbox 466 1185 580 1236; x_wconf 88' lang='lat' dir='ltr'>plena</span> <span class='ocrx_word' id='word_1_124' title='bbox 600 1184 761 1229; x_wconf 68' lang='lat' dir='ltr'>laetitiae,</span> <span class='ocrx_word' id='word_1_125' title='bbox 793 1184 909 1236; x_wconf 89' lang='lat' dir='ltr'>plena</span> <span class='ocrx_word' id='word_1_126' title='bbox 929 1184 1100 1238; x_wconf 86' lang='lat' dir='ltr'>pietatis.</span> 
     </span>
    </p>

    <p class='ocr_par' dir='ltr' id='par_1_4' title="bbox 318 1249 1717 2426">
     <span class='ocr_line' id='line_1_17' title="bbox 375 1249 1712 1302; baseline 0.004 -15"><span class='ocrx_word' id='word_1_127' title='bbox 375 1251 448 1288; x_wconf 93' lang='lat' dir='ltr'>IV.</span> <span class='ocrx_word' id='word_1_128' title='bbox 474 1251 556 1288; x_wconf 89' lang='lat' dir='ltr'>Hic</span> <span class='ocrx_word' id='word_1_129' title='bbox 578 1249 679 1288; x_wconf 86' lang='lat' dir='ltr'>mihi</span> <span class='ocrx_word' id='word_1_130' title='bbox 699 1251 819 1288; x_wconf 82' lang='lat' dir='ltr'>etiam</span> <span class='ocrx_word' id='word_1_131' title='bbox 836 1251 1060 1302; x_wconf 75' lang='lat' dir='ltr'>QFufius,</span> <span class='ocrx_word' id='word_1_132' title='bbox 1079 1252 1138 1289; x_wconf 87' lang='lat' dir='ltr'>vir</span> <span class='ocrx_word' id='word_1_133' title='bbox 1157 1250 1272 1290; x_wconf 85' lang='lat' dir='ltr'>fortis</span> <span class='ocrx_word' id='word_1_134' title='bbox 1289 1266 1332 1291; x_wconf 88' lang='lat' dir='ltr'>ac</span> <span class='ocrx_word' id='word_1_135' title='bbox 1353 1253 1544 1298; x_wconf 86' lang='lat' dir='ltr'>strenuus,</span> <span class='ocrx_word' id='word_1_136' title='bbox 1563 1255 1712 1292; x_wconf 76' lang='lat' dir='ltr'>amicus</span> 
     </span>
     <span class='ocr_line' id='line_1_18' title="bbox 318 1316 1715 1369; baseline 0.004 -16"><span class='ocrx_word' id='word_1_137' title='bbox 318 1330 447 1361; x_wconf 88' lang='lat' dir='ltr'>meus,</span> <span class='ocrx_word' id='word_1_138' title='bbox 480 1316 586 1368; x_wconf 83' lang='lat' dir='ltr'>pacis</span> <span class='ocrx_word' id='word_1_139' title='bbox 608 1316 818 1353; x_wconf 86' lang='lat' dir='ltr'>commoda</span> <span class='ocrx_word' id='word_1_140' title='bbox 838 1326 1138 1355; x_wconf 88' lang='lat' dir='ltr'>commemorat.</span> <span class='ocrx_word' id='word_1_141' title='bbox 1181 1319 1299 1369; x_wconf 84' lang='lat' dir='ltr'>Qafi</span> <span class='ocrx_word' id='word_1_142' title='bbox 1330 1333 1435 1364; x_wconf 91' lang='lat' dir='ltr'>vero,</span> <span class='ocrx_word' id='word_1_143' title='bbox 1468 1320 1493 1357; x_wconf 87' lang='lat' dir='ltr'>fi</span> <span class='ocrx_word' id='word_1_144' title='bbox 1524 1320 1715 1358; x_wconf 77' lang='lat' dir='ltr'>laudanda</span> 
     </span>
     <span class='ocr_line' id='line_1_19' title="bbox 320 1381 1711 1436; baseline 0.003 -17"><span class='ocrx_word' id='word_1_145' title='bbox 320 1396 396 1435; x_wconf 84' lang='lat' dir='ltr'>pax</span> <span class='ocrx_word' id='word_1_146' title='bbox 417 1381 522 1427; x_wconf 78' lang='lat' dir='ltr'>esset,</span> <span class='ocrx_word' id='word_1_147' title='bbox 554 1395 626 1433; x_wconf 86' lang='lat' dir='ltr'>ego</span> <span class='ocrx_word' id='word_1_148' title='bbox 659 1381 699 1419; x_wconf 92' lang='lat' dir='ltr'>id</span> <span class='ocrx_word' id='word_1_149' title='bbox 732 1395 839 1433; x_wconf 82' lang='lat' dir='ltr'>aeque</span> <span class='ocrx_word' id='word_1_150' title='bbox 871 1382 1081 1419; x_wconf 89' lang='lat' dir='ltr'>commode</span> <span class='ocrx_word' id='word_1_151' title='bbox 1112 1381 1237 1421; x_wconf 89' lang='lat' dir='ltr'>facere</span> <span class='ocrx_word' id='word_1_152' title='bbox 1271 1397 1349 1421; x_wconf 88' lang='lat' dir='ltr'>non</span> <span class='ocrx_word' id='word_1_153' title='bbox 1382 1384 1542 1436; x_wconf 72' lang='lat' dir='ltr'>possem.</span> <span class='ocrx_word' id='word_1_154' title='bbox 1586 1387 1711 1423; x_wconf 85' lang='lat' dir='ltr'>Semel</span> 
     </span>
     <span class='ocr_line' id='line_1_20' title="bbox 319 1447 1713 1503; baseline 0.003 -17"><span class='ocrx_word' id='word_1_155' title='bbox 319 1448 428 1486; x_wconf 91' lang='lat' dir='ltr'>enim</span> <span class='ocrx_word' id='word_1_156' title='bbox 450 1461 587 1500; x_wconf 88' lang='lat' dir='ltr'>pacem</span> <span class='ocrx_word' id='word_1_157' title='bbox 609 1447 766 1485; x_wconf 88' lang='lat' dir='ltr'>defendi</span> <span class='ocrx_word' id='word_1_158' title='bbox 787 1463 794 1485; x_wconf 93' lang='lat'>:</span> <span class='ocrx_word' id='word_1_159' title='bbox 829 1461 907 1485; x_wconf 92' lang='lat' dir='ltr'>non</span> <span class='ocrx_word' id='word_1_160' title='bbox 930 1449 1080 1500; x_wconf 88' lang='lat' dir='ltr'>semper</span> <span class='ocrx_word' id='word_1_161' title='bbox 1100 1449 1183 1486; x_wconf 92' lang='lat' dir='ltr'>otio</span> <span class='ocrx_word' id='word_1_162' title='bbox 1204 1449 1358 1488; x_wconf 89' lang='lat' dir='ltr'>studui:</span> <span class='ocrx_word' id='word_1_163' title='bbox 1383 1451 1489 1503; x_wconf 89' lang='lat' dir='ltr'>quod</span> <span class='ocrx_word' id='word_1_164' title='bbox 1511 1466 1602 1490; x_wconf 90' lang='lat' dir='ltr'>cum</span> <span class='ocrx_word' id='word_1_165' title='bbox 1625 1466 1713 1490; x_wconf 81' lang='lat' dir='ltr'>om-</span> 
     </span>
     <span class='ocr_line' id='line_1_21' title="bbox 318 1513 1713 1567; baseline 0.002 -15"><span class='ocrx_word' id='word_1_166' title='bbox 318 1514 439 1553; x_wconf 85' lang='lat' dir='ltr'>nibus</span> <span class='ocrx_word' id='word_1_167' title='bbox 463 1514 576 1551; x_wconf 86' lang='lat' dir='ltr'>bonis</span> <span class='ocrx_word' id='word_1_168' title='bbox 608 1514 706 1551; x_wconf 89' lang='lat' dir='ltr'>utile</span> <span class='ocrx_word' id='word_1_169' title='bbox 735 1513 802 1558; x_wconf 90' lang='lat' dir='ltr'>est,</span> <span class='ocrx_word' id='word_1_170' title='bbox 837 1523 921 1551; x_wconf 89' lang='lat' dir='ltr'>tum</span> <span class='ocrx_word' id='word_1_171' title='bbox 952 1515 1148 1566; x_wconf 85' lang='lat' dir='ltr'>praecipue</span> <span class='ocrx_word' id='word_1_172' title='bbox 1178 1514 1294 1553; x_wconf 85' lang='lat' dir='ltr'>mihi.</span> <span class='ocrx_word' id='word_1_173' title='bbox 1338 1518 1471 1567; x_wconf 85' lang='lat' dir='ltr'>Qem</span> <span class='ocrx_word' id='word_1_174' title='bbox 1492 1518 1599 1555; x_wconf 88' lang='lat' dir='ltr'>enim</span> <span class='ocrx_word' id='word_1_175' title='bbox 1622 1532 1713 1555; x_wconf 90' lang='lat' dir='ltr'>cur-</span> 
     </span>
     <span class='ocr_line' id='line_1_22' title="bbox 322 1579 1715 1632; baseline 0.001 -13"><span class='ocrx_word' id='word_1_176' title='bbox 322 1580 409 1619; x_wconf 88' lang='lat' dir='ltr'>sum</span> <span class='ocrx_word' id='word_1_177' title='bbox 437 1579 623 1617; x_wconf 84' lang='lat' dir='ltr'>industria</span> <span class='ocrx_word' id='word_1_178' title='bbox 644 1594 730 1618; x_wconf 82' lang='lat' dir='ltr'>mea</span> <span class='ocrx_word' id='word_1_179' title='bbox 752 1590 880 1618; x_wconf 87' lang='lat' dir='ltr'>tenere</span> <span class='ocrx_word' id='word_1_180' title='bbox 902 1580 1099 1632; x_wconf 78' lang='lat' dir='ltr'>potuisset,</span> <span class='ocrx_word' id='word_1_181' title='bbox 1132 1581 1209 1618; x_wconf 87' lang='lat' dir='ltr'>fine</span> <span class='ocrx_word' id='word_1_182' title='bbox 1231 1581 1447 1620; x_wconf 81' lang='lat' dir='ltr'>forensibus</span> <span class='ocrx_word' id='word_1_183' title='bbox 1470 1584 1604 1628; x_wconf 88' lang='lat' dir='ltr'>caufis,</span> <span class='ocrx_word' id='word_1_184' title='bbox 1639 1585 1715 1621; x_wconf 80' lang='lat' dir='ltr'>sine</span> 
     </span>
     <span class='ocr_line' id='line_1_23' title="bbox 322 1646 1713 1701; baseline 0.001 -16"><span class='ocrx_word' id='word_1_185' title='bbox 322 1646 493 1699; x_wconf 88' lang='lat' dir='ltr'>legibus,</span> <span class='ocrx_word' id='word_1_186' title='bbox 526 1646 603 1683; x_wconf 90' lang='lat' dir='ltr'>fine</span> <span class='ocrx_word' id='word_1_187' title='bbox 627 1646 791 1698; x_wconf 83' lang='lat' dir='ltr'>judiciis</span> <span class='ocrx_word' id='word_1_188' title='bbox 811 1647 824 1684; x_wconf 90' lang='lat'>?</span> <span class='ocrx_word' id='word_1_189' title='bbox 857 1660 942 1698; x_wconf 81' lang='lat' dir='ltr'>quae</span> <span class='ocrx_word' id='word_1_190' title='bbox 963 1647 1035 1684; x_wconf 86' lang='lat' dir='ltr'>effe</span> <span class='ocrx_word' id='word_1_191' title='bbox 1056 1660 1134 1684; x_wconf 89' lang='lat' dir='ltr'>non</span> <span class='ocrx_word' id='word_1_192' title='bbox 1155 1647 1327 1699; x_wconf 72' lang='lat' dir='ltr'>possunt,</span> <span class='ocrx_word' id='word_1_193' title='bbox 1359 1649 1468 1686; x_wconf 89' lang='lat' dir='ltr'>civili</span> <span class='ocrx_word' id='word_1_194' title='bbox 1497 1649 1713 1701; x_wconf 82' lang='lat' dir='ltr'>pacesub-</span> 
     </span>
     <span class='ocr_line' id='line_1_24' title="bbox 322 1711 1713 1766; baseline 0.003 -17"><span class='ocrx_word' id='word_1_195' title='bbox 322 1712 414 1750; x_wconf 88' lang='lat' dir='ltr'>lata.</span> <span class='ocrx_word' id='word_1_196' title='bbox 457 1711 529 1749; x_wconf 91' lang='lat' dir='ltr'>Sed</span> <span class='ocrx_word' id='word_1_197' title='bbox 550 1712 692 1763; x_wconf 87' lang='lat' dir='ltr'>quaeso,</span> <span class='ocrx_word' id='word_1_198' title='bbox 726 1712 884 1757; x_wconf 88' lang='lat' dir='ltr'>Calene,</span> <span class='ocrx_word' id='word_1_199' title='bbox 918 1712 1047 1764; x_wconf 89' lang='lat' dir='ltr'>quid?</span> <span class='ocrx_word' id='word_1_200' title='bbox 1080 1722 1122 1750; x_wconf 90' lang='lat' dir='ltr'>tu</span> <span class='ocrx_word' id='word_1_201' title='bbox 1153 1713 1379 1752; x_wconf 90' lang='lat' dir='ltr'>servitutem</span> <span class='ocrx_word' id='word_1_202' title='bbox 1410 1727 1547 1766; x_wconf 82' lang='lat' dir='ltr'>pacem</span> <span class='ocrx_word' id='word_1_203' title='bbox 1567 1717 1713 1753; x_wconf 87' lang='lat' dir='ltr'>vocas?</span> 
     </span>
     <span class='ocr_line' id='line_1_25' title="bbox 324 1777 1717 1830; baseline 0.003 -15"><span class='ocrx_word' id='word_1_204' title='bbox 324 1778 497 1830; x_wconf 86' lang='lat' dir='ltr'>Majores</span> <span class='ocrx_word' id='word_1_205' title='bbox 518 1778 681 1829; x_wconf 86' lang='lat' dir='ltr'>quidem</span> <span class='ocrx_word' id='word_1_206' title='bbox 702 1777 835 1822; x_wconf 87' lang='lat' dir='ltr'>nostri,</span> <span class='ocrx_word' id='word_1_207' title='bbox 868 1791 946 1815; x_wconf 89' lang='lat' dir='ltr'>non</span> <span class='ocrx_word' id='word_1_208' title='bbox 977 1778 1097 1816; x_wconf 87' lang='lat' dir='ltr'>modo</span> <span class='ocrx_word' id='word_1_209' title='bbox 1127 1788 1171 1816; x_wconf 92' lang='lat' dir='ltr'>ut</span> <span class='ocrx_word' id='word_1_210' title='bbox 1200 1779 1315 1816; x_wconf 90' lang='lat' dir='ltr'>liberi</span> <span class='ocrx_word' id='word_1_211' title='bbox 1345 1779 1478 1824; x_wconf 84' lang='lat' dir='ltr'>effent,</span> <span class='ocrx_word' id='word_1_212' title='bbox 1511 1780 1575 1818; x_wconf 90' lang='lat' dir='ltr'>sed</span> <span class='ocrx_word' id='word_1_213' title='bbox 1598 1781 1717 1819; x_wconf 87' lang='lat' dir='ltr'>etiam</span> 
     </span>
     <span class='ocr_line' id='line_1_26' title="bbox 326 1844 1715 1898; baseline 0.002 -16"><span class='ocrx_word' id='word_1_214' title='bbox 326 1853 370 1882; x_wconf 92' lang='lat' dir='ltr'>ut</span> <span class='ocrx_word' id='word_1_215' title='bbox 390 1844 643 1896; x_wconf 87' lang='lat' dir='ltr'>imperarent,</span> <span class='ocrx_word' id='word_1_216' title='bbox 675 1857 780 1881; x_wconf 87' lang='lat' dir='ltr'>arma</span> <span class='ocrx_word' id='word_1_217' title='bbox 800 1844 1007 1896; x_wconf 85' lang='lat' dir='ltr'>capiebant</span> <span class='ocrx_word' id='word_1_218' title='bbox 1027 1859 1035 1882; x_wconf 74' lang='grc' dir='ltr'>ε</span> <span class='ocrx_word' id='word_1_219' title='bbox 1068 1853 1105 1882; x_wconf 89' lang='lat' dir='ltr'>at</span> <span class='ocrx_word' id='word_1_220' title='bbox 1133 1854 1177 1882; x_wconf 89' lang='lat' dir='ltr'>tu</span> <span class='ocrx_word' id='word_1_221' title='bbox 1204 1858 1310 1883; x_wconf 88' lang='lat' dir='ltr'>arma</span> <span class='ocrx_word' id='word_1_222' title='bbox 1329 1845 1550 1898; x_wconf 84' lang='lat' dir='ltr'>abjicienda</span> <span class='ocrx_word' id='word_1_223' title='bbox 1569 1847 1715 1892; x_wconf 85' lang='lat' dir='ltr'>censes,</span> 
     </span>
     <span class='ocr_line' id='line_1_27' title="bbox 325 1909 1716 1964; baseline 0.002 -16"><span class='ocrx_word' id='word_1_224' title='bbox 325 1918 370 1948; x_wconf 90' lang='lat' dir='ltr'>ut</span> <span class='ocrx_word' id='word_1_225' title='bbox 389 1909 615 1948; x_wconf 85' lang='lat' dir='ltr'>serviamus.</span> <span class='ocrx_word' id='word_1_226' title='bbox 654 1911 753 1961; x_wconf 81' lang='lat' dir='ltr'>Qae</span> <span class='ocrx_word' id='word_1_227' title='bbox 774 1909 884 1947; x_wconf 87' lang='lat' dir='ltr'>causa</span> <span class='ocrx_word' id='word_1_228' title='bbox 898 1910 1040 1962; x_wconf 87' lang='lat' dir='ltr'>justior</span> <span class='ocrx_word' id='word_1_229' title='bbox 1060 1910 1114 1948; x_wconf 90' lang='lat' dir='ltr'>est</span> <span class='ocrx_word' id='word_1_230' title='bbox 1135 1910 1230 1948; x_wconf 91' lang='lat' dir='ltr'>belli</span> <span class='ocrx_word' id='word_1_231' title='bbox 1251 1911 1426 1963; x_wconf 86' lang='lat' dir='ltr'>gerendi,</span> <span class='ocrx_word' id='word_1_232' title='bbox 1457 1925 1577 1964; x_wconf 89' lang='lat' dir='ltr'>quam</span> <span class='ocrx_word' id='word_1_233' title='bbox 1598 1913 1716 1951; x_wconf 90' lang='lat' dir='ltr'>servi-</span> 
     </span>
     <span class='ocr_line' id='line_1_28' title="bbox 322 1975 1716 2029; baseline 0.002 -15"><span class='ocrx_word' id='word_1_234' title='bbox 322 1975 422 2014; x_wconf 73' lang='lat' dir='ltr'>tutis</span> <span class='ocrx_word' id='word_1_235' title='bbox 444 1975 619 2028; x_wconf 88' lang='lat' dir='ltr'>depulfio</span> <span class='ocrx_word' id='word_1_236' title='bbox 638 1977 651 2013; x_wconf 89' lang='lat'>?</span> <span class='ocrx_word' id='word_1_237' title='bbox 683 1977 724 2014; x_wconf 93' lang='lat' dir='ltr'>in</span> <span class='ocrx_word' id='word_1_238' title='bbox 746 1989 823 2029; x_wconf 85' lang='lat' dir='ltr'>qua</span> <span class='ocrx_word' id='word_1_239' title='bbox 843 1976 962 2014; x_wconf 89' lang='lat' dir='ltr'>etiam</span> <span class='ocrx_word' id='word_1_240' title='bbox 984 1977 1009 2014; x_wconf 87' lang='lat' dir='ltr'><strong>fi</strong></span> <span class='ocrx_word' id='word_1_241' title='bbox 1032 1990 1110 2014; x_wconf 88' lang='lat' dir='ltr'>non</span> <span class='ocrx_word' id='word_1_242' title='bbox 1133 1977 1178 2014; x_wconf 89' lang='lat' dir='ltr'>fit</span> <span class='ocrx_word' id='word_1_243' title='bbox 1202 1977 1387 2015; x_wconf 86' lang='lat' dir='ltr'>molestus</span> <span class='ocrx_word' id='word_1_244' title='bbox 1409 1977 1623 2025; x_wconf 79' lang='lat' dir='ltr'>dominus3</span> <span class='ocrx_word' id='word_1_245' title='bbox 1657 1988 1716 2018; x_wconf 86' lang='lat' dir='ltr'>ta-</span> 
     </span>
     <span class='ocr_line' id='line_1_29' title="bbox 322 2041 1714 2097; baseline 0.004 -19"><span class='ocrx_word' id='word_1_246' title='bbox 322 2054 416 2079; x_wconf 90' lang='lat' dir='ltr'>men</span> <span class='ocrx_word' id='word_1_247' title='bbox 436 2041 491 2078; x_wconf 91' lang='lat' dir='ltr'>est</span> <span class='ocrx_word' id='word_1_248' title='bbox 511 2041 791 2086; x_wconf 90' lang='lat' dir='ltr'>miserrimum,</span> <span class='ocrx_word' id='word_1_249' title='bbox 823 2041 941 2093; x_wconf 82' lang='lat' dir='ltr'>poffe,</span> <span class='ocrx_word' id='word_1_250' title='bbox 973 2041 999 2078; x_wconf 88' lang='lat' dir='ltr'>fi</span> <span class='ocrx_word' id='word_1_251' title='bbox 1020 2041 1130 2080; x_wconf 73' lang='lat' dir='ltr'>velit,</span> <span class='ocrx_word' id='word_1_252' title='bbox 1177 2043 1310 2081; x_wconf 89' lang='lat' dir='ltr'>Immo</span> <span class='ocrx_word' id='word_1_253' title='bbox 1336 2043 1419 2081; x_wconf 81' lang='lat' dir='ltr'>aliae</span> <span class='ocrx_word' id='word_1_254' title='bbox 1440 2044 1560 2083; x_wconf 82' lang='lat' dir='ltr'>causae</span> <span class='ocrx_word' id='word_1_255' title='bbox 1574 2045 1714 2097; x_wconf 84' lang='lat' dir='ltr'>justae;</span> 
     </span>
     <span class='ocr_line' id='line_1_30' title="bbox 325 2104 1714 2163; baseline 0.004 -20"><span class='ocrx_word' id='word_1_256' title='bbox 325 2104 410 2144; x_wconf 84' lang='lat' dir='ltr'>haec</span> <span class='ocrx_word' id='word_1_257' title='bbox 431 2106 635 2145; x_wconf 75' lang='lat' dir='ltr'>necessaria</span> <span class='ocrx_word' id='word_1_258' title='bbox 654 2106 720 2144; x_wconf 90' lang='lat' dir='ltr'>est.</span> <span class='ocrx_word' id='word_1_259' title='bbox 764 2107 851 2145; x_wconf 84' lang='lat' dir='ltr'>Nifi</span> <span class='ocrx_word' id='word_1_260' title='bbox 881 2106 983 2145; x_wconf 86' lang='lat' dir='ltr'>forte</span> <span class='ocrx_word' id='word_1_261' title='bbox 1009 2107 1056 2144; x_wconf 91' lang='lat' dir='ltr'>ad</span> <span class='ocrx_word' id='word_1_262' title='bbox 1087 2117 1124 2145; x_wconf 92' lang='lat' dir='ltr'>te</span> <span class='ocrx_word' id='word_1_263' title='bbox 1150 2107 1227 2146; x_wconf 90' lang='lat' dir='ltr'>hoc</span> <span class='ocrx_word' id='word_1_264' title='bbox 1256 2122 1334 2147; x_wconf 91' lang='lat' dir='ltr'>non</span> <span class='ocrx_word' id='word_1_265' title='bbox 1362 2118 1474 2161; x_wconf 84' lang='lat' dir='ltr'>putas</span> <span class='ocrx_word' id='word_1_266' title='bbox 1506 2111 1714 2163; x_wconf 91' lang='lat' dir='ltr'>pertinere,</span> 
     </span>
     <span class='ocr_line' id='line_1_31' title="bbox 326 2170 1715 2228; baseline 0.005 -20"><span class='ocrx_word' id='word_1_267' title='bbox 326 2170 434 2223; x_wconf 91' lang='lat' dir='ltr'>quod</span> <span class='ocrx_word' id='word_1_268' title='bbox 455 2180 492 2209; x_wconf 87' lang='lat' dir='ltr'>te</span> <span class='ocrx_word' id='word_1_269' title='bbox 513 2171 663 2210; x_wconf 86' lang='lat' dir='ltr'>socium</span> <span class='ocrx_word' id='word_1_270' title='bbox 684 2170 768 2209; x_wconf 87' lang='lat' dir='ltr'>fore</span> <span class='ocrx_word' id='word_1_271' title='bbox 788 2172 912 2224; x_wconf 88' lang='lat' dir='ltr'>speras</span> <span class='ocrx_word' id='word_1_272' title='bbox 934 2173 1216 2213; x_wconf 88' lang='lat' dir='ltr'>dominationis</span> <span class='ocrx_word' id='word_1_273' title='bbox 1238 2176 1423 2214; x_wconf 88' lang='lat' dir='ltr'>Antonii.</span> <span class='ocrx_word' id='word_1_274' title='bbox 1468 2177 1516 2214; x_wconf 89' lang='lat' dir='ltr'>In</span> <span class='ocrx_word' id='word_1_275' title='bbox 1546 2191 1625 2228; x_wconf 90' lang='lat' dir='ltr'>quo</span> <span class='ocrx_word' id='word_1_276' title='bbox 1656 2177 1715 2215; x_wconf 87' lang='lat' dir='ltr'>bis</span> 
     </span>
     <span class='ocr_line' id='line_1_32' title="bbox 325 2236 1714 2295; baseline 0.004 -20"><span class='ocrx_word' id='word_1_277' title='bbox 325 2236 467 2275; x_wconf 88' lang='lat' dir='ltr'>laberis</span> <span class='ocrx_word' id='word_1_278' title='bbox 487 2251 496 2274; x_wconf 78' lang='lat' dir='ltr'><em>z</em></span> <span class='ocrx_word' id='word_1_279' title='bbox 529 2237 720 2288; x_wconf 85' lang='lat' dir='ltr'>primum,</span> <span class='ocrx_word' id='word_1_280' title='bbox 753 2237 859 2290; x_wconf 92' lang='lat' dir='ltr'>quod</span> <span class='ocrx_word' id='word_1_281' title='bbox 881 2248 964 2276; x_wconf 89' lang='lat' dir='ltr'>tuas</span> <span class='ocrx_word' id='word_1_282' title='bbox 985 2239 1154 2278; x_wconf 88' lang='lat' dir='ltr'>rationes</span> <span class='ocrx_word' id='word_1_283' title='bbox 1177 2242 1459 2281; x_wconf 84' lang='lat' dir='ltr'>communibus</span> <span class='ocrx_word' id='word_1_284' title='bbox 1480 2243 1684 2295; x_wconf 86' lang='lat' dir='ltr'>anteponis</span> <span class='ocrx_word' id='word_1_285' title='bbox 1702 2262 1714 2288; x_wconf 86' lang='lat'>;</span> 
     </span>
     <span class='ocr_line' id='line_1_33' title="bbox 326 2302 1713 2360; baseline 0.006 -20"><span class='ocrx_word' id='word_1_286' title='bbox 326 2302 482 2348; x_wconf 89' lang='lat' dir='ltr'>deinde,</span> <span class='ocrx_word' id='word_1_287' title='bbox 500 2302 606 2354; x_wconf 90' lang='lat' dir='ltr'>quod</span> <span class='ocrx_word' id='word_1_288' title='bbox 628 2304 847 2356; x_wconf 87' lang='lat' dir='ltr'>quidquam</span> <span class='ocrx_word' id='word_1_289' title='bbox 867 2305 1002 2343; x_wconf 84' lang='lat' dir='ltr'>stabile</span> <span class='ocrx_word' id='word_1_290' title='bbox 1023 2307 1063 2344; x_wconf 90' lang='lat' dir='ltr'>in</span> <span class='ocrx_word' id='word_1_291' title='bbox 1086 2320 1222 2359; x_wconf 86' lang='lat' dir='ltr'>regno,</span> <span class='ocrx_word' id='word_1_292' title='bbox 1241 2316 1306 2346; x_wconf 89' lang='lat' dir='ltr'>aut</span> <span class='ocrx_word' id='word_1_293' title='bbox 1321 2308 1562 2359; x_wconf 89' lang='lat' dir='ltr'>jucundum,</span> <span class='ocrx_word' id='word_1_294' title='bbox 1585 2318 1713 2360; x_wconf 79' lang='lat' dir='ltr'>putaS.</span> 
     </span>
     <span class='ocr_line' id='line_1_34' title="bbox 326 2369 1301 2426; baseline 0.004 -18"><span class='ocrx_word' id='word_1_295' title='bbox 326 2369 440 2414; x_wconf 88' lang='lat' dir='ltr'>Non,</span> <span class='ocrx_word' id='word_1_296' title='bbox 472 2369 498 2406; x_wconf 90' lang='lat' dir='ltr'><strong>fi</strong></span> <span class='ocrx_word' id='word_1_297' title='bbox 520 2369 594 2406; x_wconf 86' lang='lat' dir='ltr'>tibi</span> <span class='ocrx_word' id='word_1_298' title='bbox 615 2379 725 2407; x_wconf 87' lang='lat' dir='ltr'>antea</span> <span class='ocrx_word' id='word_1_299' title='bbox 745 2370 910 2422; x_wconf 89' lang='lat' dir='ltr'>profuit,</span> <span class='ocrx_word' id='word_1_300' title='bbox 943 2372 1093 2425; x_wconf 90' lang='lat' dir='ltr'>semper</span> <span class='ocrx_word' id='word_1_301' title='bbox 1112 2373 1301 2426; x_wconf 85' lang='lat' dir='ltr'>proderit.</span> 
     </span>
    </p>
   </div>
   <div class='ocr_carea' id='block_1_3' title="bbox 381 2435 1717 2492">
    <p class='ocr_par' dir='ltr' id='par_1_5' title="bbox 381 2435 1717 2492">
     <span class='ocr_line' id='line_1_35' title="bbox 381 2435 1717 2492; baseline 0.005 -19"><span class='ocrx_word' id='word_1_302' title='bbox 381 2435 629 2490; x_wconf 81' lang='lat' dir='ltr'>.Qinetiarn‚</span> <span class='ocrx_word' id='word_1_303' title='bbox 662 2437 843 2483; x_wconf 88' lang='lat' dir='ltr'>memini,</span> <span class='ocrx_word' id='word_1_304' title='bbox 875 2437 921 2475; x_wconf 90' lang='lat' dir='ltr'>de</span> <span class='ocrx_word' id='word_1_305' title='bbox 942 2437 1012 2477; x_wconf 93' lang='lat' dir='ltr'>illo</span> <span class='ocrx_word' id='word_1_306' title='bbox 1033 2437 1196 2478; x_wconf 82' lang='lat' dir='ltr'>homine</span> <span class='ocrx_word' id='word_1_307' title='bbox 1216 2439 1327 2492; x_wconf 86' lang='lat' dir='ltr'>queri</span> <span class='ocrx_word' id='word_1_308' title='bbox 1349 2438 1523 2479; x_wconf 81' lang='lat' dir='ltr'>solebas:</span> <span class='ocrx_word' id='word_1_309' title='bbox 1555 2438 1650 2492; x_wconf 85' lang='lat' dir='ltr'>quid</span> <span class='ocrx_word' id='word_1_310' title='bbox 1678 2448 1717 2480; x_wconf 77' lang='lat' dir='ltr'>te</span> 
     </span>
    </p>
   </div>
  </div>
 </body>
</html>
