<?xml version="1.0" encoding="UTF-8"?>
<!DOCTYPE html PUBLIC "-//W3C//DTD XHTML 1.0 Transitional//EN"
    "http://www.w3.org/TR/xhtml1/DTD/xhtml1-transitional.dtd">
<html xmlns="http://www.w3.org/1999/xhtml" xml:lang="en" lang="en">
 <head>
  <title>
</title>
<meta http-equiv="Content-Type" content="text/html;charset=utf-8" />
  <meta name='ocr-system' content='tesseract 3.04.00' />
  <meta name='ocr-capabilities' content='ocr_page ocr_carea ocr_par ocr_line ocrx_word'/>
</head>
<body>
  <div class='ocr_page' id='page_1' title='image "./operacumindicibu06ciceuoft_0236.png"; bbox 0 0 2076 2860; ppageno 0'>
   <div class='ocr_carea' id='block_1_1' title="bbox 1058 436 1243 468">
    <p class='ocr_par' dir='ltr' id='par_1_1' title="bbox 1058 436 1243 468">
     <span class='ocr_line' id='line_1_1' title="bbox 1058 436 1243 468; baseline -0.005 0"><span class='ocrx_word' id='word_1_1' title='bbox 1058 436 1155 468; x_wconf 56' lang='grc' dir='ltr'>’Κ</span> <span class='ocrx_word' id='word_1_2' title='bbox 1211 436 1243 468; x_wconf 70' lang='lat' dir='ltr'><em>O</em></span> 
     </span>
    </p>
   </div>
   <div class='ocr_carea' id='block_1_2' title="bbox 477 645 1814 903">
    <p class='ocr_par' dir='ltr' id='par_1_2' title="bbox 477 645 1814 903">
     <span class='ocr_line' id='line_1_2' title="bbox 477 645 1814 717; baseline 0.004 -21"><span class='ocrx_word' id='word_1_3' title='bbox 477 646 540 701; x_wconf 49' lang='grc' dir='ltr'>ες.</span> <span class='ocrx_word' id='word_1_4' title='bbox 643 648 689 702; x_wconf 69' lang='grc' dir='ltr'>κ,</span> <span class='ocrx_word' id='word_1_5' title='bbox 736 647 770 686; x_wconf 49' lang='lat' dir='ltr'>*a</span> <span class='ocrx_word' id='word_1_6' title='bbox 816 646 859 700; x_wconf 63' lang='lat' dir='ltr'>r,</span> <span class='ocrx_word' id='word_1_7' title='bbox 894 646 915 700; x_wconf 69' lang='lat' dir='ltr'>i</span> <span class='ocrx_word' id='word_1_8' title='bbox 956 647 1009 701; x_wconf 36' lang='lat'>12.-</span> <span class='ocrx_word' id='word_1_9' title='bbox 1048 645 1067 701; x_wconf 69' lang='grc' dir='ltr'>ι</span> <span class='ocrx_word' id='word_1_10' title='bbox 1103 647 1157 701; x_wconf 84' lang='lat' dir='ltr'>o</span> <span class='ocrx_word' id='word_1_11' title='bbox 1250 646 1289 701; x_wconf 78' lang='lat' dir='ltr'>P</span> <span class='ocrx_word' id='word_1_12' title='bbox 1323 647 1377 701; x_wconf 88' lang='lat' dir='ltr'>o</span> <span class='ocrx_word' id='word_1_13' title='bbox 1411 646 1448 702; x_wconf 83' lang='lat' dir='ltr'>S</span> <span class='ocrx_word' id='word_1_14' title='bbox 1480 645 1538 717; x_wconf 80' lang='lat' dir='ltr'>T</span> <span class='ocrx_word' id='word_1_15' title='bbox 1572 646 1624 701; x_wconf 87' lang='lat' dir='ltr'>U</span> <span class='ocrx_word' id='word_1_16' title='bbox 1655 646 1814 703; x_wconf 84' lang='grc' dir='ltr'>ΜΟ</span> 
     </span>
     <span class='ocr_line' id='line_1_3' title="bbox 817 864 1471 903; baseline -0.002 -1"><span class='ocrx_word' id='word_1_17' title='bbox 817 865 852 902; x_wconf 87' lang='lat' dir='ltr'>O</span> <span class='ocrx_word' id='word_1_18' title='bbox 886 865 922 902; x_wconf 79' lang='lat' dir='ltr'>R</span> <span class='ocrx_word' id='word_1_19' title='bbox 953 865 1049 902; x_wconf 87' lang='lat' dir='ltr'>AT</span> <span class='ocrx_word' id='word_1_20' title='bbox 1082 866 1100 902; x_wconf 90' lang='grc' dir='ltr'>Ι</span> <span class='ocrx_word' id='word_1_21' title='bbox 1133 865 1169 903; x_wconf 89' lang='grc' dir='ltr'>Ο</span> <span class='ocrx_word' id='word_1_22' title='bbox 1248 864 1471 902; x_wconf 86' lang='lat' dir='ltr'>XXXIX.</span> 
     </span>
    </p>
   </div>
   <div class='ocr_carea' id='block_1_3' title="bbox 436 1061 1846 2583">
    <p class='ocr_par' dir='ltr' id='par_1_3' title="bbox 445 1061 1842 1116">
     <span class='ocr_line' id='line_1_4' title="bbox 445 1061 1842 1116; baseline 0 -14"><span class='ocrx_word' id='word_1_23' title='bbox 445 1063 477 1102; x_wconf 93' lang='grc' dir='ltr'>Ι.</span> <span class='ocrx_word' id='word_1_24' title='bbox 582 1064 599 1101; x_wconf 94' lang='grc' dir='ltr'>Ι</span> <span class='ocrx_word' id='word_1_25' title='bbox 622 1063 710 1116; x_wconf 86' lang='lat' dir='ltr'>quis</span> <span class='ocrx_word' id='word_1_26' title='bbox 733 1063 799 1108; x_wconf 87' lang='lat' dir='ltr'>est,</span> <span class='ocrx_word' id='word_1_27' title='bbox 822 1063 999 1114; x_wconf 85' lang='lat' dir='ltr'>Judices,</span> <span class='ocrx_word' id='word_1_28' title='bbox 1023 1062 1093 1116; x_wconf 87' lang='lat' dir='ltr'>qui</span> <span class='ocrx_word' id='word_1_29' title='bbox 1116 1063 1164 1101; x_wconf 87' lang='lat' dir='ltr'>C.</span> <span class='ocrx_word' id='word_1_30' title='bbox 1185 1062 1410 1107; x_wconf 81' lang='lat' dir='ltr'>Rabirium,</span> <span class='ocrx_word' id='word_1_31' title='bbox 1434 1061 1542 1114; x_wconf 91' lang='lat' dir='ltr'>quod</span> <span class='ocrx_word' id='word_1_32' title='bbox 1563 1062 1636 1101; x_wconf 83' lang='lat' dir='ltr'>suae</span> <span class='ocrx_word' id='word_1_33' title='bbox 1657 1061 1842 1108; x_wconf 86' lang='lat' dir='ltr'>fortunae‚</span> 
     </span>
    </p>

    <p class='ocr_par' dir='ltr' id='par_1_4' title="bbox 436 1127 1846 2583">
     <span class='ocr_line' id='line_1_5' title="bbox 597 1127 1842 1182; baseline 0 -15"><span class='ocrx_word' id='word_1_34' title='bbox 597 1128 777 1167; x_wconf 86' lang='lat' dir='ltr'>fundatas</span> <span class='ocrx_word' id='word_1_35' title='bbox 795 1129 1023 1182; x_wconf 84' lang='lat' dir='ltr'>praesertim,</span> <span class='ocrx_word' id='word_1_36' title='bbox 1041 1138 1158 1181; x_wconf 83' lang='lat' dir='ltr'>atque</span> <span class='ocrx_word' id='word_1_37' title='bbox 1175 1129 1326 1182; x_wconf 88' lang='lat' dir='ltr'>optime</span> <span class='ocrx_word' id='word_1_38' title='bbox 1340 1127 1586 1174; x_wconf 87' lang='lat' dir='ltr'>constitutas,</span> <span class='ocrx_word' id='word_1_39' title='bbox 1605 1142 1696 1181; x_wconf 88' lang='lat' dir='ltr'>opes</span> <span class='ocrx_word' id='word_1_40' title='bbox 1711 1129 1842 1182; x_wconf 89' lang='lat' dir='ltr'>potes-</span> 
     </span>
     <span class='ocr_line' id='line_1_6' title="bbox 444 1194 1843 1249; baseline 0 -15"><span class='ocrx_word' id='word_1_41' title='bbox 444 1196 513 1234; x_wconf 79' lang='lat' dir='ltr'>tati</span> <span class='ocrx_word' id='word_1_42' title='bbox 535 1197 649 1249; x_wconf 82' lang='lat' dir='ltr'>regiae</span> <span class='ocrx_word' id='word_1_43' title='bbox 670 1196 911 1249; x_wconf 84' lang='lat' dir='ltr'>libidinique</span> <span class='ocrx_word' id='word_1_44' title='bbox 932 1196 1189 1242; x_wconf 78' lang='lat' dir='ltr'>commiserit,</span> <span class='ocrx_word' id='word_1_45' title='bbox 1213 1194 1581 1248; x_wconf 87' lang='lat' dir='ltr'>reprehendendum</span> <span class='ocrx_word' id='word_1_46' title='bbox 1600 1206 1715 1248; x_wconf 90' lang='lat' dir='ltr'>putet</span> <span class='ocrx_word' id='word_1_47' title='bbox 1730 1215 1743 1242; x_wconf 69' lang='lat'>5</span> <span class='ocrx_word' id='word_1_48' title='bbox 1774 1196 1843 1234; x_wconf 82' lang='lat' dir='ltr'>ad-</span> 
     </span>
     <span class='ocr_line' id='line_1_7' title="bbox 443 1261 1844 1315; baseline 0 -15"><span class='ocrx_word' id='word_1_49' title='bbox 443 1262 585 1301; x_wconf 82' lang='lat' dir='ltr'>scribat</span> <span class='ocrx_word' id='word_1_50' title='bbox 605 1262 651 1300; x_wconf 88' lang='lat' dir='ltr'>ad</span> <span class='ocrx_word' id='word_1_51' title='bbox 667 1263 869 1315; x_wconf 86' lang='lat' dir='ltr'>judicium</span> <span class='ocrx_word' id='word_1_52' title='bbox 890 1263 1003 1301; x_wconf 88' lang='lat' dir='ltr'>suum</span> <span class='ocrx_word' id='word_1_53' title='bbox 1019 1292 1030 1308; x_wconf 91' lang='lat'><strong><em>,</em></strong></span> <span class='ocrx_word' id='word_1_54' title='bbox 1063 1276 1142 1300; x_wconf 87' lang='lat' dir='ltr'>non</span> <span class='ocrx_word' id='word_1_55' title='bbox 1163 1263 1283 1301; x_wconf 90' lang='lat' dir='ltr'>modo</span> <span class='ocrx_word' id='word_1_56' title='bbox 1305 1276 1433 1300; x_wconf 84' lang='lat' dir='ltr'>meam</span> <span class='ocrx_word' id='word_1_57' title='bbox 1448 1291 1459 1307; x_wconf 90' lang='lat'>‚</span> <span class='ocrx_word' id='word_1_58' title='bbox 1491 1262 1555 1301; x_wconf 90' lang='lat' dir='ltr'>sed</span> <span class='ocrx_word' id='word_1_59' title='bbox 1575 1261 1695 1314; x_wconf 87' lang='lat' dir='ltr'>hujus</span> <span class='ocrx_word' id='word_1_60' title='bbox 1725 1264 1844 1301; x_wconf 86' lang='lat' dir='ltr'>etiam</span> 
     </span>
     <span class='ocr_line' id='line_1_8' title="bbox 443 1328 1844 1383; baseline 0 -17"><span class='ocrx_word' id='word_1_61' title='bbox 443 1329 574 1382; x_wconf 79' lang='lat' dir='ltr'>ipsius,</span> <span class='ocrx_word' id='word_1_62' title='bbox 608 1330 677 1383; x_wconf 88' lang='lat' dir='ltr'>qui</span> <span class='ocrx_word' id='word_1_63' title='bbox 707 1329 920 1375; x_wconf 75' lang='lat' dir='ltr'>commisit,</span> <span class='ocrx_word' id='word_1_64' title='bbox 952 1329 1213 1368; x_wconf 82' lang='lat' dir='ltr'>sententiam:</span> <span class='ocrx_word' id='word_1_65' title='bbox 1248 1342 1374 1381; x_wconf 88' lang='lat' dir='ltr'>neque</span> <span class='ocrx_word' id='word_1_66' title='bbox 1406 1329 1515 1367; x_wconf 89' lang='lat' dir='ltr'>enim</span> <span class='ocrx_word' id='word_1_67' title='bbox 1546 1328 1734 1381; x_wconf 84' lang='lat' dir='ltr'>cuiquam</span> <span class='ocrx_word' id='word_1_68' title='bbox 1760 1330 1844 1382; x_wconf 80' lang='lat' dir='ltr'>ejus</span> 
     </span>
     <span class='ocr_line' id='line_1_9' title="bbox 442 1394 1843 1449; baseline 0 -15"><span class='ocrx_word' id='word_1_69' title='bbox 442 1396 652 1435; x_wconf 84' lang='lat' dir='ltr'>confilium</span> <span class='ocrx_word' id='word_1_70' title='bbox 672 1395 945 1434; x_wconf 86' lang='lat' dir='ltr'>vehementius</span> <span class='ocrx_word' id='word_1_71' title='bbox 961 1425 972 1442; x_wconf 93' lang='lat'>,</span> <span class='ocrx_word' id='word_1_72' title='bbox 1005 1409 1125 1449; x_wconf 81' lang='lat' dir='ltr'>quam</span> <span class='ocrx_word' id='word_1_73' title='bbox 1146 1395 1215 1449; x_wconf 83' lang='lat' dir='ltr'>ipsi</span> <span class='ocrx_word' id='word_1_74' title='bbox 1231 1425 1242 1441; x_wconf 93' lang='lat'>‚</span> <span class='ocrx_word' id='word_1_75' title='bbox 1274 1395 1470 1448; x_wconf 85' lang='lat' dir='ltr'>displicet.</span> <span class='ocrx_word' id='word_1_76' title='bbox 1504 1396 1745 1448; x_wconf 81' lang='lat' dir='ltr'>Qanquam</span> <span class='ocrx_word' id='word_1_77' title='bbox 1764 1394 1843 1434; x_wconf 89' lang='lat' dir='ltr'>hoc</span> 
     </span>
     <span class='ocr_line' id='line_1_10' title="bbox 441 1460 1844 1516; baseline -0.001 -15"><span class='ocrx_word' id='word_1_78' title='bbox 441 1462 677 1516; x_wconf 88' lang='lat' dir='ltr'>plerumque</span> <span class='ocrx_word' id='word_1_79' title='bbox 706 1462 890 1508; x_wconf 82' lang='lat' dir='ltr'>facimus,</span> <span class='ocrx_word' id='word_1_80' title='bbox 922 1472 967 1501; x_wconf 91' lang='lat' dir='ltr'>ut</span> <span class='ocrx_word' id='word_1_81' title='bbox 999 1462 1160 1501; x_wconf 83' lang='lat' dir='ltr'>confilia</span> <span class='ocrx_word' id='word_1_82' title='bbox 1190 1462 1339 1500; x_wconf 80' lang='lat' dir='ltr'>eventis</span> <span class='ocrx_word' id='word_1_83' title='bbox 1369 1460 1660 1515; x_wconf 86' lang='lat' dir='ltr'>ponderemus:</span> <span class='ocrx_word' id='word_1_84' title='bbox 1693 1471 1746 1508; x_wconf 88' lang='lat' dir='ltr'>et,</span> <span class='ocrx_word' id='word_1_85' title='bbox 1777 1463 1844 1501; x_wconf 88' lang='lat' dir='ltr'>cui</span> 
     </span>
     <span class='ocr_line' id='line_1_11' title="bbox 443 1528 1842 1583; baseline 0 -15"><span class='ocrx_word' id='word_1_86' title='bbox 443 1530 541 1568; x_wconf 89' lang='lat' dir='ltr'>bene</span> <span class='ocrx_word' id='word_1_87' title='bbox 571 1529 669 1583; x_wconf 89' lang='lat' dir='ltr'>quid</span> <span class='ocrx_word' id='word_1_88' title='bbox 701 1529 949 1583; x_wconf 78' lang='lat' dir='ltr'>processerit,</span> <span class='ocrx_word' id='word_1_89' title='bbox 981 1529 1159 1568; x_wconf 88' lang='lat' dir='ltr'>multum</span> <span class='ocrx_word' id='word_1_90' title='bbox 1191 1529 1309 1567; x_wconf 89' lang='lat' dir='ltr'>illum</span> <span class='ocrx_word' id='word_1_91' title='bbox 1340 1528 1575 1582; x_wconf 84' lang='lat' dir='ltr'>providiffe;</span> <span class='ocrx_word' id='word_1_92' title='bbox 1609 1528 1675 1567; x_wconf 88' lang='lat' dir='ltr'>cui</span> <span class='ocrx_word' id='word_1_93' title='bbox 1707 1528 1842 1575; x_wconf 85' lang='lat' dir='ltr'>secus,</span> 
     </span>
     <span class='ocr_line' id='line_1_12' title="bbox 440 1594 1843 1648; baseline 0 -14"><span class='ocrx_word' id='word_1_94' title='bbox 440 1595 544 1635; x_wconf 85' lang='lat' dir='ltr'>nihil</span> <span class='ocrx_word' id='word_1_95' title='bbox 565 1595 712 1635; x_wconf 84' lang='lat' dir='ltr'>senfiffe</span> <span class='ocrx_word' id='word_1_96' title='bbox 732 1596 926 1635; x_wconf 83' lang='lat' dir='ltr'>dicamus.</span> <span class='ocrx_word' id='word_1_97' title='bbox 946 1596 985 1634; x_wconf 85' lang='lat' dir='ltr'>Si</span> <span class='ocrx_word' id='word_1_98' title='bbox 1006 1595 1193 1634; x_wconf 82' lang='lat' dir='ltr'>extitiffet</span> <span class='ocrx_word' id='word_1_99' title='bbox 1209 1596 1249 1634; x_wconf 91' lang='lat' dir='ltr'>in</span> <span class='ocrx_word' id='word_1_100' title='bbox 1272 1609 1360 1648; x_wconf 88' lang='lat' dir='ltr'>rege</span> <span class='ocrx_word' id='word_1_101' title='bbox 1376 1595 1487 1640; x_wconf 83' lang='lat' dir='ltr'>fides,</span> <span class='ocrx_word' id='word_1_102' title='bbox 1511 1594 1613 1633; x_wconf 81' lang='lat' dir='ltr'><strong>nihil</strong></span> <span class='ocrx_word' id='word_1_103' title='bbox 1631 1595 1843 1648; x_wconf 87' lang='lat' dir='ltr'>sapientius</span> 
     </span>
     <span class='ocr_line' id='line_1_13' title="bbox 442 1660 1846 1716; baseline 0 -15"><span class='ocrx_word' id='word_1_104' title='bbox 442 1662 655 1701; x_wconf 88' lang='lat' dir='ltr'>Postumo:</span> <span class='ocrx_word' id='word_1_105' title='bbox 688 1663 782 1716; x_wconf 87' lang='lat' dir='ltr'>quia</span> <span class='ocrx_word' id='word_1_106' title='bbox 814 1661 961 1701; x_wconf 90' lang='lat' dir='ltr'>fefellit</span> <span class='ocrx_word' id='word_1_107' title='bbox 992 1676 1085 1708; x_wconf 86' lang='lat' dir='ltr'>rex,</span> <span class='ocrx_word' id='word_1_108' title='bbox 1118 1661 1221 1700; x_wconf 87' lang='lat' dir='ltr'>nihil</span> <span class='ocrx_word' id='word_1_109' title='bbox 1254 1660 1330 1700; x_wconf 91' lang='lat' dir='ltr'>hoc</span> <span class='ocrx_word' id='word_1_110' title='bbox 1363 1662 1558 1700; x_wconf 80' lang='lat' dir='ltr'>amentius</span> <span class='ocrx_word' id='word_1_111' title='bbox 1592 1661 1766 1708; x_wconf 88' lang='lat' dir='ltr'>dicitur;</span> <span class='ocrx_word' id='word_1_112' title='bbox 1799 1671 1846 1701; x_wconf 84' lang='lat' dir='ltr'>ut</span> 
     </span>
     <span class='ocr_line' id='line_1_14' title="bbox 436 1727 1844 1782; baseline -0.001 -15"><span class='ocrx_word' id='word_1_113' title='bbox 436 1731 520 1782; x_wconf 86' lang='lat' dir='ltr'>jam</span> <span class='ocrx_word' id='word_1_114' title='bbox 541 1728 643 1767; x_wconf 88' lang='lat' dir='ltr'>nihil</span> <span class='ocrx_word' id='word_1_115' title='bbox 664 1728 737 1767; x_wconf 85' lang='lat' dir='ltr'>effe</span> <span class='ocrx_word' id='word_1_116' title='bbox 757 1728 948 1774; x_wconf 85' lang='lat' dir='ltr'>videatur,</span> <span class='ocrx_word' id='word_1_117' title='bbox 980 1729 1052 1767; x_wconf 88' lang='lat' dir='ltr'>nifi</span> <span class='ocrx_word' id='word_1_118' title='bbox 1079 1728 1268 1774; x_wconf 88' lang='lat' dir='ltr'>divinare,</span> <span class='ocrx_word' id='word_1_119' title='bbox 1300 1727 1499 1781; x_wconf 82' lang='lat' dir='ltr'>sapientis.</span> <span class='ocrx_word' id='word_1_120' title='bbox 1533 1727 1607 1766; x_wconf 78' lang='lat' dir='ltr'>Sed</span> <span class='ocrx_word' id='word_1_121' title='bbox 1637 1737 1783 1775; x_wconf 88' lang='lat' dir='ltr'>tamen,</span> <span class='ocrx_word' id='word_1_122' title='bbox 1816 1729 1844 1767; x_wconf 87' lang='lat' dir='ltr'><strong>fi</strong></span> 
     </span>
     <span class='ocr_line' id='line_1_15' title="bbox 440 1794 1844 1849; baseline 0 -15"><span class='ocrx_word' id='word_1_123' title='bbox 440 1796 529 1849; x_wconf 89' lang='lat' dir='ltr'>quis</span> <span class='ocrx_word' id='word_1_124' title='bbox 559 1795 628 1841; x_wconf 89' lang='lat' dir='ltr'>est,</span> <span class='ocrx_word' id='word_1_125' title='bbox 659 1794 836 1846; x_wconf 86' lang='lat' dir='ltr'>Judices,</span> <span class='ocrx_word' id='word_1_126' title='bbox 867 1796 938 1847; x_wconf 89' lang='lat' dir='ltr'>qui</span> <span class='ocrx_word' id='word_1_127' title='bbox 966 1794 1079 1833; x_wconf 89' lang='lat' dir='ltr'>illam</span> <span class='ocrx_word' id='word_1_128' title='bbox 1109 1795 1285 1833; x_wconf 91' lang='lat' dir='ltr'>Postumi</span> <span class='ocrx_word' id='word_1_129' title='bbox 1315 1795 1390 1833; x_wconf 88' lang='lat' dir='ltr'>five</span> <span class='ocrx_word' id='word_1_130' title='bbox 1422 1796 1580 1833; x_wconf 87' lang='lat' dir='ltr'>inanem</span> <span class='ocrx_word' id='word_1_131' title='bbox 1612 1795 1735 1848; x_wconf 89' lang='lat' dir='ltr'>spem,</span> <span class='ocrx_word' id='word_1_132' title='bbox 1768 1795 1844 1834; x_wconf 87' lang='lat' dir='ltr'>five</span> 
     </span>
     <span class='ocr_line' id='line_1_16' title="bbox 443 1860 1845 1912; baseline 0.001 -13"><span class='ocrx_word' id='word_1_133' title='bbox 443 1860 707 1899; x_wconf 85' lang='lat' dir='ltr'>inconsultam</span> <span class='ocrx_word' id='word_1_134' title='bbox 728 1861 936 1905; x_wconf 84' lang='lat' dir='ltr'>rationem,</span> <span class='ocrx_word' id='word_1_135' title='bbox 960 1860 1033 1898; x_wconf 90' lang='lat' dir='ltr'>five</span> <span class='ocrx_word' id='word_1_136' title='bbox 1057 1860 1296 1912; x_wconf 86' lang='lat' dir='ltr'>(graviffimo</span> <span class='ocrx_word' id='word_1_137' title='bbox 1317 1860 1437 1898; x_wconf 91' lang='lat' dir='ltr'>verbo</span> <span class='ocrx_word' id='word_1_138' title='bbox 1458 1862 1560 1911; x_wconf 87' lang='lat' dir='ltr'>utar)</span> <span class='ocrx_word' id='word_1_139' title='bbox 1581 1861 1845 1900; x_wconf 84' lang='lat' dir='ltr'>temeritatem</span> 
     </span>
     <span class='ocr_line' id='line_1_17' title="bbox 441 1926 1844 1980; baseline 0 -14"><span class='ocrx_word' id='word_1_140' title='bbox 441 1926 741 1980; x_wconf 83' lang='lat' dir='ltr'>vituperandam</span> <span class='ocrx_word' id='word_1_141' title='bbox 779 1935 920 1980; x_wconf 85' lang='lat' dir='ltr'>putet;</span> <span class='ocrx_word' id='word_1_142' title='bbox 952 1927 1140 1978; x_wconf 84' lang='lat' dir='ltr'>egoejus</span> <span class='ocrx_word' id='word_1_143' title='bbox 1172 1926 1352 1979; x_wconf 89' lang='lat' dir='ltr'>opinioni</span> <span class='ocrx_word' id='word_1_144' title='bbox 1385 1940 1464 1964; x_wconf 88' lang='lat' dir='ltr'>non</span> <span class='ocrx_word' id='word_1_145' title='bbox 1504 1940 1709 1980; x_wconf 85' lang='lat' dir='ltr'>repugno:</span> <span class='ocrx_word' id='word_1_146' title='bbox 1741 1927 1844 1966; x_wconf 90' lang='lat' dir='ltr'>illud</span> 
     </span>
     <span class='ocr_line' id='line_1_18' title="bbox 445 1991 1845 2047; baseline 0.001 -15"><span class='ocrx_word' id='word_1_147' title='bbox 445 2004 576 2033; x_wconf 87' lang='lat' dir='ltr'>tamen</span> <span class='ocrx_word' id='word_1_148' title='bbox 602 1993 803 2047; x_wconf 88' lang='lat' dir='ltr'>deprecor,</span> <span class='ocrx_word' id='word_1_149' title='bbox 836 2002 895 2038; x_wconf 88' lang='lat' dir='ltr'>ut,</span> <span class='ocrx_word' id='word_1_150' title='bbox 927 2005 1020 2031; x_wconf 91' lang='lat' dir='ltr'>cum</span> <span class='ocrx_word' id='word_1_151' title='bbox 1050 1992 1097 2030; x_wconf 86' lang='lat' dir='ltr'>ab</span> <span class='ocrx_word' id='word_1_152' title='bbox 1128 1992 1208 2045; x_wconf 84' lang='lat' dir='ltr'>ipsa</span> <span class='ocrx_word' id='word_1_153' title='bbox 1237 1991 1398 2031; x_wconf 81' lang='lat' dir='ltr'>fortuna</span> <span class='ocrx_word' id='word_1_154' title='bbox 1426 1993 1689 2032; x_wconf 73' lang='lat' dir='ltr'>crudelissime</span> <span class='ocrx_word' id='word_1_155' title='bbox 1715 1994 1845 2033; x_wconf 89' lang='lat' dir='ltr'>videat</span> 
     </span>
     <span class='ocr_line' id='line_1_19' title="bbox 443 2059 1843 2114; baseline -0.001 -13"><span class='ocrx_word' id='word_1_156' title='bbox 443 2059 562 2114; x_wconf 84' lang='lat' dir='ltr'>hujus</span> <span class='ocrx_word' id='word_1_157' title='bbox 584 2060 744 2100; x_wconf 74' lang='lat' dir='ltr'>consilia</span> <span class='ocrx_word' id='word_1_158' title='bbox 763 2059 836 2099; x_wconf 86' lang='lat' dir='ltr'>effe</span> <span class='ocrx_word' id='word_1_159' title='bbox 855 2059 1049 2106; x_wconf 57' lang='lat' dir='ltr'>multam</span> <span class='ocrx_word' id='word_1_160' title='bbox 1082 2073 1130 2098; x_wconf 90' lang='lat' dir='ltr'>ne</span> <span class='ocrx_word' id='word_1_161' title='bbox 1151 2059 1248 2113; x_wconf 89' lang='lat' dir='ltr'>quid</span> <span class='ocrx_word' id='word_1_162' title='bbox 1269 2060 1315 2097; x_wconf 87' lang='lat' dir='ltr'>ad</span> <span class='ocrx_word' id='word_1_163' title='bbox 1336 2073 1396 2098; x_wconf 88' lang='lat' dir='ltr'>eas</span> <span class='ocrx_word' id='word_1_164' title='bbox 1418 2060 1548 2098; x_wconf 86' lang='lat' dir='ltr'>ruinas</span> <span class='ocrx_word' id='word_1_165' title='bbox 1563 2090 1575 2106; x_wconf 91' lang='lat'><em>‚</em></span> <span class='ocrx_word' id='word_1_166' title='bbox 1607 2060 1753 2114; x_wconf 90' lang='lat' dir='ltr'>quibus</span> <span class='ocrx_word' id='word_1_167' title='bbox 1773 2059 1843 2099; x_wconf 91' lang='lat' dir='ltr'>hic</span> 
     </span>
     <span class='ocr_line' id='line_1_20' title="bbox 444 2125 1844 2181; baseline -0.001 -15"><span class='ocrx_word' id='word_1_168' title='bbox 444 2125 643 2181; x_wconf 86' lang='lat' dir='ltr'>oppreffus</span> <span class='ocrx_word' id='word_1_169' title='bbox 674 2125 743 2171; x_wconf 90' lang='lat' dir='ltr'>est,</span> <span class='ocrx_word' id='word_1_170' title='bbox 774 2125 997 2165; x_wconf 89' lang='lat' dir='ltr'>addendum</span> <span class='ocrx_word' id='word_1_171' title='bbox 1029 2125 1252 2164; x_wconf 86' lang='lat' dir='ltr'>acerbitatis</span> <span class='ocrx_word' id='word_1_172' title='bbox 1284 2135 1411 2179; x_wconf 87' lang='lat' dir='ltr'>putet.</span> <span class='ocrx_word' id='word_1_173' title='bbox 1446 2127 1543 2165; x_wconf 86' lang='lat' dir='ltr'>Satis</span> <span class='ocrx_word' id='word_1_174' title='bbox 1575 2126 1629 2165; x_wconf 91' lang='lat' dir='ltr'>est</span> <span class='ocrx_word' id='word_1_175' title='bbox 1660 2125 1844 2165; x_wconf 89' lang='lat' dir='ltr'>homines</span> 
     </span>
     <span class='ocr_line' id='line_1_21' title="bbox 446 2191 1843 2247; baseline 0 -15"><span class='ocrx_word' id='word_1_176' title='bbox 446 2192 713 2247; x_wconf 88' lang='lat' dir='ltr'>imprudentia</span> <span class='ocrx_word' id='word_1_177' title='bbox 732 2191 858 2246; x_wconf 82' lang='lat' dir='ltr'>lapsos</span> <span class='ocrx_word' id='word_1_178' title='bbox 880 2206 960 2231; x_wconf 89' lang='lat' dir='ltr'>non</span> <span class='ocrx_word' id='word_1_179' title='bbox 980 2193 1127 2245; x_wconf 84' lang='lat' dir='ltr'>erigere</span> <span class='ocrx_word' id='word_1_180' title='bbox 1145 2208 1154 2231; x_wconf 90' lang='lat'><strong>:</strong></span> <span class='ocrx_word' id='word_1_181' title='bbox 1179 2206 1315 2247; x_wconf 85' lang='lat' dir='ltr'>urgere</span> <span class='ocrx_word' id='word_1_182' title='bbox 1335 2206 1426 2231; x_wconf 90' lang='lat' dir='ltr'>vero</span> <span class='ocrx_word' id='word_1_183' title='bbox 1440 2193 1631 2245; x_wconf 81' lang='lat' dir='ltr'>jacentes,</span> <span class='ocrx_word' id='word_1_184' title='bbox 1655 2202 1720 2231; x_wconf 90' lang='lat' dir='ltr'>aut</span> <span class='ocrx_word' id='word_1_185' title='bbox 1741 2207 1843 2246; x_wconf 87' lang='lat' dir='ltr'>prae-</span> 
     </span>
     <span class='ocr_line' id='line_1_22' title="bbox 444 2259 1842 2314; baseline 0 -14"><span class='ocrx_word' id='word_1_186' title='bbox 444 2261 652 2314; x_wconf 85' lang='lat' dir='ltr'>cipitantes</span> <span class='ocrx_word' id='word_1_187' title='bbox 674 2259 893 2313; x_wconf 89' lang='lat' dir='ltr'>impellere,</span> <span class='ocrx_word' id='word_1_188' title='bbox 911 2269 1015 2298; x_wconf 90' lang='lat' dir='ltr'>certe</span> <span class='ocrx_word' id='word_1_189' title='bbox 1031 2259 1085 2299; x_wconf 89' lang='lat' dir='ltr'>est</span> <span class='ocrx_word' id='word_1_190' title='bbox 1104 2259 1393 2299; x_wconf 87' lang='lat' dir='ltr'>inhumanum:</span> <span class='ocrx_word' id='word_1_191' title='bbox 1419 2260 1646 2314; x_wconf 71' lang='lat' dir='ltr'>praesertim,</span> <span class='ocrx_word' id='word_1_192' title='bbox 1665 2261 1842 2313; x_wconf 83' lang='lat' dir='ltr'>Judices,</span> 
     </span>
     <span class='ocr_line' id='line_1_23' title="bbox 444 2325 1843 2381; baseline -0.001 -15"><span class='ocrx_word' id='word_1_193' title='bbox 444 2341 539 2367; x_wconf 89' lang='lat' dir='ltr'>cum</span> <span class='ocrx_word' id='word_1_194' title='bbox 559 2327 605 2366; x_wconf 91' lang='lat' dir='ltr'>s1t</span> <span class='ocrx_word' id='word_1_195' title='bbox 624 2325 702 2366; x_wconf 89' lang='lat' dir='ltr'>hoc</span> <span class='ocrx_word' id='word_1_196' title='bbox 722 2327 856 2380; x_wconf 88' lang='lat' dir='ltr'>generi</span> <span class='ocrx_word' id='word_1_197' title='bbox 875 2325 1090 2366; x_wconf 89' lang='lat' dir='ltr'>hominum</span> <span class='ocrx_word' id='word_1_198' title='bbox 1111 2340 1232 2380; x_wconf 89' lang='lat' dir='ltr'>prope</span> <span class='ocrx_word' id='word_1_199' title='bbox 1253 2336 1389 2366; x_wconf 84' lang='lat' dir='ltr'>natura</span> <span class='ocrx_word' id='word_1_200' title='bbox 1410 2327 1561 2374; x_wconf 87' lang='lat' dir='ltr'>datum,</span> <span class='ocrx_word' id='word_1_201' title='bbox 1593 2328 1668 2374; x_wconf 89' lang='lat' dir='ltr'>uti,</span> <span class='ocrx_word' id='word_1_202' title='bbox 1700 2341 1777 2381; x_wconf 91' lang='lat' dir='ltr'>qua</span> <span class='ocrx_word' id='word_1_203' title='bbox 1801 2328 1843 2366; x_wconf 90' lang='lat' dir='ltr'>in</span> 
     </span>
     <span class='ocr_line' id='line_1_24' title="bbox 446 2392 1842 2448; baseline -0.002 -15"><span class='ocrx_word' id='word_1_204' title='bbox 446 2393 598 2433; x_wconf 81' lang='lat' dir='ltr'>familia</span> <span class='ocrx_word' id='word_1_205' title='bbox 628 2393 712 2432; x_wconf 83' lang='lat' dir='ltr'>laus</span> <span class='ocrx_word' id='word_1_206' title='bbox 744 2393 876 2447; x_wconf 83' lang='lat' dir='ltr'>aliqua</span> <span class='ocrx_word' id='word_1_207' title='bbox 906 2392 1008 2432; x_wconf 88' lang='lat' dir='ltr'>forte</span> <span class='ocrx_word' id='word_1_208' title='bbox 1040 2392 1236 2439; x_wconf 87' lang='lat' dir='ltr'>floruerit,</span> <span class='ocrx_word' id='word_1_209' title='bbox 1268 2393 1370 2432; x_wconf 86' lang='lat' dir='ltr'>hanc</span> <span class='ocrx_word' id='word_1_210' title='bbox 1402 2394 1502 2440; x_wconf 88' lang='lat' dir='ltr'>fere,</span> <span class='ocrx_word' id='word_1_211' title='bbox 1535 2395 1606 2448; x_wconf 89' lang='lat' dir='ltr'>qui</span> <span class='ocrx_word' id='word_1_212' title='bbox 1638 2394 1727 2433; x_wconf 91' lang='lat' dir='ltr'>sunt</span> <span class='ocrx_word' id='word_1_213' title='bbox 1759 2395 1842 2446; x_wconf 87' lang='lat' dir='ltr'>ejus</span> 
     </span>
     <span class='ocr_line' id='line_1_25' title="bbox 445 2459 1842 2514; baseline -0.002 -15"><span class='ocrx_word' id='word_1_214' title='bbox 445 2461 591 2514; x_wconf 87' lang='lat' dir='ltr'>stirpis,</span> <span class='ocrx_word' id='word_1_215' title='bbox 620 2460 729 2514; x_wconf 91' lang='lat' dir='ltr'>quod</span> <span class='ocrx_word' id='word_1_216' title='bbox 759 2460 934 2500; x_wconf 87' lang='lat' dir='ltr'>sermone</span> <span class='ocrx_word' id='word_1_217' title='bbox 963 2459 1177 2499; x_wconf 88' lang='lat' dir='ltr'>hominum</span> <span class='ocrx_word' id='word_1_218' title='bbox 1206 2460 1253 2498; x_wconf 87' lang='lat' dir='ltr'>ad</span> <span class='ocrx_word' id='word_1_219' title='bbox 1281 2463 1513 2500; x_wconf 82' lang='lat' dir='ltr'>memoriam</span> <span class='ocrx_word' id='word_1_220' title='bbox 1540 2471 1697 2514; x_wconf 86' lang='lat' dir='ltr'>patrum</span> <span class='ocrx_word' id='word_1_221' title='bbox 1717 2460 1842 2498; x_wconf 76' lang='lat' dir='ltr'>virtus</span> 
     </span>
     <span class='ocr_line' id='line_1_26' title="bbox 444 2526 1842 2583; baseline -0.003 -15"><span class='ocrx_word' id='word_1_222' title='bbox 444 2526 679 2575; x_wconf 86' lang='lat' dir='ltr'>celebretur,</span> <span class='ocrx_word' id='word_1_223' title='bbox 710 2526 957 2583; x_wconf 73' lang='lat' dir='ltr'>cupidissime</span> <span class='ocrx_word' id='word_1_224' title='bbox 979 2527 1259 2581; x_wconf 81' lang='lat' dir='ltr'>persequantur</span> <span class='ocrx_word' id='word_1_225' title='bbox 1275 2546 1286 2574; x_wconf 64' lang='grc' dir='ltr'><strong><em>ς</em></strong></span> <span class='ocrx_word' id='word_1_226' title='bbox 1319 2527 1511 2581; x_wconf 87' lang='lat' dir='ltr'>fiquidem</span> <span class='ocrx_word' id='word_1_227' title='bbox 1542 2541 1621 2566; x_wconf 87' lang='lat' dir='ltr'>non</span> <span class='ocrx_word' id='word_1_228' title='bbox 1651 2526 1771 2566; x_wconf 87' lang='lat' dir='ltr'>modo</span> <span class='ocrx_word' id='word_1_229' title='bbox 1800 2527 1842 2564; x_wconf 81' lang='lat' dir='ltr'>in</span> 
     </span>
    </p>
   </div>
  </div>
 </body>
</html>
