2076 2860
424 201 504 239 420
778 186 855 223 IN
915 184 980 223 M.
1041 185 1467 224 ANTONIUM

424 289 730 343 persequendus.
764 289 908 340 Neque
940 288 1047 326 enim
1079 287 1272 340 quiescit:
1306 287 1424 326 habet
1456 289 1670 341 legionem,
1702 287 1822 327 habet

423 355 630 408 fugitivos,
662 354 780 392 habet
802 354 1026 392 sceleratam
1047 355 1265 406 impiorum
1286 368 1449 394 manum
1469 370 1476 394 :
1511 355 1563 393 est
1591 354 1671 408 ipse
1692 354 1819 393 confi-

425 422 536 467 dens,
569 422 783 473 impotenS,
815 420 1048 472 gladiatorio
1069 421 1203 473 generi
1225 422 1364 460 mortis
1385 422 1576 460 addictus.
1611 421 1821 473 Qamob-

426 502 523 532 rem,
542 489 731 539 quoniam
752 500 844 525 cum
868 487 1078 525 Dolabella
1098 486 1277 525 hesterno
1294 487 1355 525 die
1371 486 1479 525 hoste
1497 488 1652 525 decreto
1669 488 1822 526 bellum

426 553 642 605 gerendum
664 552 731 598 est,
764 553 976 605 imperator
997 552 1049 590 est
1071 552 1318 605 deligendus.
1363 554 1463 591 Duae
1484 552 1594 591 diecae
1616 553 1705 591 sunt
1735 553 1822 591 sen-

427 619 586 664 tentiae;
619 633 786 671 quarum
822 628 1002 657 neutram
1039 619 1190 671 probo:
1223 619 1399 664 alteram,
1431 620 1524 671 quia
1555 619 1720 671 semper,
1751 619 1823 658 nisi

427 700 521 724 cum
546 686 599 724 est
627 685 789 731 neceffe,
821 686 1082 738 periculosam
1102 686 1298 731 arbitror3
1331 686 1507 732 alteram,
1539 687 1632 738 quia
1651 686 1823 724 alienam

426 751 489 790 his
512 753 757 804 temporibus
779 752 974 790 existimo.
1020 753 1127 791 Nam
1149 752 1502 791 extraordinarium
1524 752 1674 805 semper
1693 752 1824 805 impe-

427 819 534 857 rium
553 819 742 872 populare
762 828 880 871 atque
906 819 1112 857 ventosum
1145 818 1212 865 est,
1245 820 1413 857 minime
1443 819 1579 857 nostrae
1608 819 1826 871 gravitatiS,

427 885 597 923 minime
623 884 742 938 hujus
770 885 935 923 ordinis.
979 885 1092 924 Bello
1119 885 1315 924 Antiochi
1342 899 1488 938 magno
1515 894 1553 923 et
1579 884 1701 937 gravi,
1733 897 1827 923 cum

428 950 480 991 L.
505 952 697 1005 Scipioni,
730 952 863 990 Publii
887 952 987 997 filio,
1009 951 1224 990 obvenisset
1246 952 1349 997 Afia,
1381 966 1600 1005 parumque
1620 952 1662 989 in
1683 965 1729 990 eo
1749 965 1826 1004 pu-

429 1027 576 1055 taretur
596 1017 668 1055 effe
688 1018 826 1063 animi,
848 1031 986 1071 parum
1009 1018 1176 1063 roboris,
1195 1017 1424 1071 senatusque
1444 1018 1491 1055 ad
1512 1018 1706 1069 collegam
1727 1018 1826 1069 ejus,

431 1085 481 1123 C.
505 1084 692 1129 Laelium,
723 1083 843 1136 hujus
873 1084 1065 1137 Sapientis
1086 1093 1252 1137 patrem,
1285 1084 1492 1136 negotium
1513 1083 1708 1129 deferret;
1741 1083 1825 1121 sur-

430 1150 532 1189 rexit
552 1151 599 1189 P.
622 1150 852 1195 Africanus,
873 1149 993 1188 frater
1013 1152 1138 1202 major
1160 1151 1209 1188 L.
1226 1150 1437 1202 Scipionis,
1460 1159 1497 1188 et
1519 1150 1629 1187 illam
1651 1150 1828 1202 ignomi-

431 1217 538 1254 niam
559 1215 719 1255 familiae
741 1216 968 1269 deprecatus
990 1216 1065 1262 est;
1090 1216 1272 1269 dixitque
1287 1226 1326 1254 et
1346 1217 1387 1254 in
1404 1215 1522 1254 fratre
1543 1216 1611 1253 suo
1632 1215 1829 1254 summam

430 1283 621 1321 virtutem
641 1282 728 1327 effe,
752 1281 1034 1335 summumque
1055 1282 1280 1327 confilium,
1303 1295 1431 1334 neque
1452 1281 1488 1319 se
1508 1282 1544 1319 ei
1565 1281 1756 1333 legatum,
1788 1282 1829 1320 id

432 1348 570 1393 aetatis,
602 1347 725 1400 iisque
747 1348 861 1386 rebus
882 1347 1014 1400 gestis,
1046 1346 1294 1386 defuturum.
1339 1346 1460 1398 Qod
1487 1360 1582 1385 cum
1603 1347 1650 1385 ab
1672 1361 1717 1386 eo
1737 1347 1830 1386 effet

431 1414 607 1459 dietum,
639 1413 742 1452 nihil
774 1413 827 1452 est
858 1413 904 1452 de
937 1414 1132 1467 Scipionis
1165 1413 1370 1467 provincia
1401 1422 1723 1452 commutatum:
1757 1427 1829 1452 nec

432 1481 522 1533 plus
544 1480 898 1518 extraordinarium
919 1480 1134 1533 imperium
1154 1480 1202 1517 ad
1229 1479 1270 1518 id
1291 1479 1443 1518 bellum
1466 1480 1688 1532 quaefitum,
1709 1493 1831 1532 quam

432 1545 587 1584 duobus
608 1555 720 1584 antea
743 1546 929 1585 maximis
960 1546 1122 1584 Punicis
1154 1545 1285 1591 bellis,
1317 1560 1404 1599 quae
1436 1559 1457 1583 a
1488 1545 1732 1591 consulibus,
1764 1555 1831 1585 aut

430 1626 451 1650 a
489 1612 774 1658 dictatoribus,
814 1612 918 1665 gesta
950 1622 990 1650 et
1025 1611 1204 1650 confecta
1242 1612 1360 1658 sunt;
1397 1621 1464 1650 aut
1504 1626 1624 1664 quam
1659 1611 1827 1664 Pyrrhi,

430 1692 550 1732 quam
591 1677 796 1731 Philippi,
840 1693 962 1732 quam
1000 1678 1086 1732 post
1124 1677 1302 1717 Achaico
1342 1678 1448 1716 bello
1463 1707 1474 1723 ‚
1516 1692 1636 1731 quam
1677 1679 1830 1717 Punico

433 1745 564 1789 tertio,
597 1744 645 1782 ad
676 1745 783 1797 quod
816 1745 987 1797 populus
1021 1745 1225 1783 Romanus
1258 1745 1313 1783 ita
1343 1744 1423 1797 ipse
1454 1744 1525 1782 fibi
1559 1744 1706 1797 delegit
1739 1744 1829 1784 ido-

433 1823 554 1848 neum
584 1809 748 1854 ducem,
782 1810 828 1848 P.
853 1810 1107 1862 Scipionem,
1139 1819 1183 1848 ut
1217 1824 1310 1849 eum
1345 1820 1477 1849 tamen
1512 1810 1665 1849 bellum
1699 1824 1830 1863 gerere

433 1875 635 1914 consulem
656 1875 788 1914 vellet.

489 1941 606 1979 VIII.
639 1941 746 1978 Cum
774 1940 999 1979 Aristonico
1027 1942 1179 1980 bellum
1207 1942 1423 1994 gerendum
1453 1941 1546 1987 fuit,
1578 1942 1628 1980 L.
1653 1941 1827 1987 Valerio,

435 2008 480 2046 P.
507 2006 680 2051 Licinio,
711 2006 956 2046 consulibus.
989 2008 1167 2060 Rogatus
1189 2009 1242 2046 est
1262 2009 1449 2062 populus,
1472 2022 1591 2061 quem
1613 2008 1653 2045 id
1675 2008 1831 2046 bellum

434 2087 565 2126 gerere
587 2073 756 2126 placeret
776 2089 783 2111 :
819 2074 973 2112 Crassus
995 2074 1146 2120 consul,
1175 2085 1214 2113 et
1236 2074 1417 2128 pontifex
1439 2076 1652 2120 maximus,
1687 2076 1831 2113 Flacco

435 2139 611 2191 collegae,
644 2139 795 2177 flamini
816 2140 1008 2186 Martiali,
1036 2141 1205 2179 multam
1226 2142 1342 2186 dixit,
1375 2141 1401 2179 fi
1422 2155 1442 2179 a
1462 2141 1575 2179 sacris
1597 2140 1828 2180 disceffiffet.

438 2207 570 2256 Qam
591 2204 758 2243 multam
782 2206 951 2257 populus
974 2207 1119 2245 remisit
1137 2222 1146 2245 :
1180 2207 1363 2259 pontifici
1385 2217 1515 2246 tamen
1536 2207 1738 2245 flaminem
1759 2220 1830 2260 pa-

439 2286 518 2309 rere
534 2272 658 2323 jullit.
701 2271 773 2309 Sed
806 2286 854 2310 ne
888 2282 973 2310 tum
1000 2273 1163 2325 quidem
1189 2274 1361 2327 populus
1391 2275 1596 2313 Romanus
1622 2273 1671 2312 ad
1698 2274 1828 2326 priva-

440 2348 525 2376 tum
547 2337 689 2375 detulit
711 2338 877 2376 bellum.
911 2340 1152 2392 Qanquam
1172 2350 1252 2378 erat
1273 2339 1501 2386 Africanus,
1531 2341 1601 2393 qui
1620 2354 1722 2378 anno
1742 2349 1831 2378 ante

436 2404 485 2442 de
513 2404 775 2442 Numantinis
805 2404 1140 2457 triumphaverat:
1174 2407 1258 2458 qui,
1291 2420 1384 2445 cum
1416 2407 1533 2460 longe
1565 2419 1701 2445 omnes
1734 2405 1829 2444 belli

436 2470 562 2523 gloria
583 2479 620 2508 et
649 2471 792 2509 virtute
820 2470 1028 2524 superaret,
1061 2472 1154 2511 duas
1184 2482 1316 2511 tamen
1344 2473 1470 2512 tribus
1495 2473 1592 2513 solas
1621 2472 1728 2512 tulit.
1770 2471 1828 2510 Ita
