<?xml version="1.0" encoding="UTF-8"?>
<!DOCTYPE html PUBLIC "-//W3C//DTD XHTML 1.0 Transitional//EN"
    "http://www.w3.org/TR/xhtml1/DTD/xhtml1-transitional.dtd">
<html xmlns="http://www.w3.org/1999/xhtml" xml:lang="en" lang="en">
 <head>
  <title>
</title>
<meta http-equiv="Content-Type" content="text/html;charset=utf-8" />
  <meta name='ocr-system' content='tesseract 3.04.00' />
  <meta name='ocr-capabilities' content='ocr_page ocr_carea ocr_par ocr_line ocrx_word'/>
</head>
<body>
  <div class='ocr_page' id='page_1' title='image "./operacumindicibu06ciceuoft_0062.png"; bbox 0 0 2076 2860; ppageno 0'>
   <div class='ocr_carea' id='block_1_1' title="bbox 333 183 1252 238">
    <p class='ocr_par' dir='ltr' id='par_1_1' title="bbox 333 183 1252 238">
     <span class='ocr_line' id='line_1_1' title="bbox 333 183 1252 238; baseline 0.001 -19"><span class='ocrx_word' id='word_1_1' title='bbox 333 199 380 238; x_wconf 69' lang='lat'>52</span> <span class='ocrx_word' id='word_1_2' title='bbox 810 183 1252 220; x_wconf 81' lang='lat' dir='ltr'>oRAT1o</span> 
     </span>
    </p>
   </div>
   <div class='ocr_carea' id='block_1_2' title="bbox 327 278 1725 2510">
    <p class='ocr_par' dir='ltr' id='par_1_2' title="bbox 328 278 1723 1186">
     <span class='ocr_line' id='line_1_2' title="bbox 331 278 1718 332; baseline -0.001 -13"><span class='ocrx_word' id='word_1_3' title='bbox 331 282 622 319; x_wconf 83' lang='lat' dir='ltr'>commendavit</span> <span class='ocrx_word' id='word_1_4' title='bbox 641 282 654 318; x_wconf 88' lang='lat'>?</span> <span class='ocrx_word' id='word_1_5' title='bbox 687 280 811 331; x_wconf 88' lang='lat' dir='ltr'>Cujus</span> <span class='ocrx_word' id='word_1_6' title='bbox 844 292 1018 331; x_wconf 87' lang='lat' dir='ltr'>unquam</span> <span class='ocrx_word' id='word_1_7' title='bbox 1050 288 1208 332; x_wconf 88' lang='lat' dir='ltr'>propter</span> <span class='ocrx_word' id='word_1_8' title='bbox 1241 279 1428 325; x_wconf 89' lang='lat' dir='ltr'>salutem,</span> <span class='ocrx_word' id='word_1_9' title='bbox 1460 278 1530 318; x_wconf 76' lang='lat' dir='ltr'>nisi</span> <span class='ocrx_word' id='word_1_10' title='bbox 1564 292 1691 318; x_wconf 88' lang='lat' dir='ltr'>meam</span> <span class='ocrx_word' id='word_1_11' title='bbox 1705 309 1718 325; x_wconf 88' lang='lat'>‚</span> 
     </span>
     <span class='ocr_line' id='line_1_3' title="bbox 332 344 1719 398; baseline -0.001 -14"><span class='ocrx_word' id='word_1_12' title='bbox 332 347 480 384; x_wconf 83' lang='lat' dir='ltr'>senatus</span> <span class='ocrx_word' id='word_1_13' title='bbox 502 346 661 398; x_wconf 89' lang='lat' dir='ltr'>publice</span> <span class='ocrx_word' id='word_1_14' title='bbox 682 344 794 382; x_wconf 84' lang='lat' dir='ltr'>sociis</span> <span class='ocrx_word' id='word_1_15' title='bbox 816 345 954 396; x_wconf 90' lang='lat' dir='ltr'>populi</span> <span class='ocrx_word' id='word_1_16' title='bbox 977 346 1149 382; x_wconf 86' lang='lat' dir='ltr'>Romani</span> <span class='ocrx_word' id='word_1_17' title='bbox 1170 345 1310 397; x_wconf 82' lang='lat' dir='ltr'>gratias</span> <span class='ocrx_word' id='word_1_18' title='bbox 1332 345 1415 397; x_wconf 86' lang='lat' dir='ltr'>egit</span> <span class='ocrx_word' id='word_1_19' title='bbox 1435 346 1448 383; x_wconf 90' lang='lat'>?</span> <span class='ocrx_word' id='word_1_20' title='bbox 1472 345 1534 383; x_wconf 91' lang='lat' dir='ltr'>De</span> <span class='ocrx_word' id='word_1_21' title='bbox 1554 359 1618 383; x_wconf 91' lang='lat' dir='ltr'>me</span> <span class='ocrx_word' id='word_1_22' title='bbox 1639 359 1719 383; x_wconf 91' lang='lat' dir='ltr'>uno</span> 
     </span>
     <span class='ocr_line' id='line_1_4' title="bbox 331 410 1720 464; baseline -0.001 -14"><span class='ocrx_word' id='word_1_23' title='bbox 331 422 456 464; x_wconf 87' lang='lat' dir='ltr'>patres</span> <span class='ocrx_word' id='word_1_24' title='bbox 477 411 689 463; x_wconf 82' lang='lat' dir='ltr'>conscripti</span> <span class='ocrx_word' id='word_1_25' title='bbox 709 410 977 455; x_wconf 88' lang='lat' dir='ltr'>decreverunt,</span> <span class='ocrx_word' id='word_1_26' title='bbox 1012 420 1068 455; x_wconf 86' lang='lat' dir='ltr'>ut,</span> <span class='ocrx_word' id='word_1_27' title='bbox 1101 411 1169 462; x_wconf 91' lang='lat' dir='ltr'>qui</span> <span class='ocrx_word' id='word_1_28' title='bbox 1190 411 1410 463; x_wconf 83' lang='lat' dir='ltr'>provincias</span> <span class='ocrx_word' id='word_1_29' title='bbox 1432 425 1525 449; x_wconf 89' lang='lat' dir='ltr'>cum</span> <span class='ocrx_word' id='word_1_30' title='bbox 1552 411 1720 464; x_wconf 87' lang='lat' dir='ltr'>imperio</span> 
     </span>
     <span class='ocr_line' id='line_1_5' title="bbox 330 474 1720 527; baseline 0.001 -13"><span class='ocrx_word' id='word_1_31' title='bbox 330 477 579 520; x_wconf 84' lang='lat' dir='ltr'>obtinerent,</span> <span class='ocrx_word' id='word_1_32' title='bbox 612 475 679 526; x_wconf 89' lang='lat' dir='ltr'>qui</span> <span class='ocrx_word' id='word_1_33' title='bbox 707 474 909 526; x_wconf 73' lang='lat' dir='ltr'>quaestores</span> <span class='ocrx_word' id='word_1_34' title='bbox 933 475 1130 527; x_wconf 86' lang='lat' dir='ltr'>legatique</span> <span class='ocrx_word' id='word_1_35' title='bbox 1160 475 1303 521; x_wconf 85' lang='lat' dir='ltr'>effent,</span> <span class='ocrx_word' id='word_1_36' title='bbox 1335 476 1500 514; x_wconf 86' lang='lat' dir='ltr'>salutem</span> <span class='ocrx_word' id='word_1_37' title='bbox 1529 485 1568 515; x_wconf 91' lang='lat' dir='ltr'>et</span> <span class='ocrx_word' id='word_1_38' title='bbox 1598 477 1720 515; x_wconf 91' lang='lat' dir='ltr'>vitam</span> 
     </span>
     <span class='ocr_line' id='line_1_6' title="bbox 329 541 1722 594; baseline 0 -14"><span class='ocrx_word' id='word_1_39' title='bbox 329 556 457 580; x_wconf 80' lang='lat' dir='ltr'>meam</span> <span class='ocrx_word' id='word_1_40' title='bbox 477 541 729 579; x_wconf 88' lang='lat' dir='ltr'>custodirent.</span> <span class='ocrx_word' id='word_1_41' title='bbox 774 541 820 578; x_wconf 90' lang='lat' dir='ltr'>In</span> <span class='ocrx_word' id='word_1_42' title='bbox 851 554 928 577; x_wconf 87' lang='lat' dir='ltr'>una</span> <span class='ocrx_word' id='word_1_43' title='bbox 957 554 1043 578; x_wconf 89' lang='lat' dir='ltr'>mea</span> <span class='ocrx_word' id='word_1_44' title='bbox 1072 541 1182 579; x_wconf 87' lang='lat' dir='ltr'>causa</span> <span class='ocrx_word' id='word_1_45' title='bbox 1210 542 1296 594; x_wconf 92' lang='lat' dir='ltr'>post</span> <span class='ocrx_word' id='word_1_46' title='bbox 1326 543 1498 580; x_wconf 87' lang='lat' dir='ltr'>Romam</span> <span class='ocrx_word' id='word_1_47' title='bbox 1519 543 1722 581; x_wconf 89' lang='lat' dir='ltr'>conditam</span> 
     </span>
     <span class='ocr_line' id='line_1_7' title="bbox 328 604 1723 652; baseline 0.001 -8"><span class='ocrx_word' id='word_1_48' title='bbox 328 606 475 645; x_wconf 66' lang='lat' dir='ltr'>fafturn</span> <span class='ocrx_word' id='word_1_49' title='bbox 496 606 562 651; x_wconf 91' lang='lat' dir='ltr'>est,</span> <span class='ocrx_word' id='word_1_50' title='bbox 596 615 638 643; x_wconf 91' lang='lat' dir='ltr'>ut</span> <span class='ocrx_word' id='word_1_51' title='bbox 659 605 782 643; x_wconf 89' lang='lat' dir='ltr'>literis</span> <span class='ocrx_word' id='word_1_52' title='bbox 805 604 1088 650; x_wconf 85' lang='lat' dir='ltr'>consularibus,</span> <span class='ocrx_word' id='word_1_53' title='bbox 1111 620 1158 644; x_wconf 83' lang='lat' dir='ltr'>ex</span> <span class='ocrx_word' id='word_1_54' title='bbox 1179 606 1552 652; x_wconf 87' lang='lat' dir='ltr'>senatus-consulto,</span> <span class='ocrx_word' id='word_1_55' title='bbox 1581 609 1723 646; x_wconf 60' lang='lat' dir='ltr'>cuneta</span> 
     </span>
     <span class='ocr_line' id='line_1_8' title="bbox 328 671 1719 724; baseline 0.002 -15"><span class='ocrx_word' id='word_1_56' title='bbox 328 686 374 710; x_wconf 84' lang='lat' dir='ltr'>ex</span> <span class='ocrx_word' id='word_1_57' title='bbox 397 672 523 717; x_wconf 86' lang='lat' dir='ltr'>Italia,</span> <span class='ocrx_word' id='word_1_58' title='bbox 541 685 693 716; x_wconf 89' lang='lat' dir='ltr'>omnes,</span> <span class='ocrx_word' id='word_1_59' title='bbox 712 671 779 723; x_wconf 90' lang='lat' dir='ltr'>qui</span> <span class='ocrx_word' id='word_1_60' title='bbox 801 671 1089 724; x_wconf 86' lang='lat' dir='ltr'>rempublicam</span> <span class='ocrx_word' id='word_1_61' title='bbox 1111 671 1253 710; x_wconf 79' lang='lat' dir='ltr'>salvam</span> <span class='ocrx_word' id='word_1_62' title='bbox 1274 673 1436 718; x_wconf 90' lang='lat' dir='ltr'>vellent,</span> <span class='ocrx_word' id='word_1_63' title='bbox 1453 687 1719 712; x_wconf 86' lang='lat' dir='ltr'>convocaren-</span> 
     </span>
     <span class='ocr_line' id='line_1_9' title="bbox 329 736 1721 791; baseline 0.001 -16"><span class='ocrx_word' id='word_1_64' title='bbox 329 748 406 776; x_wconf 88' lang='lat' dir='ltr'>tur.</span> <span class='ocrx_word' id='word_1_65' title='bbox 440 737 559 790; x_wconf 85' lang='lat' dir='ltr'>Qod</span> <span class='ocrx_word' id='word_1_66' title='bbox 592 751 795 788; x_wconf 88' lang='lat' dir='ltr'>nunquam</span> <span class='ocrx_word' id='word_1_67' title='bbox 828 736 978 774; x_wconf 88' lang='lat' dir='ltr'>senatus</span> <span class='ocrx_word' id='word_1_68' title='bbox 1011 738 1050 774; x_wconf 90' lang='lat' dir='ltr'>in</span> <span class='ocrx_word' id='word_1_69' title='bbox 1085 737 1269 775; x_wconf 74' lang='lat' dir='ltr'>universae</span> <span class='ocrx_word' id='word_1_70' title='bbox 1294 738 1522 790; x_wconf 87' lang='lat' dir='ltr'>reipublicae</span> <span class='ocrx_word' id='word_1_71' title='bbox 1543 740 1721 791; x_wconf 90' lang='lat' dir='ltr'>periculo</span> 
     </span>
     <span class='ocr_line' id='line_1_10' title="bbox 329 803 1719 857; baseline 0.001 -16"><span class='ocrx_word' id='word_1_72' title='bbox 329 804 514 849; x_wconf 88' lang='lat' dir='ltr'>decrevit,</span> <span class='ocrx_word' id='word_1_73' title='bbox 546 803 586 841; x_wconf 92' lang='lat' dir='ltr'>id</span> <span class='ocrx_word' id='word_1_74' title='bbox 608 804 648 840; x_wconf 89' lang='lat' dir='ltr'>in</span> <span class='ocrx_word' id='word_1_75' title='bbox 670 803 784 841; x_wconf 88' lang='lat' dir='ltr'>unius</span> <span class='ocrx_word' id='word_1_76' title='bbox 807 816 892 840; x_wconf 88' lang='lat' dir='ltr'>mea</span> <span class='ocrx_word' id='word_1_77' title='bbox 912 803 1032 840; x_wconf 87' lang='lat' dir='ltr'>salute</span> <span class='ocrx_word' id='word_1_78' title='bbox 1053 803 1312 841; x_wconf 79' lang='lat' dir='ltr'>conservanda</span> <span class='ocrx_word' id='word_1_79' title='bbox 1332 804 1622 842; x_wconf 85' lang='lat' dir='ltr'>decernendum</span> <span class='ocrx_word' id='word_1_80' title='bbox 1644 819 1719 857; x_wconf 90' lang='lat' dir='ltr'>pu-</span> 
     </span>
     <span class='ocr_line' id='line_1_11' title="bbox 328 868 1720 923; baseline 0.001 -16"><span class='ocrx_word' id='word_1_81' title='bbox 328 870 440 908; x_wconf 90' lang='lat' dir='ltr'>tavit.</span> <span class='ocrx_word' id='word_1_82' title='bbox 473 871 606 921; x_wconf 84' lang='lat' dir='ltr'>Qem</span> <span class='ocrx_word' id='word_1_83' title='bbox 627 869 734 906; x_wconf 88' lang='lat' dir='ltr'>curia</span> <span class='ocrx_word' id='word_1_84' title='bbox 754 869 878 921; x_wconf 82' lang='lat' dir='ltr'>magis</span> <span class='ocrx_word' id='word_1_85' title='bbox 901 869 1129 920; x_wconf 78' lang='lat' dir='ltr'>requisivit?</span> <span class='ocrx_word' id='word_1_86' title='bbox 1153 883 1271 921; x_wconf 89' lang='lat' dir='ltr'>quem</span> <span class='ocrx_word' id='word_1_87' title='bbox 1294 868 1426 907; x_wconf 89' lang='lat' dir='ltr'>forum</span> <span class='ocrx_word' id='word_1_88' title='bbox 1447 870 1578 908; x_wconf 86' lang='lat' dir='ltr'>luxit?</span> <span class='ocrx_word' id='word_1_89' title='bbox 1601 884 1720 923; x_wconf 89' lang='lat' dir='ltr'>quem</span> 
     </span>
     <span class='ocr_line' id='line_1_12' title="bbox 329 935 1718 988; baseline 0.002 -16"><span class='ocrx_word' id='word_1_90' title='bbox 329 949 436 987; x_wconf 78' lang='lat' dir='ltr'>aeque</span> <span class='ocrx_word' id='word_1_91' title='bbox 457 935 537 988; x_wconf 87' lang='lat' dir='ltr'>ipsa</span> <span class='ocrx_word' id='word_1_92' title='bbox 558 935 769 973; x_wconf 86' lang='lat' dir='ltr'>tribunalia</span> <span class='ocrx_word' id='word_1_93' title='bbox 789 935 1129 972; x_wconf 87' lang='lat' dir='ltr'>defideraverunt?</span> <span class='ocrx_word' id='word_1_94' title='bbox 1164 936 1314 973; x_wconf 89' lang='lat' dir='ltr'>Omnia</span> <span class='ocrx_word' id='word_1_95' title='bbox 1343 935 1502 973; x_wconf 88' lang='lat' dir='ltr'>disceffu</span> <span class='ocrx_word' id='word_1_96' title='bbox 1532 950 1621 974; x_wconf 89' lang='lat' dir='ltr'>meo</span> <span class='ocrx_word' id='word_1_97' title='bbox 1649 937 1718 975; x_wconf 89' lang='lat' dir='ltr'>de-</span> 
     </span>
     <span class='ocr_line' id='line_1_13' title="bbox 330 1000 1720 1054; baseline 0.001 -15"><span class='ocrx_word' id='word_1_98' title='bbox 330 1001 439 1046; x_wconf 89' lang='lat' dir='ltr'>serta,</span> <span class='ocrx_word' id='word_1_99' title='bbox 461 1001 634 1047; x_wconf 86' lang='lat' dir='ltr'>horrida,</span> <span class='ocrx_word' id='word_1_100' title='bbox 657 1010 781 1046; x_wconf 87' lang='lat' dir='ltr'>muta,</span> <span class='ocrx_word' id='word_1_101' title='bbox 805 1000 920 1053; x_wconf 89' lang='lat' dir='ltr'>plena</span> <span class='ocrx_word' id='word_1_102' title='bbox 941 1001 1067 1039; x_wconf 67' lang='lat' dir='ltr'>luetus</span> <span class='ocrx_word' id='word_1_103' title='bbox 1089 1010 1127 1039; x_wconf 90' lang='lat' dir='ltr'>et</span> <span class='ocrx_word' id='word_1_104' title='bbox 1148 1002 1328 1039; x_wconf 85' lang='lat' dir='ltr'>mceroris</span> <span class='ocrx_word' id='word_1_105' title='bbox 1349 1001 1524 1040; x_wconf 88' lang='lat' dir='ltr'>fuerunt.</span> <span class='ocrx_word' id='word_1_106' title='bbox 1544 1003 1646 1054; x_wconf 85' lang='lat' dir='ltr'>Qis</span> <span class='ocrx_word' id='word_1_107' title='bbox 1667 1002 1720 1040; x_wconf 90' lang='lat' dir='ltr'>est</span> 
     </span>
     <span class='ocr_line' id='line_1_14' title="bbox 329 1067 1720 1120; baseline 0.002 -16"><span class='ocrx_word' id='word_1_108' title='bbox 329 1067 450 1105; x_wconf 83' lang='lat' dir='ltr'>Italiae</span> <span class='ocrx_word' id='word_1_109' title='bbox 471 1067 595 1112; x_wconf 80' lang='lat' dir='ltr'>locus,</span> <span class='ocrx_word' id='word_1_110' title='bbox 613 1067 654 1104; x_wconf 89' lang='lat' dir='ltr'>in</span> <span class='ocrx_word' id='word_1_111' title='bbox 676 1080 754 1119; x_wconf 92' lang='lat' dir='ltr'>quo</span> <span class='ocrx_word' id='word_1_112' title='bbox 776 1080 855 1104; x_wconf 88' lang='lat' dir='ltr'>non</span> <span class='ocrx_word' id='word_1_113' title='bbox 876 1067 1002 1105; x_wconf 84' lang='lat' dir='ltr'>fixum</span> <span class='ocrx_word' id='word_1_114' title='bbox 1024 1067 1068 1105; x_wconf 85' lang='lat' dir='ltr'>fit</span> <span class='ocrx_word' id='word_1_115' title='bbox 1090 1067 1131 1105; x_wconf 90' lang='lat' dir='ltr'>in</span> <span class='ocrx_word' id='word_1_116' title='bbox 1151 1068 1324 1120; x_wconf 89' lang='lat' dir='ltr'>publicis</span> <span class='ocrx_word' id='word_1_117' title='bbox 1346 1069 1617 1107; x_wconf 86' lang='lat' dir='ltr'>monumentis</span> <span class='ocrx_word' id='word_1_118' title='bbox 1639 1068 1720 1107; x_wconf 91' lang='lat' dir='ltr'>stu-</span> 
     </span>
     <span class='ocr_line' id='line_1_15' title="bbox 329 1132 1284 1186; baseline 0.002 -16"><span class='ocrx_word' id='word_1_119' title='bbox 329 1132 439 1171; x_wconf 89' lang='lat' dir='ltr'>dium</span> <span class='ocrx_word' id='word_1_120' title='bbox 461 1133 593 1171; x_wconf 82' lang='lat' dir='ltr'>salutis</span> <span class='ocrx_word' id='word_1_121' title='bbox 615 1147 724 1178; x_wconf 85' lang='lat' dir='ltr'>meae,</span> <span class='ocrx_word' id='word_1_122' title='bbox 758 1132 1027 1172; x_wconf 88' lang='lat' dir='ltr'>testimonium</span> <span class='ocrx_word' id='word_1_123' title='bbox 1048 1133 1251 1186; x_wconf 86' lang='lat' dir='ltr'>dignitatis</span> <span class='ocrx_word' id='word_1_124' title='bbox 1271 1135 1284 1172; x_wconf 89' lang='lat'>?</span> 
     </span>
    </p>

    <p class='ocr_par' dir='ltr' id='par_1_3' title="bbox 327 1198 1725 2307">
     <span class='ocr_line' id='line_1_16' title="bbox 384 1198 1721 1251; baseline 0.001 -13"><span class='ocrx_word' id='word_1_125' title='bbox 384 1200 496 1238; x_wconf 89' lang='lat' dir='ltr'>LXI.</span> <span class='ocrx_word' id='word_1_126' title='bbox 530 1200 638 1237; x_wconf 91' lang='lat' dir='ltr'>Nam</span> <span class='ocrx_word' id='word_1_127' title='bbox 654 1198 750 1251; x_wconf 91' lang='lat' dir='ltr'>quid</span> <span class='ocrx_word' id='word_1_128' title='bbox 765 1212 838 1251; x_wconf 90' lang='lat' dir='ltr'>ego</span> <span class='ocrx_word' id='word_1_129' title='bbox 854 1199 922 1237; x_wconf 92' lang='lat' dir='ltr'>illa</span> <span class='ocrx_word' id='word_1_130' title='bbox 938 1199 984 1237; x_wconf 90' lang='lat' dir='ltr'>de</span> <span class='ocrx_word' id='word_1_131' title='bbox 1000 1213 1063 1237; x_wconf 90' lang='lat' dir='ltr'>me</span> <span class='ocrx_word' id='word_1_132' title='bbox 1080 1200 1212 1238; x_wconf 85' lang='lat' dir='ltr'>divina</span> <span class='ocrx_word' id='word_1_133' title='bbox 1232 1201 1586 1240; x_wconf 85' lang='lat' dir='ltr'>senatus-consulta</span> <span class='ocrx_word' id='word_1_134' title='bbox 1605 1215 1721 1240; x_wconf 91' lang='lat' dir='ltr'>com-</span> 
     </span>
     <span class='ocr_line' id='line_1_17' title="bbox 328 1266 1721 1320; baseline 0.003 -17"><span class='ocrx_word' id='word_1_135' title='bbox 328 1279 546 1304; x_wconf 84' lang='lat' dir='ltr'>memorem</span> <span class='ocrx_word' id='word_1_136' title='bbox 566 1267 578 1303; x_wconf 90' lang='lat'>?</span> <span class='ocrx_word' id='word_1_137' title='bbox 611 1266 671 1303; x_wconf 93' lang='lat' dir='ltr'>vel</span> <span class='ocrx_word' id='word_1_138' title='bbox 693 1266 799 1318; x_wconf 90' lang='lat' dir='ltr'>quod</span> <span class='ocrx_word' id='word_1_139' title='bbox 826 1266 867 1303; x_wconf 91' lang='lat' dir='ltr'>in</span> <span class='ocrx_word' id='word_1_140' title='bbox 889 1267 1040 1319; x_wconf 88' lang='lat' dir='ltr'>templo</span> <span class='ocrx_word' id='word_1_141' title='bbox 1061 1267 1170 1318; x_wconf 90' lang='lat' dir='ltr'>Jovis</span> <span class='ocrx_word' id='word_1_142' title='bbox 1194 1268 1354 1320; x_wconf 88' lang='lat' dir='ltr'>Optimi</span> <span class='ocrx_word' id='word_1_143' title='bbox 1376 1268 1548 1306; x_wconf 85' lang='lat' dir='ltr'>Maximi</span> <span class='ocrx_word' id='word_1_144' title='bbox 1569 1268 1721 1307; x_wconf 64' lang='lat' dir='ltr'>factum</span> 
     </span>
     <span class='ocr_line' id='line_1_18' title="bbox 328 1331 1719 1388; baseline 0.003 -19"><span class='ocrx_word' id='word_1_145' title='bbox 328 1331 395 1377; x_wconf 91' lang='lat' dir='ltr'>est,</span> <span class='ocrx_word' id='word_1_146' title='bbox 419 1345 511 1369; x_wconf 91' lang='lat' dir='ltr'>cum</span> <span class='ocrx_word' id='word_1_147' title='bbox 533 1332 592 1370; x_wconf 93' lang='lat' dir='ltr'>vir</span> <span class='ocrx_word' id='word_1_148' title='bbox 612 1332 659 1377; x_wconf 82' lang='lat' dir='ltr'>is,</span> <span class='ocrx_word' id='word_1_149' title='bbox 683 1332 754 1384; x_wconf 90' lang='lat' dir='ltr'>qui</span> <span class='ocrx_word' id='word_1_150' title='bbox 774 1332 986 1384; x_wconf 85' lang='lat' dir='ltr'>tripartitas</span> <span class='ocrx_word' id='word_1_151' title='bbox 1008 1333 1113 1371; x_wconf 85' lang='lat' dir='ltr'>orbis</span> <span class='ocrx_word' id='word_1_152' title='bbox 1137 1343 1326 1372; x_wconf 86' lang='lat' dir='ltr'>terrarum</span> <span class='ocrx_word' id='word_1_153' title='bbox 1347 1348 1430 1372; x_wconf 83' lang='lat' dir='ltr'>oras</span> <span class='ocrx_word' id='word_1_154' title='bbox 1452 1343 1567 1387; x_wconf 89' lang='lat' dir='ltr'>atque</span> <span class='ocrx_word' id='word_1_155' title='bbox 1587 1336 1719 1388; x_wconf 87' lang='lat' dir='ltr'>regio-</span> 
     </span>
     <span class='ocr_line' id='line_1_19' title="bbox 328 1397 1720 1454; baseline 0.003 -19"><span class='ocrx_word' id='word_1_156' title='bbox 328 1411 394 1435; x_wconf 89' lang='lat' dir='ltr'>nes</span> <span class='ocrx_word' id='word_1_157' title='bbox 417 1398 540 1436; x_wconf 87' lang='lat' dir='ltr'>tribus</span> <span class='ocrx_word' id='word_1_158' title='bbox 564 1397 777 1451; x_wconf 85' lang='lat' dir='ltr'>triumphis</span> <span class='ocrx_word' id='word_1_159' title='bbox 799 1398 997 1451; x_wconf 62' lang='lat' dir='ltr'>adjunctas</span> <span class='ocrx_word' id='word_1_160' title='bbox 1018 1398 1113 1437; x_wconf 90' lang='lat' dir='ltr'>huic</span> <span class='ocrx_word' id='word_1_161' title='bbox 1135 1400 1302 1452; x_wconf 87' lang='lat' dir='ltr'>imperio</span> <span class='ocrx_word' id='word_1_162' title='bbox 1323 1401 1488 1445; x_wconf 88' lang='lat' dir='ltr'>notavit,</span> <span class='ocrx_word' id='word_1_163' title='bbox 1507 1400 1553 1438; x_wconf 92' lang='lat' dir='ltr'>de</span> <span class='ocrx_word' id='word_1_164' title='bbox 1574 1401 1720 1454; x_wconf 90' lang='lat' dir='ltr'>scripto</span> 
     </span>
     <span class='ocr_line' id='line_1_20' title="bbox 327 1463 1717 1518; baseline 0.003 -17"><span class='ocrx_word' id='word_1_165' title='bbox 327 1463 517 1501; x_wconf 82' lang='lat' dir='ltr'>sententia</span> <span class='ocrx_word' id='word_1_166' title='bbox 537 1463 652 1509; x_wconf 66' lang='lat' dir='ltr'>dieta,</span> <span class='ocrx_word' id='word_1_167' title='bbox 675 1463 777 1502; x_wconf 88' lang='lat' dir='ltr'>mihi</span> <span class='ocrx_word' id='word_1_168' title='bbox 799 1465 867 1502; x_wconf 89' lang='lat' dir='ltr'>uni</span> <span class='ocrx_word' id='word_1_169' title='bbox 889 1465 1159 1502; x_wconf 88' lang='lat' dir='ltr'>testimonium</span> <span class='ocrx_word' id='word_1_170' title='bbox 1180 1466 1312 1518; x_wconf 76' lang='lat' dir='ltr'>patria:</span> <span class='ocrx_word' id='word_1_171' title='bbox 1332 1466 1562 1504; x_wconf 83' lang='lat' dir='ltr'>conservatae</span> <span class='ocrx_word' id='word_1_172' title='bbox 1583 1467 1717 1505; x_wconf 86' lang='lat' dir='ltr'>dedit?</span> 
     </span>
     <span class='ocr_line' id='line_1_21' title="bbox 327 1529 1721 1583; baseline 0.003 -16"><span class='ocrx_word' id='word_1_173' title='bbox 327 1531 437 1581; x_wconf 83' lang='lat' dir='ltr'>cujus</span> <span class='ocrx_word' id='word_1_174' title='bbox 461 1530 693 1568; x_wconf 86' lang='lat' dir='ltr'>sententiam</span> <span class='ocrx_word' id='word_1_175' title='bbox 710 1531 763 1568; x_wconf 86' lang='lat' dir='ltr'>ita</span> <span class='ocrx_word' id='word_1_176' title='bbox 778 1529 1110 1583; x_wconf 64' lang='lat' dir='ltr'>frequentissimus</span> <span class='ocrx_word' id='word_1_177' title='bbox 1129 1532 1279 1570; x_wconf 84' lang='lat' dir='ltr'>senatus</span> <span class='ocrx_word' id='word_1_178' title='bbox 1297 1532 1450 1571; x_wconf 86' lang='lat' dir='ltr'>secutus</span> <span class='ocrx_word' id='word_1_179' title='bbox 1467 1533 1533 1578; x_wconf 89' lang='lat' dir='ltr'>est,</span> <span class='ocrx_word' id='word_1_180' title='bbox 1553 1542 1596 1571; x_wconf 89' lang='lat' dir='ltr'>ut</span> <span class='ocrx_word' id='word_1_181' title='bbox 1619 1547 1721 1572; x_wconf 83' lang='lat' dir='ltr'>unus</span> 
     </span>
     <span class='ocr_line' id='line_1_22' title="bbox 327 1595 1721 1650; baseline 0.004 -17"><span class='ocrx_word' id='word_1_182' title='bbox 327 1596 540 1634; x_wconf 82' lang='lat' dir='ltr'>dissentiret</span> <span class='ocrx_word' id='word_1_183' title='bbox 556 1595 703 1642; x_wconf 76' lang='lat' dir='ltr'>hostis3</span> <span class='ocrx_word' id='word_1_184' title='bbox 735 1597 854 1648; x_wconf 91' lang='lat' dir='ltr'>idque</span> <span class='ocrx_word' id='word_1_185' title='bbox 875 1597 1004 1649; x_wconf 89' lang='lat' dir='ltr'>ipsum</span> <span class='ocrx_word' id='word_1_186' title='bbox 1026 1598 1170 1636; x_wconf 88' lang='lat' dir='ltr'>tabulis</span> <span class='ocrx_word' id='word_1_187' title='bbox 1192 1600 1366 1650; x_wconf 87' lang='lat' dir='ltr'>publicis</span> <span class='ocrx_word' id='word_1_188' title='bbox 1388 1599 1651 1645; x_wconf 85' lang='lat' dir='ltr'>mandaretur,</span> <span class='ocrx_word' id='word_1_189' title='bbox 1673 1600 1721 1638; x_wconf 92' lang='lat' dir='ltr'>ad</span> 
     </span>
     <span class='ocr_line' id='line_1_23' title="bbox 327 1662 1721 1718; baseline 0.003 -18"><span class='ocrx_word' id='word_1_190' title='bbox 327 1663 559 1701; x_wconf 86' lang='lat' dir='ltr'>memoriam</span> <span class='ocrx_word' id='word_1_191' title='bbox 580 1662 722 1715; x_wconf 90' lang='lat' dir='ltr'>posteri</span> <span class='ocrx_word' id='word_1_192' title='bbox 739 1663 928 1716; x_wconf 86' lang='lat' dir='ltr'>temporis</span> <span class='ocrx_word' id='word_1_193' title='bbox 947 1663 1223 1716; x_wconf 87' lang='lat' dir='ltr'>sempiternam</span> <span class='ocrx_word' id='word_1_194' title='bbox 1239 1680 1246 1703; x_wconf 90' lang='lat'>:</span> <span class='ocrx_word' id='word_1_195' title='bbox 1267 1666 1327 1703; x_wconf 88' lang='lat' dir='ltr'>vel</span> <span class='ocrx_word' id='word_1_196' title='bbox 1344 1666 1450 1717; x_wconf 90' lang='lat' dir='ltr'>quod</span> <span class='ocrx_word' id='word_1_197' title='bbox 1467 1665 1520 1703; x_wconf 89' lang='lat' dir='ltr'>est</span> <span class='ocrx_word' id='word_1_198' title='bbox 1535 1665 1721 1718; x_wconf 88' lang='lat' dir='ltr'>postridie</span> 
     </span>
     <span class='ocr_line' id='line_1_24' title="bbox 327 1728 1720 1783; baseline 0.004 -19"><span class='ocrx_word' id='word_1_199' title='bbox 327 1728 529 1765; x_wconf 89' lang='lat' dir='ltr'>decretum</span> <span class='ocrx_word' id='word_1_200' title='bbox 549 1728 590 1765; x_wconf 89' lang='lat' dir='ltr'>in</span> <span class='ocrx_word' id='word_1_201' title='bbox 612 1729 732 1773; x_wconf 88' lang='lat' dir='ltr'>curia,</span> <span class='ocrx_word' id='word_1_202' title='bbox 756 1728 895 1780; x_wconf 87' lang='lat' dir='ltr'>populi</span> <span class='ocrx_word' id='word_1_203' title='bbox 911 1729 1028 1780; x_wconf 87' lang='lat' dir='ltr'>ipfius</span> <span class='ocrx_word' id='word_1_204' title='bbox 1047 1730 1234 1774; x_wconf 90' lang='lat' dir='ltr'>Romani,</span> <span class='ocrx_word' id='word_1_205' title='bbox 1254 1740 1291 1767; x_wconf 91' lang='lat' dir='ltr'>et</span> <span class='ocrx_word' id='word_1_206' title='bbox 1307 1745 1459 1775; x_wconf 89' lang='lat' dir='ltr'>eorum,</span> <span class='ocrx_word' id='word_1_207' title='bbox 1477 1732 1545 1783; x_wconf 91' lang='lat' dir='ltr'>qui</span> <span class='ocrx_word' id='word_1_208' title='bbox 1561 1745 1609 1769; x_wconf 85' lang='lat' dir='ltr'>ex</span> <span class='ocrx_word' id='word_1_209' title='bbox 1626 1745 1720 1769; x_wconf 88' lang='lat' dir='ltr'>mu-</span> 
     </span>
     <span class='ocr_line' id='line_1_25' title="bbox 328 1793 1721 1846; baseline 0.003 -16"><span class='ocrx_word' id='word_1_210' title='bbox 328 1793 485 1845; x_wconf 87' lang='lat' dir='ltr'>nicipiis</span> <span class='ocrx_word' id='word_1_211' title='bbox 508 1803 784 1837; x_wconf 88' lang='lat' dir='ltr'>convenerant,</span> <span class='ocrx_word' id='word_1_212' title='bbox 817 1793 1037 1837; x_wconf 87' lang='lat' dir='ltr'>admonitu,</span> <span class='ocrx_word' id='word_1_213' title='bbox 1070 1808 1118 1831; x_wconf 91' lang='lat' dir='ltr'>ne</span> <span class='ocrx_word' id='word_1_214' title='bbox 1139 1795 1227 1846; x_wconf 85' lang='lat' dir='ltr'>quis</span> <span class='ocrx_word' id='word_1_215' title='bbox 1250 1795 1296 1832; x_wconf 90' lang='lat' dir='ltr'>de</span> <span class='ocrx_word' id='word_1_216' title='bbox 1324 1796 1418 1833; x_wconf 85' lang='lat' dir='ltr'>caelo</span> <span class='ocrx_word' id='word_1_217' title='bbox 1449 1796 1639 1842; x_wconf 50' lang='lat' dir='ltr'>servarem</span> <span class='ocrx_word' id='word_1_218' title='bbox 1672 1811 1721 1835; x_wconf 90' lang='lat' dir='ltr'>ne</span> 
     </span>
     <span class='ocr_line' id='line_1_26' title="bbox 328 1857 1720 1913; baseline 0.003 -18"><span class='ocrx_word' id='word_1_219' title='bbox 328 1858 415 1909; x_wconf 90' lang='lat' dir='ltr'>quis</span> <span class='ocrx_word' id='word_1_220' title='bbox 447 1871 598 1896; x_wconf 84' lang='lat' dir='ltr'>moram</span> <span class='ocrx_word' id='word_1_221' title='bbox 628 1858 751 1895; x_wconf 88' lang='lat' dir='ltr'>ullam</span> <span class='ocrx_word' id='word_1_222' title='bbox 781 1857 961 1903; x_wconf 79' lang='lat' dir='ltr'>afferret3</span> <span class='ocrx_word' id='word_1_223' title='bbox 996 1858 1021 1895; x_wconf 89' lang='lat' dir='ltr'>s1</span> <span class='ocrx_word' id='word_1_224' title='bbox 1043 1859 1130 1910; x_wconf 90' lang='lat' dir='ltr'>quis</span> <span class='ocrx_word' id='word_1_225' title='bbox 1152 1859 1264 1897; x_wconf 86' lang='lat' dir='ltr'>aliter</span> <span class='ocrx_word' id='word_1_226' title='bbox 1285 1859 1433 1898; x_wconf 84' lang='lat' dir='ltr'>feciffet</span> <span class='ocrx_word' id='word_1_227' title='bbox 1451 1889 1461 1905; x_wconf 95' lang='lat'><strong>,</strong></span> <span class='ocrx_word' id='word_1_228' title='bbox 1493 1874 1583 1899; x_wconf 88' lang='lat' dir='ltr'>eum</span> <span class='ocrx_word' id='word_1_229' title='bbox 1606 1861 1720 1913; x_wconf 86' lang='lat' dir='ltr'>plane</span> 
     </span>
     <span class='ocr_line' id='line_1_27' title="bbox 327 1923 1717 1977; baseline 0.002 -15"><span class='ocrx_word' id='word_1_230' title='bbox 327 1924 542 1962; x_wconf 88' lang='lat' dir='ltr'>eversorem</span> <span class='ocrx_word' id='word_1_231' title='bbox 563 1923 788 1975; x_wconf 80' lang='lat' dir='ltr'>reipublicae</span> <span class='ocrx_word' id='word_1_232' title='bbox 809 1923 907 1968; x_wconf 91' lang='lat' dir='ltr'>fore,</span> <span class='ocrx_word' id='word_1_233' title='bbox 939 1923 1057 1976; x_wconf 87' lang='lat' dir='ltr'>idque</span> <span class='ocrx_word' id='word_1_234' title='bbox 1082 1924 1258 1962; x_wconf 88' lang='lat' dir='ltr'>senatum</span> <span class='ocrx_word' id='word_1_235' title='bbox 1279 1925 1496 1977; x_wconf 77' lang='lat' dir='ltr'>gravissime</span> <span class='ocrx_word' id='word_1_236' title='bbox 1516 1927 1717 1971; x_wconf 77' lang='lat' dir='ltr'>laturum;</span> 
     </span>
     <span class='ocr_line' id='line_1_28' title="bbox 327 1988 1719 2043; baseline 0.003 -15"><span class='ocrx_word' id='word_1_237' title='bbox 327 2002 365 2028; x_wconf 82' lang='lat' dir='ltr'>et</span> <span class='ocrx_word' id='word_1_238' title='bbox 387 2000 429 2028; x_wconf 90' lang='lat' dir='ltr'>ut</span> <span class='ocrx_word' id='word_1_239' title='bbox 450 1990 579 2028; x_wconf 83' lang='lat' dir='ltr'>statim</span> <span class='ocrx_word' id='word_1_240' title='bbox 600 1990 647 2027; x_wconf 91' lang='lat' dir='ltr'>de</span> <span class='ocrx_word' id='word_1_241' title='bbox 667 1991 749 2042; x_wconf 87' lang='lat' dir='ltr'>ejus</span> <span class='ocrx_word' id='word_1_242' title='bbox 767 1989 868 2027; x_wconf 60' lang='lat' dir='ltr'>faeto</span> <span class='ocrx_word' id='word_1_243' title='bbox 885 1988 1118 2028; x_wconf 85' lang='lat' dir='ltr'>referretur?</span> <span class='ocrx_word' id='word_1_244' title='bbox 1138 1992 1228 2042; x_wconf 83' lang='lat' dir='ltr'>Qa</span> <span class='ocrx_word' id='word_1_245' title='bbox 1243 1993 1430 2043; x_wconf 79' lang='lat' dir='ltr'>gravitate</span> <span class='ocrx_word' id='word_1_246' title='bbox 1446 1993 1510 2030; x_wconf 88' lang='lat' dir='ltr'>sua</span> <span class='ocrx_word' id='word_1_247' title='bbox 1530 2006 1623 2032; x_wconf 86' lang='lat' dir='ltr'>curn</span> <span class='ocrx_word' id='word_1_248' title='bbox 1639 1993 1719 2032; x_wconf 87' lang='lat' dir='ltr'>fre-</span> 
     </span>
     <span class='ocr_line' id='line_1_29' title="bbox 329 2055 1719 2109; baseline 0.004 -17"><span class='ocrx_word' id='word_1_249' title='bbox 329 2069 452 2108; x_wconf 85' lang='lat' dir='ltr'>quens</span> <span class='ocrx_word' id='word_1_250' title='bbox 482 2055 632 2093; x_wconf 82' lang='lat' dir='ltr'>senatus</span> <span class='ocrx_word' id='word_1_251' title='bbox 663 2055 947 2093; x_wconf 81' lang='lat' dir='ltr'>nonnullorum</span> <span class='ocrx_word' id='word_1_252' title='bbox 973 2055 1095 2093; x_wconf 90' lang='lat' dir='ltr'>scelus</span> <span class='ocrx_word' id='word_1_253' title='bbox 1117 2056 1394 2109; x_wconf 87' lang='lat' dir='ltr'>audaciamque</span> <span class='ocrx_word' id='word_1_254' title='bbox 1424 2058 1626 2102; x_wconf 78' lang='lat' dir='ltr'>tardaffet;</span> <span class='ocrx_word' id='word_1_255' title='bbox 1661 2068 1719 2097; x_wconf 87' lang='lat' dir='ltr'>ta-</span> 
     </span>
     <span class='ocr_line' id='line_1_30' title="bbox 329 2122 1725 2177; baseline 0.002 -16"><span class='ocrx_word' id='word_1_256' title='bbox 329 2137 420 2161; x_wconf 88' lang='lat' dir='ltr'>men</span> <span class='ocrx_word' id='word_1_257' title='bbox 452 2122 550 2160; x_wconf 85' lang='lat' dir='ltr'>illud</span> <span class='ocrx_word' id='word_1_258' title='bbox 582 2122 756 2167; x_wconf 86' lang='lat' dir='ltr'>addidit,</span> <span class='ocrx_word' id='word_1_259' title='bbox 790 2123 814 2160; x_wconf 80' lang='lat' dir='ltr'>sl</span> <span class='ocrx_word' id='word_1_260' title='bbox 845 2122 982 2160; x_wconf 89' lang='lat' dir='ltr'>diebus</span> <span class='ocrx_word' id='word_1_261' title='bbox 1004 2124 1205 2175; x_wconf 86' lang='lat' dir='ltr'>quinque,</span> <span class='ocrx_word' id='word_1_262' title='bbox 1237 2125 1381 2176; x_wconf 87' lang='lat' dir='ltr'>quibus</span> <span class='ocrx_word' id='word_1_263' title='bbox 1403 2125 1465 2177; x_wconf 82' lang='lat' dir='ltr'>agi</span> <span class='ocrx_word' id='word_1_264' title='bbox 1487 2125 1533 2162; x_wconf 91' lang='lat' dir='ltr'>de</span> <span class='ocrx_word' id='word_1_265' title='bbox 1554 2139 1618 2162; x_wconf 86' lang='lat' dir='ltr'>me</span> <span class='ocrx_word' id='word_1_266' title='bbox 1645 2135 1725 2177; x_wconf 52' lang='lat' dir='ltr'>po*</span> 
     </span>
     <span class='ocr_line' id='line_1_31' title="bbox 328 2187 1719 2243; baseline 0.003 -17"><span class='ocrx_word' id='word_1_267' title='bbox 328 2188 482 2232; x_wconf 83' lang='lat' dir='ltr'>tuisset,</span> <span class='ocrx_word' id='word_1_268' title='bbox 517 2201 594 2225; x_wconf 82' lang='lat' dir='ltr'>uon</span> <span class='ocrx_word' id='word_1_269' title='bbox 622 2187 711 2226; x_wconf 74' lang='lat' dir='ltr'>esset</span> <span class='ocrx_word' id='word_1_270' title='bbox 738 2189 882 2233; x_wconf 63' lang='lat' dir='ltr'>acrum,</span> <span class='ocrx_word' id='word_1_271' title='bbox 916 2188 1082 2228; x_wconf 85' lang='lat' dir='ltr'>redirem</span> <span class='ocrx_word' id='word_1_272' title='bbox 1109 2190 1150 2228; x_wconf 89' lang='lat' dir='ltr'>in</span> <span class='ocrx_word' id='word_1_273' title='bbox 1178 2191 1359 2243; x_wconf 84' lang='lat' dir='ltr'>patriam,</span> <span class='ocrx_word' id='word_1_274' title='bbox 1391 2190 1583 2243; x_wconf 85' lang='lat' dir='ltr'>dignitate</span> <span class='ocrx_word' id='word_1_275' title='bbox 1607 2193 1719 2231; x_wconf 85' lang='lat' dir='ltr'>omni</span> 
     </span>
     <span class='ocr_line' id='line_1_32' title="bbox 329 2265 563 2307; baseline -0.009 -13"><span class='ocrx_word' id='word_1_276' title='bbox 329 2265 563 2307; x_wconf 76' lang='lat' dir='ltr'>recuperata.</span> 
     </span>
    </p>

    <p class='ocr_par' dir='ltr' id='par_1_4' title="bbox 328 2321 1721 2510">
     <span class='ocr_line' id='line_1_33' title="bbox 384 2321 1721 2375; baseline 0.004 -18"><span class='ocrx_word' id='word_1_277' title='bbox 384 2321 518 2359; x_wconf 88' lang='lat' dir='ltr'>LXII.</span> <span class='ocrx_word' id='word_1_278' title='bbox 552 2321 738 2358; x_wconf 87' lang='lat' dir='ltr'>Decrevit</span> <span class='ocrx_word' id='word_1_279' title='bbox 765 2321 902 2359; x_wconf 88' lang='lat' dir='ltr'>eodem</span> <span class='ocrx_word' id='word_1_280' title='bbox 924 2331 1102 2374; x_wconf 89' lang='lat' dir='ltr'>tempore</span> <span class='ocrx_word' id='word_1_281' title='bbox 1122 2322 1287 2367; x_wconf 86' lang='lat' dir='ltr'>senatus,</span> <span class='ocrx_word' id='word_1_282' title='bbox 1321 2331 1365 2360; x_wconf 83' lang='lat' dir='ltr'>ut</span> <span class='ocrx_word' id='word_1_283' title='bbox 1385 2323 1447 2368; x_wconf 86' lang='lat' dir='ltr'>iis,</span> <span class='ocrx_word' id='word_1_284' title='bbox 1480 2324 1547 2375; x_wconf 91' lang='lat' dir='ltr'>qui</span> <span class='ocrx_word' id='word_1_285' title='bbox 1569 2338 1616 2362; x_wconf 84' lang='lat' dir='ltr'>ex</span> <span class='ocrx_word' id='word_1_286' title='bbox 1640 2336 1721 2364; x_wconf 80' lang='lat' dir='ltr'>tota</span> 
     </span>
     <span class='ocr_line' id='line_1_34' title="bbox 328 2387 1718 2444; baseline 0.003 -18"><span class='ocrx_word' id='word_1_287' title='bbox 328 2388 442 2426; x_wconf 85' lang='lat' dir='ltr'>Italia</span> <span class='ocrx_word' id='word_1_288' title='bbox 462 2387 593 2424; x_wconf 83' lang='lat' dir='ltr'>salutis</span> <span class='ocrx_word' id='word_1_289' title='bbox 616 2401 709 2425; x_wconf 81' lang='lat' dir='ltr'>meae</span> <span class='ocrx_word' id='word_1_290' title='bbox 739 2387 848 2426; x_wconf 82' lang='lat' dir='ltr'>causa</span> <span class='ocrx_word' id='word_1_291' title='bbox 869 2398 1145 2434; x_wconf 85' lang='lat' dir='ltr'>convenerant,</span> <span class='ocrx_word' id='word_1_292' title='bbox 1177 2399 1383 2442; x_wconf 83' lang='lat' dir='ltr'>agerentur</span> <span class='ocrx_word' id='word_1_293' title='bbox 1412 2392 1571 2442; x_wconf 76' lang='lat' dir='ltr'>gratiae3</span> <span class='ocrx_word' id='word_1_294' title='bbox 1603 2401 1718 2444; x_wconf 81' lang='lat' dir='ltr'>atque</span> 
     </span>
     <span class='ocr_line' id='line_1_35' title="bbox 329 2453 1719 2510; baseline 0.002 -16"><span class='ocrx_word' id='word_1_295' title='bbox 329 2464 371 2494; x_wconf 82' lang='lat' dir='ltr'>ut</span> <span class='ocrx_word' id='word_1_296' title='bbox 394 2453 514 2492; x_wconf 88' lang='lat' dir='ltr'>iidem</span> <span class='ocrx_word' id='word_1_297' title='bbox 535 2453 579 2491; x_wconf 85' lang='lat' dir='ltr'>ad</span> <span class='ocrx_word' id='word_1_298' title='bbox 602 2467 659 2492; x_wconf 87' lang='lat' dir='ltr'>res</span> <span class='ocrx_word' id='word_1_299' title='bbox 682 2454 884 2493; x_wconf 85' lang='lat' dir='ltr'>redeuntes</span> <span class='ocrx_word' id='word_1_300' title='bbox 901 2484 911 2501; x_wconf 91' lang='lat'><em>,</em></span> <span class='ocrx_word' id='word_1_301' title='bbox 943 2464 986 2493; x_wconf 90' lang='lat' dir='ltr'>ut</span> <span class='ocrx_word' id='word_1_302' title='bbox 1007 2455 1185 2494; x_wconf 85' lang='lat' dir='ltr'>venirent</span> <span class='ocrx_word' id='word_1_303' title='bbox 1200 2485 1211 2502; x_wconf 92' lang='lat'><strong><em>,</em></strong></span> <span class='ocrx_word' id='word_1_304' title='bbox 1244 2466 1501 2510; x_wconf 48' lang='lat' dir='ltr'>rogarentur„</span> <span class='ocrx_word' id='word_1_305' title='bbox 1521 2457 1617 2496; x_wconf 81' lang='lat' dir='ltr'>Haec</span> <span class='ocrx_word' id='word_1_306' title='bbox 1638 2468 1719 2498; x_wconf 84' lang='lat' dir='ltr'>erat</span> 
     </span>
    </p>
   </div>
  </div>
 </body>
</html>
