2076 2860
436 194 507 232 182
904 189 1348 227 ORATIO

431 303 563 331 tecum
585 292 768 330 eduxeras
783 320 794 336 ,
826 289 1046 342 imperasti,
1079 298 1122 327 ut
1144 302 1255 327 venas
1277 288 1452 327 hominis
1474 286 1677 327 incideret.
1711 290 1821 328 Tum

431 358 592 410 quidem
616 357 688 394 tibi
715 356 832 394 etiam
861 355 1020 393 acceffio
1050 354 1129 393 fuit
1157 354 1204 392 ad
1234 368 1371 392 necem
1402 354 1583 400 Platoris,
1617 355 1821 393 Pleuratus

430 426 512 476 ejus
535 435 692 466 comes5
725 435 844 473 quem
866 420 1007 458 necasti
1034 420 1286 465 verberibus,
1319 421 1470 458 summa
1499 420 1692 458 senectute
1721 435 1819 459 con-

432 488 592 526 fectum.
638 487 826 538 Idemque
849 495 890 524 tu
913 486 1190 524 Rabocentum
1205 516 1216 531 ‚
1249 485 1402 524 Befficae
1422 487 1550 538 gentis
1571 486 1821 539 principem,

430 568 523 591 cum
556 564 592 590 te
626 553 808 590 trecentis
842 552 998 590 talentis
1032 553 1113 603 regi
1147 553 1268 589 Cotto
1301 552 1545 596 vendidiffes,
1579 552 1702 590 securi
1731 566 1821 605 per-

429 619 598 664 cuffisti3
631 633 725 657 cum
745 618 813 656 ille
834 618 880 656 ad
903 628 939 656 te
959 619 1109 671 legatus
1132 619 1171 655 in
1193 618 1311 655 castra
1331 618 1504 664 veniffet,
1526 627 1565 656 et
1586 619 1661 657 tibi
1682 632 1825 671 magna

429 686 600 738 praefidia
620 695 658 723 et
679 686 837 731 auxilia,
859 700 880 722 a
903 684 1033 729 Beflis,
1057 683 1236 736 peditum
1258 685 1518 737 equitumque
1539 685 1793 737 polliceretur
1811 700 1820 725 :

430 765 556 803 neque
584 765 676 789 eum
703 751 845 796 solum,
878 750 941 788 sed
968 751 1087 788 etiam
1119 758 1276 787 caeteros
1309 750 1472 802 legatos,
1504 751 1574 802 qui
1608 750 1722 789 simul
1752 764 1820 788 ve-

430 828 565 855 nerant
582 837 592 862 ;
625 831 797 870 quorum
817 817 1000 855 omnium
1020 816 1149 868 capita
1168 816 1250 867 regi
1273 816 1394 853 Cotto
1415 815 1637 854 vendidisti.
1670 816 1822 854 Dense-

431 884 519 920 letis
535 913 545 928 ,
579 898 664 936 quae
693 884 798 920 natio
827 883 976 935 semper
1003 881 1189 919 obediens
1211 880 1306 919 huic
1328 882 1496 934 imperio
1511 911 1521 926 ,
1553 882 1673 919 etiam
1694 882 1735 919 in
1756 882 1826 920 illa

431 949 613 987 omnium
635 949 887 986 barbarorum
909 947 1127 986 defectione
1147 947 1426 992 Macedonica,
1451 949 1500 985 C.
1520 948 1700 985 Sentium
1721 961 1821 1000 prae—

433 1024 557 1052 torem
581 1024 703 1053 tutata
723 1015 775 1052 est
790 1045 800 1060 ‚
835 1014 1028 1053 nefarium
1050 1013 1201 1052 bellum
1229 1022 1267 1051 et
1287 1013 1444 1053 crudele
1465 1013 1632 1051 intulisti
1652 1028 1660 1051 ε
1694 1013 1826 1066 eisque

431 1096 524 1118 cum
541 1081 770 1119 fideliffimis
787 1081 900 1119 sociis
918 1081 976 1119 uti
992 1080 1130 1132 poffes,
1148 1079 1324 1117 hostibus
1343 1080 1400 1117 uti
1421 1080 1618 1117 acerrimis
1636 1079 1822 1118 maluisti.

433 1149 492 1185 Ita
520 1158 729 1200 perpetuos
760 1146 978 1185 defensores
1006 1145 1279 1190 Macedoniae,
1312 1154 1510 1184 vexatores
1541 1159 1583 1184 ac
1608 1145 1823 1198 perditores

430 1213 606 1252 effecisti.
643 1213 857 1266 Vectigalia
877 1212 1003 1250 nostra
1022 1212 1327 1265 perturbarunt,
1360 1212 1474 1250 urbes
1496 1221 1708 1264 ceperunt,
1739 1212 1823 1251 vas-

432 1288 564 1318 tarunt
584 1293 709 1332 agros,
742 1279 864 1317 socios
887 1278 1034 1316 nostros
1055 1279 1096 1315 in
1118 1278 1345 1315 servitutem
1365 1277 1627 1322 abduxerunt,
1653 1276 1824 1315 familias

430 1345 702 1398 abripuerunt,
734 1359 852 1398 pecus
873 1345 1115 1397 abegerunt;
1149 1343 1524 1388 Theffalonicenses,
1557 1357 1650 1382 cum
1676 1342 1826 1396 oppido

431 1411 698 1465 desperaffent,
731 1413 884 1450 munire
904 1424 1032 1448 arcem
1053 1419 1281 1462 coegerunt.

486 1479 660 1516 XXXV.
695 1479 730 1515 A
754 1487 790 1516 te
811 1477 920 1529 Jovis
943 1476 1033 1514 Urii
1058 1474 1197 1514 fanum
1218 1474 1532 1528 antiquiffimum
1553 1474 1823 1521 barbarorum,

432 1543 803 1596 sanctissimumque,
835 1543 1035 1595 direptum
1056 1541 1122 1580 est.
1156 1543 1247 1580 Tua
1266 1541 1408 1580 scelera
1427 1541 1499 1579 Dii
1519 1540 1762 1579 immortales
1783 1541 1826 1579 in

431 1609 579 1648 nostros
601 1609 748 1647 milites
765 1609 1042 1662 expiaverunt:
1062 1608 1132 1660 qui
1152 1621 1246 1646 cum
1266 1621 1346 1646 uno
1366 1621 1506 1659 genere
1522 1607 1653 1645 morbi
1673 1605 1826 1659 afflige-

431 1686 579 1722 rentur,
598 1690 725 1729 neque
746 1676 781 1714 se
804 1690 971 1714 recreare
991 1674 1200 1728 quisquam
1220 1674 1356 1728 posset,
1380 1674 1450 1726 qui
1470 1674 1586 1712 semel
1608 1672 1824 1720 incidiffet;

431 1743 637 1781 dubitabat
658 1756 788 1786 nemo,
811 1743 909 1794 quin
930 1741 1066 1779 violati
1086 1741 1273 1793 hospites,
1306 1740 1425 1793 legati
1446 1740 1588 1785 necati,
1618 1740 1745 1792 pacati
1764 1748 1824 1778 at-

432 1823 507 1860 que
524 1808 618 1846 socii
640 1806 788 1844 nefario
806 1807 911 1844 bello
931 1806 1105 1850 laceffiti‚
1124 1806 1213 1844 fana
1233 1815 1382 1850 vexata,
1400 1805 1502 1844 hanc
1523 1813 1672 1844 tantam
1693 1805 1826 1843 effice-

433 1883 518 1912 rent
534 1873 769 1911 ‘vastitatem
813 1871 1030 1924 Cognoscis
1051 1885 1100 1909 ex
1119 1871 1311 1923 particula
1330 1884 1446 1923 parva
1466 1871 1655 1909 scelerum
1676 1879 1714 1908 et
1734 1884 1826 1909 cru-

431 1939 602 1979 delitatis
625 1948 699 1977 tuae
719 1952 841 1992 genus
865 1936 1102 1976 universum.

489 2006 599 2058 Qid
618 2006 800 2049 avaritiae,
832 2018 917 2057 quae
937 2002 1174 2042 criminibus
1196 2002 1362 2040 infinitis
1385 2001 1587 2054 implicata
1616 2000 1684 2046 est,
1715 2000 1825 2039 sum-

433 2086 539 2110 mam
562 2084 666 2109 nunc
687 2070 884 2122 explicem
904 2071 916 2106 ?
950 2069 1180 2108 Generatim
1201 2081 1266 2113 ea,
1299 2082 1385 2121 quae
1406 2067 1577 2106 maxime
1598 2076 1690 2105 nota
1709 2066 1799 2105 sunt
1813 2097 1825 2113 ‚

433 2139 576 2176 dicam.
609 2136 756 2174 Nonne
778 2135 993 2174 sestertium
1014 2135 1160 2172 centies
1182 2144 1219 2172 et
1239 2134 1412 2186 octogies
1426 2163 1436 2178 ‚
1469 2132 1599 2185 quod,
1632 2132 1736 2184 quafi
1758 2147 1824 2171 va—

434 2205 519 2242 sarii
541 2203 721 2248 nomine,
754 2202 795 2240 in
816 2201 1041 2240 venditione
1063 2201 1140 2238 mei
1161 2201 1299 2253 capitis
1321 2199 1569 2252 adscripseras
1583 2228 1593 2244 ‚
1625 2212 1672 2237 ex
1694 2199 1826 2237 aerario

434 2271 508 2309 tibi
529 2269 780 2313 attributum,
812 2269 952 2306 Romae
972 2268 1012 2305 in
1038 2266 1185 2319 quaestu
1216 2266 1438 2319 reliquisti?
1472 2279 1616 2311 nonne,
1648 2279 1742 2304 curn
1762 2279 1823 2304 cc.

434 2337 577 2375 talenta
609 2335 684 2373 tibi
716 2334 979 2388 Apolloniatae
1008 2334 1147 2372 Romae
1173 2332 1376 2377 dediffent,
1408 2346 1456 2370 ne
1483 2333 1667 2385 pecunias
1695 2331 1825 2370 credi-

435 2414 490 2442 tas
512 2403 718 2447 solverent,
751 2401 855 2439 ultro
886 2400 1105 2445 Fufidium,
1136 2400 1312 2452 equitem
1344 2399 1587 2444 Romanum,
1618 2398 1825 2437 hominem

434 2469 741 2515 ornatiffimum,
773 2467 1028 2513 creditorem,
1060 2466 1306 2506 debitoribus
1327 2465 1404 2505 suis
1424 2465 1637 2504 addixisti?
1669 2477 1823 2509 nonne,
