2076 2860
695 163 1269 204 PHILIPPICA
1347 166 1399 205 X.
1668 182 1746 220 409

347 275 386 306 et
405 275 517 306 antea
532 267 622 320 jure
642 266 819 305 laudatus
842 280 862 304 a
883 266 1013 311 nobis,
1045 276 1084 304 et
1112 265 1189 304 hoc
1213 276 1390 320 tempore
1416 267 1559 306 merito
1580 268 1743 308 laudan-

347 333 418 372 dus
446 333 513 379 est,
545 333 697 386 aperuit
728 331 940 385 Dyrrachii
970 342 1099 385 portas
1131 334 1270 379 Bruto,
1302 343 1340 372 et
1369 335 1590 373 exercitum
1621 336 1742 374 tradi-

346 399 419 438 dit.
462 401 594 438 Tenet
614 400 737 452 igitur
756 399 928 453 populus
952 399 1157 438 Romanus
1179 399 1474 446 Macedoniam,
1508 410 1614 439 tenet
1641 402 1741 453 Illy-

344 465 497 511 ricum,
530 474 663 503 tuetur
698 466 923 504 Graeciam:
958 465 1092 504 nostrae
1127 465 1217 504 sunt
1252 466 1451 518 legiones,
1484 467 1610 505 nostra
1644 468 1740 505 levis

343 540 551 576 armatura,
575 531 702 569 noster
722 532 935 584 equitatus,
958 532 1212 584 maximeque
1234 531 1360 570 noster
1379 532 1431 570 est
1453 534 1614 578 Brutus,
1636 532 1739 571 sem—

344 611 491 651 perque
512 598 652 644 noster,
685 612 778 636 cum
809 598 874 636 sua
902 598 1225 636 excellentiffima
1253 599 1398 636 virtute
1419 599 1648 652 reipublicae
1668 613 1739 638 na-

344 672 422 708 tus,
456 673 543 701 tum
564 663 645 703 fato
666 665 839 716 quodam
860 666 1012 717 paterni
1034 665 1281 716 maternique
1301 665 1453 716 generis
1475 674 1513 703 et
1534 666 1724 704 nominis.

400 730 496 767 VII.
529 729 594 766 Ab
616 728 693 767 hoc
714 730 837 782 igitur
857 730 941 767 viro
963 730 1172 782 quisquam
1194 729 1345 767 bellum
1367 729 1496 775 timet,
1519 731 1603 782 qui,
1626 739 1737 769 ante·-

343 808 463 847 quam
484 808 554 832 nos
576 795 616 833 id
637 796 758 833 coacti
781 795 1036 847 suscepimus,
1070 797 1109 832 in
1132 808 1225 848 pace
1240 795 1382 847 jacere,
1416 809 1535 847 quam
1565 796 1606 833 in
1632 796 1739 834 bello

343 861 487 912 vigere,
519 860 692 899 maluit?
728 863 968 914 Qanquam
998 861 1066 898 ille
1087 861 1249 913 quidem
1271 875 1474 914 nunquam
1490 863 1632 913 jacuit,
1665 876 1737 900 nec

341 924 419 964 hoc
440 926 573 964 cadere
595 925 758 964 verbum
780 927 819 964 in
843 936 991 964 tantam
1013 927 1169 965 virtutis
1193 926 1452 978 praestantiam
1471 927 1611 980 potest.
1643 929 1737 966 Erat

342 992 450 1029 enim
471 992 511 1029 in
533 992 720 1029 defiderio
741 992 926 1037 civitatis,
958 993 997 1030 in
1021 1006 1100 1037 ore,
1134 994 1174 1030 in
1204 993 1380 1031 sermone
1401 994 1585 1031 omnium
1604 1009 1613 1031 ε
1647 1002 1733 1032 tan-

342 1067 430 1095 tum
451 1066 582 1095 autem
604 1057 734 1095 aberat
755 1072 775 1094 a
797 1058 916 1102 bello,
950 1068 1007 1102 ut,
1040 1072 1133 1096 cum
1164 1058 1379 1111 cupiditate
1409 1059 1601 1097 libertatis
1626 1059 1737 1097 Italia

340 1123 503 1168 arderet,
535 1122 704 1161 defuerit
725 1124 874 1162 civium
895 1124 1030 1162 studiis
1051 1125 1200 1176 potius,
1233 1138 1350 1176 quam
1373 1137 1437 1162 eos
1467 1125 1508 1162 in
1536 1139 1735 1164 armorum

340 1189 552 1227 discrimen
573 1189 795 1228 adduceret.
840 1191 977 1241 Itaque
999 1190 1060 1227 illi
1088 1190 1173 1242 ipfi,
1206 1190 1231 1227 fi
1252 1190 1323 1243 qui
1344 1190 1449 1235 sunt,
1481 1191 1551 1242 qui
1574 1191 1733 1230 tardita-

341 1264 423 1293 tem
451 1255 564 1293 Bruti
593 1254 893 1310 reprehendant,
926 1264 1056 1293 tamen
1089 1255 1210 1309 iidem
1238 1256 1551 1295 moderationem
1581 1258 1734 1310 patien-

342 1321 518 1373 tiamque
538 1321 746 1358 mirantur.

397 1386 470 1425 Sed
499 1387 584 1438 jam
619 1386 757 1431 video,
790 1386 887 1439 quid
921 1386 1159 1439 loquantur:
1200 1400 1326 1439 neque
1361 1387 1468 1425 enim
1503 1387 1543 1425 id
1578 1389 1736 1427 occulte

337 1452 506 1491 faciunt.
550 1453 712 1491 Timere
743 1453 778 1491 se
807 1453 963 1497 dicunt,
995 1452 1197 1504 quomodo
1218 1452 1344 1490 ferant
1364 1455 1550 1499 veterani,
1581 1455 1733 1492 exerci-

336 1512 428 1557 tum
449 1520 618 1556 Brutum
648 1518 803 1556 habere.
849 1519 967 1569 Qali
998 1531 1088 1555 vero
1118 1517 1338 1571 quidquam
1368 1518 1518 1556 interfit
1547 1519 1650 1557 inter
1680 1523 1732 1559 A.

340 1584 483 1629 Hirtii,
508 1585 556 1622 C.
578 1584 720 1629 Pansae,
745 1585 798 1622 D.
820 1585 947 1629 Bruti,
972 1585 1020 1622 C.
1041 1583 1215 1629 Caesaris‘,
1238 1593 1277 1621 et
1297 1583 1404 1622 hunc
1426 1584 1644 1622 exercitum
1667 1585 1730 1624 M.

339 1650 468 1688 Bruti.
501 1650 624 1695 Nam,
648 1651 672 1687 fi
695 1660 863 1702 quatuor
882 1651 1076 1688 exercitus
1100 1650 1141 1694 ii,
1174 1649 1220 1687 de
1242 1649 1386 1702 quibus
1409 1650 1506 1694 dixi,
1529 1660 1734 1703 propterea

338 1716 561 1761 laudantur,
594 1716 700 1768 quod
728 1730 797 1768 pro
820 1716 957 1768 populi
986 1715 1158 1753 Romani
1179 1715 1360 1753 libertate
1387 1729 1492 1753 arma
1512 1726 1701 1767 ceperunt
1719 1736 1729 1761 ;

339 1781 436 1833 quid
471 1781 548 1826 est,
581 1795 651 1819 cur
685 1781 751 1819 hic
788 1782 851 1820 M.
886 1782 998 1819 Bruti
1033 1782 1227 1819 exercitus
1264 1794 1342 1818 non
1379 1780 1418 1817 in
1454 1780 1588 1818 eadem
1623 1783 1733 1820 causa

339 1858 506 1899 ponatur
525 1849 537 1884 ?

394 1915 450 1951 At
471 1914 578 1951 enim
598 1914 788 1951 veteranis
812 1912 1029 1966 suspectum
1051 1912 1102 1950 est
1125 1926 1269 1950 nomen
1294 1912 1355 1950 M.
1374 1912 1501 1949 Bruti.
1535 1912 1730 1964 Ill-agisne,

338 1993 458 2032 quam
481 1979 667 2017 Decimi?
692 1980 892 2031 Equidem
910 1993 987 2017 non
1011 1979 1190 2016 arbitror.
1217 1979 1297 2016 Etfi
1320 1978 1372 2015 est
1388 1979 1495 2016 enim
1517 1979 1732 2017 Brutorum

337 2058 551 2083 commune
583 2044 747 2090 faenum,
779 2055 817 2083 et
849 2045 973 2083 laudis
1006 2045 1166 2082 societas
1194 2058 1329 2097 aequa3
1364 2044 1418 2082 D.
1449 2053 1580 2082 tamen
1608 2045 1732 2083 Bruto

339 2110 512 2148 iratiores
542 2110 587 2155 ii,
619 2111 688 2162 qui
720 2110 760 2147 id
791 2109 940 2148 factum
972 2110 1173 2155 dolebant,
1205 2123 1286 2162 quo
1313 2110 1445 2147 minus
1474 2109 1520 2147 ab
1550 2110 1621 2147 illo
1648 2124 1729 2148 rem

335 2175 450 2214 illam
470 2175 653 2213 dicebant
674 2175 758 2213 fieri
779 2175 958 2214 decuiffe.
1004 2175 1115 2228 Qid
1141 2189 1234 2229 ergo
1261 2189 1367 2213 nunc
1395 2184 1516 2227 agunt
1540 2184 1597 2212 tot
1616 2188 1728 2213 exer-

339 2242 457 2286 citus,
490 2241 560 2279 nisi
593 2251 637 2279 ut
669 2241 869 2280 obfidione
902 2243 955 2280 D.
981 2243 1125 2280 Brutus
1148 2243 1368 2280 liberetur?
1401 2243 1482 2292 Qi
1506 2251 1635 2279 autem
1657 2241 1729 2280 hos

338 2307 533 2346 exercitus
555 2307 707 2345 ducunt
726 2309 739 2346 ?
772 2308 845 2353 Hi,
877 2309 1007 2353 credo,
1039 2309 1109 2360 qui
1138 2309 1187 2347 C.
1212 2308 1370 2346 Caesaris
1393 2321 1449 2345 res
1471 2309 1570 2345 actas
1592 2308 1726 2352 everti,

338 2374 407 2427 qui
428 2373 581 2411 causam
601 2383 873 2412 veteranorum
892 2374 1021 2427 prodi,
1054 2375 1208 2413 volunt.

398 2440 514 2477 VIII.
548 2439 587 2476 Si
621 2439 701 2491 ipse
735 2441 881 2479 viveret
917 2441 966 2479 C.
1001 2440 1150 2485 Caesar,
1185 2440 1336 2483 acrius,
1374 2439 1516 2483 credo,
1551 2440 1632 2476 acta
1665 2438 1729 2475 sua

422 2506 564 2544 Tou.
599 2505 671 2544 VI.
1304 2506 1333 2541 F
1365 2502 1385 2541 f
1411 2504 1434 2541 f
