<?xml version="1.0" encoding="UTF-8"?>
<!DOCTYPE html PUBLIC "-//W3C//DTD XHTML 1.0 Transitional//EN"
    "http://www.w3.org/TR/xhtml1/DTD/xhtml1-transitional.dtd">
<html xmlns="http://www.w3.org/1999/xhtml" xml:lang="en" lang="en">
 <head>
  <title>
</title>
<meta http-equiv="Content-Type" content="text/html;charset=utf-8" />
  <meta name='ocr-system' content='tesseract 3.04.00' />
  <meta name='ocr-capabilities' content='ocr_page ocr_carea ocr_par ocr_line ocrx_word'/>
</head>
<body>
  <div class='ocr_page' id='page_1' title='image "./operacumindicibu06ciceuoft_0260.png"; bbox 0 0 2076 2860; ppageno 0'>
   <div class='ocr_carea' id='block_1_1' title="bbox 446 219 1457 277">
    <p class='ocr_par' dir='ltr' id='par_1_1' title="bbox 446 219 1457 277">
     <span class='ocr_line' id='line_1_1' title="bbox 446 219 1457 277; baseline -0.006 -15"><span class='ocrx_word' id='word_1_1' title='bbox 446 237 524 277; x_wconf 84' lang='lat'>250</span> <span class='ocrx_word' id='word_1_2' title='bbox 832 219 1295 263; x_wconf 90' lang='lat' dir='ltr'><strong>ORATIO,</strong></span> <span class='ocrx_word' id='word_1_3' title='bbox 1379 219 1457 257; x_wconf 83' lang='lat' dir='ltr'>&amp;c.</span> 
     </span>
    </p>
   </div>
   <div class='ocr_carea' id='block_1_2' title="bbox 441 320 1849 2155">
    <p class='ocr_par' dir='ltr' id='par_1_2' title="bbox 443 320 1849 907">
     <span class='ocr_line' id='line_1_2' title="bbox 444 320 1846 379; baseline -0.003 -15"><span class='ocrx_word' id='word_1_4' title='bbox 444 327 516 379; x_wconf 87' lang='lat' dir='ltr'>qui</span> <span class='ocrx_word' id='word_1_5' title='bbox 535 324 654 364; x_wconf 90' lang='lat' dir='ltr'>modo</span> <span class='ocrx_word' id='word_1_6' title='bbox 675 323 822 361; x_wconf 85' lang='lat' dir='ltr'>habent</span> <span class='ocrx_word' id='word_1_7' title='bbox 842 320 995 374; x_wconf 86' lang='lat' dir='ltr'>aliquid</span> <span class='ocrx_word' id='word_1_8' title='bbox 1016 334 1097 358; x_wconf 90' lang='lat' dir='ltr'>non</span> <span class='ocrx_word' id='word_1_9' title='bbox 1118 320 1246 359; x_wconf 90' lang='lat' dir='ltr'>solum</span> <span class='ocrx_word' id='word_1_10' title='bbox 1272 321 1484 373; x_wconf 81' lang='lat' dir='ltr'>sapientiae,</span> <span class='ocrx_word' id='word_1_11' title='bbox 1516 320 1580 359; x_wconf 88' lang='lat' dir='ltr'>sed</span> <span class='ocrx_word' id='word_1_12' title='bbox 1601 321 1721 360; x_wconf 88' lang='lat' dir='ltr'>etiam</span> <span class='ocrx_word' id='word_1_13' title='bbox 1742 321 1846 360; x_wconf 82' lang='lat' dir='ltr'>sani-</span> 
     </span>
     <span class='ocr_line' id='line_1_3' title="bbox 445 386 1846 440; baseline -0.003 -10"><span class='ocrx_word' id='word_1_14' title='bbox 445 392 550 430; x_wconf 84' lang='lat' dir='ltr'>tatis.</span> <span class='ocrx_word' id='word_1_15' title='bbox 585 389 671 428; x_wconf 82' lang='lat' dir='ltr'>Nifi</span> <span class='ocrx_word' id='word_1_16' title='bbox 695 398 753 433; x_wconf 90' lang='lat' dir='ltr'>te,</span> <span class='ocrx_word' id='word_1_17' title='bbox 788 389 837 425; x_wconf 91' lang='lat' dir='ltr'>C.</span> <span class='ocrx_word' id='word_1_18' title='bbox 862 386 1008 432; x_wconf 83' lang='lat' dir='ltr'>Caesar,</span> <span class='ocrx_word' id='word_1_19' title='bbox 1041 386 1165 432; x_wconf 88' lang='lat' dir='ltr'>salvo,</span> <span class='ocrx_word' id='word_1_20' title='bbox 1197 396 1236 424; x_wconf 90' lang='lat' dir='ltr'>et</span> <span class='ocrx_word' id='word_1_21' title='bbox 1256 387 1297 424; x_wconf 86' lang='lat' dir='ltr'>in</span> <span class='ocrx_word' id='word_1_22' title='bbox 1319 386 1388 424; x_wconf 86' lang='lat' dir='ltr'>ista</span> <span class='ocrx_word' id='word_1_23' title='bbox 1408 386 1622 432; x_wconf 86' lang='lat' dir='ltr'>sententia,</span> <span class='ocrx_word' id='word_1_24' title='bbox 1654 401 1732 440; x_wconf 90' lang='lat' dir='ltr'>qua</span> <span class='ocrx_word' id='word_1_25' title='bbox 1751 401 1846 426; x_wconf 88' lang='lat' dir='ltr'>cum</span> 
     </span>
     <span class='ocr_line' id='line_1_4' title="bbox 445 453 1847 502; baseline -0.002 -7"><span class='ocrx_word' id='word_1_26' title='bbox 445 468 570 502; x_wconf 84' lang='lat' dir='ltr'>antea,</span> <span class='ocrx_word' id='word_1_27' title='bbox 603 465 690 493; x_wconf 90' lang='lat' dir='ltr'>tum</span> <span class='ocrx_word' id='word_1_28' title='bbox 711 454 830 492; x_wconf 89' lang='lat' dir='ltr'>hodie</span> <span class='ocrx_word' id='word_1_29' title='bbox 851 453 913 491; x_wconf 92' lang='lat' dir='ltr'>vel</span> <span class='ocrx_word' id='word_1_30' title='bbox 935 453 1108 492; x_wconf 83' lang='lat' dir='ltr'>maxime</span> <span class='ocrx_word' id='word_1_31' title='bbox 1129 453 1218 491; x_wconf 89' lang='lat' dir='ltr'>usus</span> <span class='ocrx_word' id='word_1_32' title='bbox 1241 467 1295 498; x_wconf 88' lang='lat' dir='ltr'>es,</span> <span class='ocrx_word' id='word_1_33' title='bbox 1327 463 1527 499; x_wconf 86' lang='lat' dir='ltr'>manente,</span> <span class='ocrx_word' id='word_1_34' title='bbox 1558 453 1651 492; x_wconf 88' lang='lat' dir='ltr'>salvi</span> <span class='ocrx_word' id='word_1_35' title='bbox 1672 454 1744 492; x_wconf 83' lang='lat' dir='ltr'>effe</span> <span class='ocrx_word' id='word_1_36' title='bbox 1764 468 1847 492; x_wconf 87' lang='lat' dir='ltr'>non</span> 
     </span>
     <span class='ocr_line' id='line_1_5' title="bbox 444 519 1847 577; baseline -0.001 -16"><span class='ocrx_word' id='word_1_37' title='bbox 444 523 661 577; x_wconf 66' lang='lat' dir='ltr'>possumus,</span> <span class='ocrx_word' id='word_1_38' title='bbox 701 523 833 572; x_wconf 84' lang='lat' dir='ltr'>Qare</span> <span class='ocrx_word' id='word_1_39' title='bbox 864 534 1001 559; x_wconf 87' lang='lat' dir='ltr'>omnes</span> <span class='ocrx_word' id='word_1_40' title='bbox 1034 530 1087 565; x_wconf 90' lang='lat' dir='ltr'>te,</span> <span class='ocrx_word' id='word_1_41' title='bbox 1119 521 1190 573; x_wconf 88' lang='lat' dir='ltr'>qui</span> <span class='ocrx_word' id='word_1_42' title='bbox 1221 519 1306 559; x_wconf 85' lang='lat' dir='ltr'>haec</span> <span class='ocrx_word' id='word_1_43' title='bbox 1339 520 1440 558; x_wconf 87' lang='lat' dir='ltr'>salva</span> <span class='ocrx_word' id='word_1_44' title='bbox 1470 520 1543 558; x_wconf 85' lang='lat' dir='ltr'>effe</span> <span class='ocrx_word' id='word_1_45' title='bbox 1575 521 1776 566; x_wconf 85' lang='lat' dir='ltr'>volumus,</span> <span class='ocrx_word' id='word_1_46' title='bbox 1807 530 1847 560; x_wconf 90' lang='lat' dir='ltr'>et</span> 
     </span>
     <span class='ocr_line' id='line_1_6' title="bbox 443 585 1845 632; baseline -0.001 -6"><span class='ocrx_word' id='word_1_47' title='bbox 443 588 663 632; x_wconf 84' lang='lat' dir='ltr'>hortamur,</span> <span class='ocrx_word' id='word_1_48' title='bbox 682 595 720 624; x_wconf 92' lang='lat' dir='ltr'>et</span> <span class='ocrx_word' id='word_1_49' title='bbox 741 586 1006 631; x_wconf 80' lang='lat' dir='ltr'>obsecramus,</span> <span class='ocrx_word' id='word_1_50' title='bbox 1029 595 1074 623; x_wconf 90' lang='lat' dir='ltr'>ut</span> <span class='ocrx_word' id='word_1_51' title='bbox 1094 586 1199 631; x_wconf 87' lang='lat' dir='ltr'>vitae,</span> <span class='ocrx_word' id='word_1_52' title='bbox 1221 594 1266 623; x_wconf 95' lang='lat' dir='ltr'>ut</span> <span class='ocrx_word' id='word_1_53' title='bbox 1286 585 1401 623; x_wconf 83' lang='lat' dir='ltr'>saluti</span> <span class='ocrx_word' id='word_1_54' title='bbox 1422 595 1498 624; x_wconf 85' lang='lat' dir='ltr'>tuae</span> <span class='ocrx_word' id='word_1_55' title='bbox 1519 585 1721 624; x_wconf 88' lang='lat' dir='ltr'>consulas:</span> <span class='ocrx_word' id='word_1_56' title='bbox 1754 599 1845 624; x_wconf 86' lang='lat' dir='ltr'>om-</span> 
     </span>
     <span class='ocr_line' id='line_1_7' title="bbox 444 651 1845 706; baseline -0.002 -13"><span class='ocrx_word' id='word_1_57' title='bbox 444 655 587 706; x_wconf 82' lang='lat' dir='ltr'>nesque</span> <span class='ocrx_word' id='word_1_58' title='bbox 609 654 699 698; x_wconf 89' lang='lat' dir='ltr'>tibi,</span> <span class='ocrx_word' id='word_1_59' title='bbox 732 663 776 691; x_wconf 87' lang='lat' dir='ltr'>ut</span> <span class='ocrx_word' id='word_1_60' title='bbox 796 667 867 705; x_wconf 85' lang='lat' dir='ltr'>pro</span> <span class='ocrx_word' id='word_1_61' title='bbox 889 653 974 690; x_wconf 86' lang='lat' dir='ltr'>aliis</span> <span class='ocrx_word' id='word_1_62' title='bbox 996 653 1115 690; x_wconf 85' lang='lat' dir='ltr'>etiam</span> <span class='ocrx_word' id='word_1_63' title='bbox 1138 652 1291 705; x_wconf 83' lang='lat' dir='ltr'>loquar,</span> <span class='ocrx_word' id='word_1_64' title='bbox 1323 651 1431 704; x_wconf 89' lang='lat' dir='ltr'>quod</span> <span class='ocrx_word' id='word_1_65' title='bbox 1451 652 1498 691; x_wconf 90' lang='lat' dir='ltr'>de</span> <span class='ocrx_word' id='word_1_66' title='bbox 1518 667 1582 691; x_wconf 90' lang='lat' dir='ltr'>me</span> <span class='ocrx_word' id='word_1_67' title='bbox 1603 652 1684 705; x_wconf 85' lang='lat' dir='ltr'>ipse</span> <span class='ocrx_word' id='word_1_68' title='bbox 1704 652 1845 698; x_wconf 89' lang='lat' dir='ltr'>sentio,</span> 
     </span>
     <span class='ocr_line' id='line_1_8' title="bbox 443 719 1849 774; baseline -0.001 -15"><span class='ocrx_word' id='word_1_69' title='bbox 443 722 635 774; x_wconf 84' lang='lat' dir='ltr'>quoniam</span> <span class='ocrx_word' id='word_1_70' title='bbox 657 720 802 758; x_wconf 81' lang='lat' dir='ltr'>subeffe</span> <span class='ocrx_word' id='word_1_71' title='bbox 824 720 975 772; x_wconf 85' lang='lat' dir='ltr'>aliquid</span> <span class='ocrx_word' id='word_1_72' title='bbox 998 730 1126 772; x_wconf 79' lang='lat' dir='ltr'>putas,</span> <span class='ocrx_word' id='word_1_73' title='bbox 1158 719 1268 772; x_wconf 89' lang='lat' dir='ltr'>quod</span> <span class='ocrx_word' id='word_1_74' title='bbox 1288 719 1509 758; x_wconf 86' lang='lat' dir='ltr'>cavendum</span> <span class='ocrx_word' id='word_1_75' title='bbox 1533 720 1593 766; x_wconf 88' lang='lat' dir='ltr'>fit,</span> <span class='ocrx_word' id='word_1_76' title='bbox 1625 733 1705 758; x_wconf 90' lang='lat' dir='ltr'>non</span> <span class='ocrx_word' id='word_1_77' title='bbox 1726 719 1849 758; x_wconf 89' lang='lat' dir='ltr'>modo</span> 
     </span>
     <span class='ocr_line' id='line_1_9' title="bbox 443 785 1843 839; baseline -0.001 -13"><span class='ocrx_word' id='word_1_78' title='bbox 443 788 630 826; x_wconf 87' lang='lat' dir='ltr'>excubias</span> <span class='ocrx_word' id='word_1_79' title='bbox 652 796 690 825; x_wconf 89' lang='lat' dir='ltr'>et</span> <span class='ocrx_word' id='word_1_80' title='bbox 711 787 903 824; x_wconf 79' lang='lat' dir='ltr'>custodias</span> <span class='ocrx_word' id='word_1_81' title='bbox 917 817 928 831; x_wconf 90' lang='lat'>‚</span> <span class='ocrx_word' id='word_1_82' title='bbox 962 786 1024 824; x_wconf 87' lang='lat' dir='ltr'>sed</span> <span class='ocrx_word' id='word_1_83' title='bbox 1044 787 1165 824; x_wconf 86' lang='lat' dir='ltr'>etiam</span> <span class='ocrx_word' id='word_1_84' title='bbox 1186 786 1354 824; x_wconf 82' lang='lat' dir='ltr'>laterum</span> <span class='ocrx_word' id='word_1_85' title='bbox 1376 785 1599 824; x_wconf 87' lang='lat' dir='ltr'>nostrorum</span> <span class='ocrx_word' id='word_1_86' title='bbox 1619 787 1843 839; x_wconf 73' lang='lat' dir='ltr'>oppositus,</span> 
     </span>
     <span class='ocr_line' id='line_1_10' title="bbox 443 853 1015 907; baseline -0.003 -14"><span class='ocrx_word' id='word_1_87' title='bbox 443 864 482 893; x_wconf 90' lang='lat' dir='ltr'>et</span> <span class='ocrx_word' id='word_1_88' title='bbox 502 868 730 907; x_wconf 88' lang='lat' dir='ltr'>corporum,</span> <span class='ocrx_word' id='word_1_89' title='bbox 762 853 1015 906; x_wconf 83' lang='lat' dir='ltr'>pollicemur.</span> 
     </span>
    </p>

    <p class='ocr_par' dir='ltr' id='par_1_3' title="bbox 442 918 1848 1498">
     <span class='ocr_line' id='line_1_11' title="bbox 499 918 1847 965; baseline -0.001 -6"><span class='ocrx_word' id='word_1_90' title='bbox 499 922 575 960; x_wconf 90' lang='lat' dir='ltr'>XI.</span> <span class='ocrx_word' id='word_1_91' title='bbox 609 920 697 965; x_wconf 88' lang='lat' dir='ltr'>Sed,</span> <span class='ocrx_word' id='word_1_92' title='bbox 716 920 820 958; x_wconf 89' lang='lat' dir='ltr'>unde</span> <span class='ocrx_word' id='word_1_93' title='bbox 836 919 889 958; x_wconf 89' lang='lat' dir='ltr'>est</span> <span class='ocrx_word' id='word_1_94' title='bbox 905 919 1001 965; x_wconf 90' lang='lat' dir='ltr'>orsa,</span> <span class='ocrx_word' id='word_1_95' title='bbox 1020 920 1061 957; x_wconf 89' lang='lat' dir='ltr'>in</span> <span class='ocrx_word' id='word_1_96' title='bbox 1078 918 1218 957; x_wconf 86' lang='lat' dir='ltr'>eodem</span> <span class='ocrx_word' id='word_1_97' title='bbox 1234 919 1471 957; x_wconf 84' lang='lat' dir='ltr'>terminetur</span> <span class='ocrx_word' id='word_1_98' title='bbox 1487 918 1626 957; x_wconf 87' lang='lat' dir='ltr'>oratio.</span> <span class='ocrx_word' id='word_1_99' title='bbox 1646 918 1847 957; x_wconf 80' lang='lat' dir='ltr'>Maximas</span> 
     </span>
     <span class='ocr_line' id='line_1_12' title="bbox 444 984 1846 1039; baseline -0.001 -14"><span class='ocrx_word' id='word_1_100' title='bbox 444 988 520 1025; x_wconf 88' lang='lat' dir='ltr'>tibi</span> <span class='ocrx_word' id='word_1_101' title='bbox 541 1000 677 1025; x_wconf 89' lang='lat' dir='ltr'>omnes</span> <span class='ocrx_word' id='word_1_102' title='bbox 699 987 840 1039; x_wconf 81' lang='lat' dir='ltr'>gratias</span> <span class='ocrx_word' id='word_1_103' title='bbox 862 987 1032 1039; x_wconf 82' lang='lat' dir='ltr'>agimus,</span> <span class='ocrx_word' id='word_1_104' title='bbox 1066 987 1115 1024; x_wconf 93' lang='lat' dir='ltr'>C.</span> <span class='ocrx_word' id='word_1_105' title='bbox 1137 985 1276 1031; x_wconf 78' lang='lat' dir='ltr'>Caesar,</span> <span class='ocrx_word' id='word_1_106' title='bbox 1308 986 1474 1038; x_wconf 84' lang='lat' dir='ltr'>majores</span> <span class='ocrx_word' id='word_1_107' title='bbox 1495 985 1616 1024; x_wconf 87' lang='lat' dir='ltr'>etiam</span> <span class='ocrx_word' id='word_1_108' title='bbox 1636 984 1846 1024; x_wconf 68' lang='lat' dir='ltr'>habemus,</span> 
     </span>
     <span class='ocr_line' id='line_1_13' title="bbox 444 1052 1846 1106; baseline -0.001 -14"><span class='ocrx_word' id='word_1_109' title='bbox 444 1055 553 1093; x_wconf 90' lang='lat' dir='ltr'>Nam</span> <span class='ocrx_word' id='word_1_110' title='bbox 573 1067 712 1092; x_wconf 86' lang='lat' dir='ltr'>omnes</span> <span class='ocrx_word' id='word_1_111' title='bbox 734 1053 840 1091; x_wconf 89' lang='lat' dir='ltr'>idem</span> <span class='ocrx_word' id='word_1_112' title='bbox 863 1054 1037 1092; x_wconf 88' lang='lat' dir='ltr'>sentiunt</span> <span class='ocrx_word' id='word_1_113' title='bbox 1054 1072 1065 1099; x_wconf 87' lang='lat'>;</span> <span class='ocrx_word' id='word_1_114' title='bbox 1098 1052 1206 1106; x_wconf 88' lang='lat' dir='ltr'>quod</span> <span class='ocrx_word' id='word_1_115' title='bbox 1227 1066 1274 1090; x_wconf 88' lang='lat' dir='ltr'>ex</span> <span class='ocrx_word' id='word_1_116' title='bbox 1295 1053 1480 1091; x_wconf 90' lang='lat' dir='ltr'>omnium</span> <span class='ocrx_word' id='word_1_117' title='bbox 1504 1052 1689 1106; x_wconf 87' lang='lat' dir='ltr'>precibus</span> <span class='ocrx_word' id='word_1_118' title='bbox 1719 1062 1758 1091; x_wconf 90' lang='lat' dir='ltr'>et</span> <span class='ocrx_word' id='word_1_119' title='bbox 1787 1052 1846 1090; x_wconf 93' lang='lat' dir='ltr'>la-</span> 
     </span>
     <span class='ocr_line' id='line_1_14' title="bbox 443 1118 1846 1173; baseline -0.001 -14"><span class='ocrx_word' id='word_1_120' title='bbox 443 1121 590 1173; x_wconf 82' lang='lat' dir='ltr'>crymis</span> <span class='ocrx_word' id='word_1_121' title='bbox 607 1120 748 1158; x_wconf 89' lang='lat' dir='ltr'>sentire</span> <span class='ocrx_word' id='word_1_122' title='bbox 764 1120 941 1173; x_wconf 87' lang='lat' dir='ltr'>potuisti.</span> <span class='ocrx_word' id='word_1_123' title='bbox 962 1119 1049 1165; x_wconf 89' lang='lat' dir='ltr'>Sed,</span> <span class='ocrx_word' id='word_1_124' title='bbox 1068 1120 1162 1172; x_wconf 87' lang='lat' dir='ltr'>quia</span> <span class='ocrx_word' id='word_1_125' title='bbox 1177 1132 1257 1157; x_wconf 89' lang='lat' dir='ltr'>non</span> <span class='ocrx_word' id='word_1_126' title='bbox 1277 1119 1331 1157; x_wconf 90' lang='lat' dir='ltr'>est</span> <span class='ocrx_word' id='word_1_127' title='bbox 1351 1118 1542 1157; x_wconf 84' lang='lat' dir='ltr'>stantibus</span> <span class='ocrx_word' id='word_1_128' title='bbox 1564 1119 1752 1158; x_wconf 89' lang='lat' dir='ltr'>omnibus</span> <span class='ocrx_word' id='word_1_129' title='bbox 1774 1132 1846 1157; x_wconf 91' lang='lat' dir='ltr'>ne·-</span> 
     </span>
     <span class='ocr_line' id='line_1_15' title="bbox 444 1185 1845 1239; baseline -0.002 -13"><span class='ocrx_word' id='word_1_130' title='bbox 444 1188 540 1226; x_wconf 84' lang='lat' dir='ltr'>ceffe</span> <span class='ocrx_word' id='word_1_131' title='bbox 560 1187 689 1225; x_wconf 88' lang='lat' dir='ltr'>dicere</span> <span class='ocrx_word' id='word_1_132' title='bbox 703 1216 714 1232; x_wconf 92' lang='lat'>,</span> <span class='ocrx_word' id='word_1_133' title='bbox 746 1200 767 1224; x_wconf 85' lang='lat' dir='ltr'>a</span> <span class='ocrx_word' id='word_1_134' title='bbox 786 1200 850 1225; x_wconf 87' lang='lat' dir='ltr'>me</span> <span class='ocrx_word' id='word_1_135' title='bbox 871 1196 975 1225; x_wconf 86' lang='lat' dir='ltr'>certe</span> <span class='ocrx_word' id='word_1_136' title='bbox 997 1186 1076 1225; x_wconf 89' lang='lat' dir='ltr'>dici</span> <span class='ocrx_word' id='word_1_137' title='bbox 1097 1186 1238 1224; x_wconf 90' lang='lat' dir='ltr'>volunt</span> <span class='ocrx_word' id='word_1_138' title='bbox 1256 1200 1265 1224; x_wconf 72' lang='grc' dir='ltr'>ε</span> <span class='ocrx_word' id='word_1_139' title='bbox 1299 1186 1363 1224; x_wconf 90' lang='lat' dir='ltr'>cui</span> <span class='ocrx_word' id='word_1_140' title='bbox 1392 1185 1538 1224; x_wconf 85' lang='lat' dir='ltr'>neceffe</span> <span class='ocrx_word' id='word_1_141' title='bbox 1567 1185 1621 1224; x_wconf 89' lang='lat' dir='ltr'>est</span> <span class='ocrx_word' id='word_1_142' title='bbox 1649 1186 1845 1239; x_wconf 87' lang='lat' dir='ltr'>quodam-</span> 
     </span>
     <span class='ocr_line' id='line_1_16' title="bbox 442 1249 1845 1305; baseline -0.002 -13"><span class='ocrx_word' id='word_1_143' title='bbox 442 1253 579 1299; x_wconf 90' lang='lat' dir='ltr'>modo,</span> <span class='ocrx_word' id='word_1_144' title='bbox 611 1262 650 1291; x_wconf 88' lang='lat' dir='ltr'>et</span> <span class='ocrx_word' id='word_1_145' title='bbox 679 1251 788 1305; x_wconf 89' lang='lat' dir='ltr'>quod</span> <span class='ocrx_word' id='word_1_146' title='bbox 819 1252 974 1298; x_wconf 88' lang='lat' dir='ltr'>volunt,</span> <span class='ocrx_word' id='word_1_147' title='bbox 1006 1261 1045 1291; x_wconf 89' lang='lat' dir='ltr'>et</span> <span class='ocrx_word' id='word_1_148' title='bbox 1072 1251 1194 1304; x_wconf 90' lang='lat' dir='ltr'>quod,</span> <span class='ocrx_word' id='word_1_149' title='bbox 1227 1251 1292 1289; x_wconf 89' lang='lat' dir='ltr'>M.</span> <span class='ocrx_word' id='word_1_150' title='bbox 1315 1251 1512 1290; x_wconf 83' lang='lat' dir='ltr'>Marcello</span> <span class='ocrx_word' id='word_1_151' title='bbox 1540 1264 1562 1289; x_wconf 93' lang='lat' dir='ltr'>a</span> <span class='ocrx_word' id='word_1_152' title='bbox 1589 1261 1628 1289; x_wconf 87' lang='lat' dir='ltr'>te</span> <span class='ocrx_word' id='word_1_153' title='bbox 1654 1249 1751 1289; x_wconf 92' lang='lat' dir='ltr'>huic</span> <span class='ocrx_word' id='word_1_154' title='bbox 1778 1265 1845 1290; x_wconf 88' lang='lat' dir='ltr'>or-</span> 
     </span>
     <span class='ocr_line' id='line_1_17' title="bbox 444 1316 1847 1372; baseline -0.002 -14"><span class='ocrx_word' id='word_1_155' title='bbox 444 1320 550 1365; x_wconf 88' lang='lat' dir='ltr'>dini,</span> <span class='ocrx_word' id='word_1_156' title='bbox 582 1319 812 1372; x_wconf 87' lang='lat' dir='ltr'>populoque</span> <span class='ocrx_word' id='word_1_157' title='bbox 834 1319 1039 1363; x_wconf 89' lang='lat' dir='ltr'>Romano,</span> <span class='ocrx_word' id='word_1_158' title='bbox 1070 1327 1109 1355; x_wconf 90' lang='lat' dir='ltr'>et</span> <span class='ocrx_word' id='word_1_159' title='bbox 1131 1317 1359 1370; x_wconf 75' lang='lat' dir='ltr'>reipublicae</span> <span class='ocrx_word' id='word_1_160' title='bbox 1380 1316 1555 1362; x_wconf 87' lang='lat' dir='ltr'>reddito,</span> <span class='ocrx_word' id='word_1_161' title='bbox 1587 1318 1785 1370; x_wconf 87' lang='lat' dir='ltr'>praecipue</span> <span class='ocrx_word' id='word_1_162' title='bbox 1806 1317 1847 1355; x_wconf 92' lang='lat' dir='ltr'>id</span> 
     </span>
     <span class='ocr_line' id='line_1_18' title="bbox 444 1383 1848 1437; baseline -0.002 -13"><span class='ocrx_word' id='word_1_163' title='bbox 444 1400 465 1424; x_wconf 85' lang='lat' dir='ltr'>a</span> <span class='ocrx_word' id='word_1_164' title='bbox 485 1400 548 1425; x_wconf 90' lang='lat' dir='ltr'>me</span> <span class='ocrx_word' id='word_1_165' title='bbox 569 1385 654 1424; x_wconf 87' lang='lat' dir='ltr'>fieri</span> <span class='ocrx_word' id='word_1_166' title='bbox 674 1385 813 1423; x_wconf 88' lang='lat' dir='ltr'>debere</span> <span class='ocrx_word' id='word_1_167' title='bbox 833 1385 1031 1437; x_wconf 86' lang='lat' dir='ltr'>intelligo.</span> <span class='ocrx_word' id='word_1_168' title='bbox 1055 1384 1164 1423; x_wconf 83' lang='lat' dir='ltr'>Nam</span> <span class='ocrx_word' id='word_1_169' title='bbox 1181 1383 1302 1422; x_wconf 82' lang='lat' dir='ltr'>laetari</span> <span class='ocrx_word' id='word_1_170' title='bbox 1323 1397 1476 1428; x_wconf 82' lang='lat' dir='ltr'>omneS,</span> <span class='ocrx_word' id='word_1_171' title='bbox 1494 1397 1575 1421; x_wconf 91' lang='lat' dir='ltr'>non</span> <span class='ocrx_word' id='word_1_172' title='bbox 1596 1392 1642 1422; x_wconf 93' lang='lat' dir='ltr'>ut</span> <span class='ocrx_word' id='word_1_173' title='bbox 1662 1383 1709 1422; x_wconf 89' lang='lat' dir='ltr'>de</span> <span class='ocrx_word' id='word_1_174' title='bbox 1729 1384 1848 1422; x_wconf 90' lang='lat' dir='ltr'>unius</span> 
     </span>
     <span class='ocr_line' id='line_1_19' title="bbox 444 1449 1581 1498; baseline -0.003 -7"><span class='ocrx_word' id='word_1_175' title='bbox 444 1453 588 1498; x_wconf 85' lang='lat' dir='ltr'>solum,</span> <span class='ocrx_word' id='word_1_176' title='bbox 621 1451 684 1490; x_wconf 89' lang='lat' dir='ltr'>sed</span> <span class='ocrx_word' id='word_1_177' title='bbox 706 1461 750 1490; x_wconf 90' lang='lat' dir='ltr'>ut</span> <span class='ocrx_word' id='word_1_178' title='bbox 771 1451 818 1489; x_wconf 93' lang='lat' dir='ltr'>de</span> <span class='ocrx_word' id='word_1_179' title='bbox 838 1452 1044 1489; x_wconf 84' lang='lat' dir='ltr'>communi</span> <span class='ocrx_word' id='word_1_180' title='bbox 1068 1450 1250 1488; x_wconf 87' lang='lat' dir='ltr'>omnium</span> <span class='ocrx_word' id='word_1_181' title='bbox 1273 1450 1408 1494; x_wconf 84' lang='lat' dir='ltr'>salute,</span> <span class='ocrx_word' id='word_1_182' title='bbox 1441 1449 1581 1488; x_wconf 87' lang='lat' dir='ltr'>sentio.</span> 
     </span>
    </p>

    <p class='ocr_par' dir='ltr' id='par_1_4' title="bbox 441 1515 1847 2155">
     <span class='ocr_line' id='line_1_20' title="bbox 501 1515 1845 1570; baseline -0.001 -14"><span class='ocrx_word' id='word_1_183' title='bbox 501 1518 622 1570; x_wconf 84' lang='lat' dir='ltr'>Qod</span> <span class='ocrx_word' id='word_1_184' title='bbox 643 1526 774 1555; x_wconf 88' lang='lat' dir='ltr'>autem</span> <span class='ocrx_word' id='word_1_185' title='bbox 796 1517 959 1555; x_wconf 68' lang='lat' dir='ltr'>summae</span> <span class='ocrx_word' id='word_1_186' title='bbox 980 1516 1264 1554; x_wconf 85' lang='lat' dir='ltr'>benevolentiae</span> <span class='ocrx_word' id='word_1_187' title='bbox 1285 1515 1337 1552; x_wconf 86' lang='lat' dir='ltr'>est</span> <span class='ocrx_word' id='word_1_188' title='bbox 1353 1545 1363 1560; x_wconf 91' lang='lat'>,</span> <span class='ocrx_word' id='word_1_189' title='bbox 1396 1528 1482 1567; x_wconf 86' lang='lat' dir='ltr'>quae</span> <span class='ocrx_word' id='word_1_190' title='bbox 1512 1528 1598 1553; x_wconf 90' lang='lat' dir='ltr'>mea</span> <span class='ocrx_word' id='word_1_191' title='bbox 1617 1528 1707 1567; x_wconf 86' lang='lat' dir='ltr'>erga</span> <span class='ocrx_word' id='word_1_192' title='bbox 1726 1515 1845 1554; x_wconf 89' lang='lat' dir='ltr'>illum</span> 
     </span>
     <span class='ocr_line' id='line_1_21' title="bbox 443 1581 1845 1636; baseline -0.002 -14"><span class='ocrx_word' id='word_1_193' title='bbox 443 1585 631 1623; x_wconf 89' lang='lat' dir='ltr'>omnibus</span> <span class='ocrx_word' id='word_1_194' title='bbox 648 1584 800 1636; x_wconf 87' lang='lat' dir='ltr'>semper</span> <span class='ocrx_word' id='word_1_195' title='bbox 815 1593 908 1622; x_wconf 87' lang='lat' dir='ltr'>nota</span> <span class='ocrx_word' id='word_1_196' title='bbox 923 1582 1016 1628; x_wconf 82' lang='lat' dir='ltr'>fuit,</span> <span class='ocrx_word' id='word_1_197' title='bbox 1035 1592 1079 1621; x_wconf 91' lang='lat' dir='ltr'>ut</span> <span class='ocrx_word' id='word_1_198' title='bbox 1094 1583 1160 1620; x_wconf 84' lang='lat' dir='ltr'>vix</span> <span class='ocrx_word' id='word_1_199' title='bbox 1179 1583 1228 1620; x_wconf 86' lang='lat' dir='ltr'>C.</span> <span class='ocrx_word' id='word_1_200' title='bbox 1246 1581 1457 1627; x_wconf 85' lang='lat' dir='ltr'>Marcello,</span> <span class='ocrx_word' id='word_1_201' title='bbox 1475 1582 1630 1634; x_wconf 90' lang='lat' dir='ltr'>optimo</span> <span class='ocrx_word' id='word_1_202' title='bbox 1650 1591 1689 1620; x_wconf 86' lang='lat' dir='ltr'>et</span> <span class='ocrx_word' id='word_1_203' title='bbox 1709 1595 1845 1620; x_wconf 88' lang='lat' dir='ltr'>aman-</span> 
     </span>
     <span class='ocr_line' id='line_1_22' title="bbox 442 1648 1847 1703; baseline -0.002 -14"><span class='ocrx_word' id='word_1_204' title='bbox 442 1652 588 1690; x_wconf 85' lang='lat' dir='ltr'>tiffimo</span> <span class='ocrx_word' id='word_1_205' title='bbox 619 1650 746 1696; x_wconf 87' lang='lat' dir='ltr'>fratri,</span> <span class='ocrx_word' id='word_1_206' title='bbox 778 1659 917 1703; x_wconf 85' lang='lat' dir='ltr'>praeter</span> <span class='ocrx_word' id='word_1_207' title='bbox 947 1664 1041 1689; x_wconf 89' lang='lat' dir='ltr'>eum</span> <span class='ocrx_word' id='word_1_208' title='bbox 1072 1650 1236 1702; x_wconf 86' lang='lat' dir='ltr'>quidem</span> <span class='ocrx_word' id='word_1_209' title='bbox 1268 1648 1448 1687; x_wconf 88' lang='lat' dir='ltr'>cederem</span> <span class='ocrx_word' id='word_1_210' title='bbox 1480 1648 1648 1694; x_wconf 88' lang='lat' dir='ltr'>nemini,</span> <span class='ocrx_word' id='word_1_211' title='bbox 1679 1661 1774 1687; x_wconf 89' lang='lat' dir='ltr'>cum</span> <span class='ocrx_word' id='word_1_212' title='bbox 1805 1648 1847 1686; x_wconf 86' lang='lat' dir='ltr'>id</span> 
     </span>
     <span class='ocr_line' id='line_1_23' title="bbox 443 1714 1846 1769; baseline -0.003 -13"><span class='ocrx_word' id='word_1_213' title='bbox 443 1717 725 1762; x_wconf 85' lang='lat' dir='ltr'>sollicitudine,</span> <span class='ocrx_word' id='word_1_214' title='bbox 748 1730 855 1762; x_wconf 85' lang='lat' dir='ltr'>cura,</span> <span class='ocrx_word' id='word_1_215' title='bbox 878 1717 1026 1762; x_wconf 85' lang='lat' dir='ltr'>labore,</span> <span class='ocrx_word' id='word_1_216' title='bbox 1049 1716 1201 1754; x_wconf 89' lang='lat' dir='ltr'>tamdiu</span> <span class='ocrx_word' id='word_1_217' title='bbox 1221 1715 1483 1769; x_wconf 85' lang='lat' dir='ltr'>praestiterim,</span> <span class='ocrx_word' id='word_1_218' title='bbox 1510 1714 1702 1768; x_wconf 90' lang='lat' dir='ltr'>quamdiu</span> <span class='ocrx_word' id='word_1_219' title='bbox 1723 1714 1777 1753; x_wconf 88' lang='lat' dir='ltr'>est</span> <span class='ocrx_word' id='word_1_220' title='bbox 1798 1714 1846 1753; x_wconf 89' lang='lat' dir='ltr'>de</span> 
     </span>
     <span class='ocr_line' id='line_1_24' title="bbox 441 1782 1843 1834; baseline -0.002 -12"><span class='ocrx_word' id='word_1_221' title='bbox 441 1786 550 1822; x_wconf 78' lang='lat' dir='ltr'>illius</span> <span class='ocrx_word' id='word_1_222' title='bbox 573 1784 694 1821; x_wconf 83' lang='lat' dir='ltr'>salute</span> <span class='ocrx_word' id='word_1_223' title='bbox 715 1783 971 1828; x_wconf 77' lang='lat' dir='ltr'>dubitatum3</span> <span class='ocrx_word' id='word_1_224' title='bbox 995 1792 1099 1821; x_wconf 90' lang='lat' dir='ltr'>certe</span> <span class='ocrx_word' id='word_1_225' title='bbox 1120 1782 1197 1821; x_wconf 93' lang='lat' dir='ltr'>hoc</span> <span class='ocrx_word' id='word_1_226' title='bbox 1219 1792 1411 1834; x_wconf 87' lang='lat' dir='ltr'>tempore,</span> <span class='ocrx_word' id='word_1_227' title='bbox 1435 1782 1588 1834; x_wconf 88' lang='lat' dir='ltr'>magnis</span> <span class='ocrx_word' id='word_1_228' title='bbox 1610 1782 1731 1828; x_wconf 84' lang='lat' dir='ltr'>curis,</span> <span class='ocrx_word' id='word_1_229' title='bbox 1753 1795 1843 1819; x_wconf 91' lang='lat' dir='ltr'>mo-</span> 
     </span>
     <span class='ocr_line' id='line_1_25' title="bbox 441 1847 1843 1900; baseline -0.002 -12"><span class='ocrx_word' id='word_1_230' title='bbox 441 1850 578 1894; x_wconf 87' lang='lat' dir='ltr'>lestiis,</span> <span class='ocrx_word' id='word_1_231' title='bbox 610 1848 814 1887; x_wconf 87' lang='lat' dir='ltr'>doloribus</span> <span class='ocrx_word' id='word_1_232' title='bbox 839 1848 1042 1892; x_wconf 85' lang='lat' dir='ltr'>liberatus,</span> <span class='ocrx_word' id='word_1_233' title='bbox 1074 1848 1249 1900; x_wconf 82' lang='lat' dir='ltr'>praestare</span> <span class='ocrx_word' id='word_1_234' title='bbox 1270 1847 1407 1885; x_wconf 88' lang='lat' dir='ltr'>debeo.</span> <span class='ocrx_word' id='word_1_235' title='bbox 1442 1849 1595 1900; x_wconf 86' lang='lat' dir='ltr'>Itaque,</span> <span class='ocrx_word' id='word_1_236' title='bbox 1629 1849 1678 1887; x_wconf 91' lang='lat' dir='ltr'>C.</span> <span class='ocrx_word' id='word_1_237' title='bbox 1703 1848 1843 1893; x_wconf 85' lang='lat' dir='ltr'>Caesar,</span> 
     </span>
     <span class='ocr_line' id='line_1_26' title="bbox 445 1913 1845 1967; baseline -0.003 -12"><span class='ocrx_word' id='word_1_238' title='bbox 445 1918 494 1956; x_wconf 88' lang='lat' dir='ltr'>fic</span> <span class='ocrx_word' id='word_1_239' title='bbox 517 1916 592 1954; x_wconf 89' lang='lat' dir='ltr'>tibi</span> <span class='ocrx_word' id='word_1_240' title='bbox 613 1915 753 1967; x_wconf 88' lang='lat' dir='ltr'>gratias</span> <span class='ocrx_word' id='word_1_241' title='bbox 775 1928 863 1967; x_wconf 88' lang='lat' dir='ltr'>ago,</span> <span class='ocrx_word' id='word_1_242' title='bbox 895 1923 953 1960; x_wconf 87' lang='lat' dir='ltr'>ut,</span> <span class='ocrx_word' id='word_1_243' title='bbox 986 1914 1174 1952; x_wconf 83' lang='lat' dir='ltr'>omnibus</span> <span class='ocrx_word' id='word_1_244' title='bbox 1196 1928 1259 1952; x_wconf 91' lang='lat' dir='ltr'>me</span> <span class='ocrx_word' id='word_1_245' title='bbox 1280 1914 1395 1952; x_wconf 85' lang='lat' dir='ltr'>rebus</span> <span class='ocrx_word' id='word_1_246' title='bbox 1417 1927 1438 1951; x_wconf 92' lang='lat' dir='ltr'>a</span> <span class='ocrx_word' id='word_1_247' title='bbox 1458 1923 1495 1952; x_wconf 90' lang='lat' dir='ltr'>te</span> <span class='ocrx_word' id='word_1_248' title='bbox 1517 1927 1596 1951; x_wconf 91' lang='lat' dir='ltr'>non</span> <span class='ocrx_word' id='word_1_249' title='bbox 1617 1913 1845 1952; x_wconf 85' lang='lat' dir='ltr'>conservato</span> 
     </span>
     <span class='ocr_line' id='line_1_27' title="bbox 447 1979 1845 2027; baseline -0.001 -6"><span class='ocrx_word' id='word_1_250' title='bbox 447 1984 600 2027; x_wconf 84' lang='lat' dir='ltr'>solum,</span> <span class='ocrx_word' id='word_1_251' title='bbox 632 1981 696 2019; x_wconf 92' lang='lat' dir='ltr'>sed</span> <span class='ocrx_word' id='word_1_252' title='bbox 725 1981 845 2019; x_wconf 86' lang='lat' dir='ltr'>etiarn</span> <span class='ocrx_word' id='word_1_253' title='bbox 874 1990 1037 2027; x_wconf 86' lang='lat' dir='ltr'>ornato,</span> <span class='ocrx_word' id='word_1_254' title='bbox 1070 1990 1202 2019; x_wconf 89' lang='lat' dir='ltr'>tamen</span> <span class='ocrx_word' id='word_1_255' title='bbox 1231 1979 1279 2018; x_wconf 88' lang='lat' dir='ltr'>ad</span> <span class='ocrx_word' id='word_1_256' title='bbox 1307 1989 1373 2018; x_wconf 84' lang='lat' dir='ltr'>tua</span> <span class='ocrx_word' id='word_1_257' title='bbox 1392 1980 1698 2019; x_wconf 86' lang='lat' dir='ltr'>innumerabilia</span> <span class='ocrx_word' id='word_1_258' title='bbox 1717 1980 1758 2017; x_wconf 90' lang='lat' dir='ltr'>in</span> <span class='ocrx_word' id='word_1_259' title='bbox 1780 1993 1845 2019; x_wconf 87' lang='lat' dir='ltr'>me</span> 
     </span>
     <span class='ocr_line' id='line_1_28' title="bbox 446 2046 1846 2100; baseline -0.001 -13"><span class='ocrx_word' id='word_1_260' title='bbox 446 2062 571 2087; x_wconf 85' lang='lat' dir='ltr'>unum</span> <span class='ocrx_word' id='word_1_261' title='bbox 592 2048 757 2093; x_wconf 87' lang='lat' dir='ltr'>merita,</span> <span class='ocrx_word' id='word_1_262' title='bbox 789 2047 896 2100; x_wconf 89' lang='lat' dir='ltr'>quod</span> <span class='ocrx_word' id='word_1_263' title='bbox 923 2046 1008 2085; x_wconf 88' lang='lat' dir='ltr'>fieri</span> <span class='ocrx_word' id='word_1_264' title='bbox 1034 2048 1118 2100; x_wconf 81' lang='lat' dir='ltr'>jam</span> <span class='ocrx_word' id='word_1_265' title='bbox 1148 2046 1251 2100; x_wconf 82' lang='lat' dir='ltr'>poffe</span> <span class='ocrx_word' id='word_1_266' title='bbox 1274 2061 1352 2086; x_wconf 87' lang='lat' dir='ltr'>non</span> <span class='ocrx_word' id='word_1_267' title='bbox 1373 2046 1587 2087; x_wconf 78' lang='lat' dir='ltr'>arbitrabar</span> <span class='ocrx_word' id='word_1_268' title='bbox 1602 2075 1614 2092; x_wconf 90' lang='lat'>,</span> <span class='ocrx_word' id='word_1_269' title='bbox 1645 2047 1846 2087; x_wconf 82' lang='lat' dir='ltr'>maximus</span> 
     </span>
     <span class='ocr_line' id='line_1_29' title="bbox 445 2114 1172 2155; baseline -0.003 -1"><span class='ocrx_word' id='word_1_270' title='bbox 445 2116 520 2154; x_wconf 81' lang='lat' dir='ltr'>hoc</span> <span class='ocrx_word' id='word_1_271' title='bbox 543 2124 613 2155; x_wconf 92' lang='lat' dir='ltr'>tuo</span> <span class='ocrx_word' id='word_1_272' title='bbox 632 2114 734 2153; x_wconf 56' lang='lat' dir='ltr'>facio</span> <span class='ocrx_word' id='word_1_273' title='bbox 755 2114 941 2153; x_wconf 84' lang='lat' dir='ltr'>cumulus</span> <span class='ocrx_word' id='word_1_274' title='bbox 961 2114 1172 2154; x_wconf 78' lang='lat' dir='ltr'>accesserit.</span> 
     </span>
    </p>
   </div>
  </div>
 </body>
</html>
