2076 2860
435 198 516 234 410
792 182 867 220 IN
923 181 991 219 M.
1053 179 1481 218 ANTONIUM

439 285 679 331 defenderet,
701 298 821 337 quam
842 284 900 322 vir
921 282 1153 322 fortissimus
1175 282 1353 322 defendit
1375 283 1536 322 Hirtius
1554 298 1562 322 z
1586 293 1653 322 aut
1673 284 1840 323 amicior

439 353 559 391 causae
580 352 787 405 quisquam
808 350 934 404 potest
953 351 1138 395 inveniri,
1167 363 1287 403 quam
1308 350 1414 388 filius
1435 352 1447 388 ?
1482 352 1538 389 At
1558 350 1704 389 horum
1723 351 1836 397 alter,

439 419 620 457 nondum
641 431 688 456 ex
710 417 1005 470 longinquitate
1024 416 1236 469 graviffimi
1257 417 1389 455 morbi
1411 426 1619 462 recreatus,
1643 416 1839 469 quidquid

438 485 580 523 habuit
600 483 768 529 virium,
800 483 841 521 id
861 484 904 521 in
923 496 1062 521 eorum
1083 482 1307 521 libertatem
1329 481 1615 521 defendendam
1642 483 1838 528 contulit,

440 564 612 603 quorum
627 550 729 588 votis
745 549 942 602 judicavit
958 549 994 587 se
1010 563 1031 587 a
1046 559 1174 587 morte
1190 558 1440 587 revocatum:
1464 548 1575 594 alter,
1593 549 1752 588 virtutis
1774 563 1839 587 ro-

442 618 535 656 bore
557 617 723 663 firmior,
746 631 865 669 quam
887 617 1025 662 aetatis‚
1048 630 1142 654 cum
1163 615 1244 654 istis
1266 616 1355 669 ipfis
1377 616 1568 654 veteranis
1589 615 1637 654 ad
1658 616 1713 655 D.
1738 617 1839 654 Bru-

442 694 530 722 tum
550 683 801 721 liberandum
822 681 1021 736 profedtus
1043 683 1111 721 est.
1153 683 1283 735 Igitur
1310 682 1372 720 illi
1392 682 1609 727 certiffimi,
1642 681 1843 734 iidemque

442 751 638 797 acerrimi,
671 750 830 788 Caesaris
851 752 1028 788 aerosum
1049 749 1206 803 patroni
1232 762 1304 803 pro
1332 749 1387 787 D.
1412 749 1526 788 Bruti
1547 748 1668 787 salute
1689 748 1843 787 bellurn

442 827 614 871 gerunt:
648 830 747 869 quos
779 817 951 855 veterani
986 817 1217 869 sequuntur.
1260 817 1323 854 De
1355 815 1537 854 libertate
1568 816 1676 854 enim
1702 815 1845 869 populi

444 885 634 929 Romani,
666 898 746 922 non
780 884 826 922 de
859 884 935 922 suis
968 883 1207 929 commodis,
1239 884 1356 921 armis
1378 882 1672 922 decernendum
1692 882 1842 921 vident.

445 951 557 1004 Qid
578 950 631 989 est
652 951 789 1003 igitur,
822 965 892 989 cur
912 951 975 997 iis,
1008 951 1077 1003 qui
1100 951 1154 989 D.
1179 951 1350 989 Brutum
1371 950 1559 988 omnibus
1580 950 1724 1003 opibus
1745 962 1844 988 con-

447 1018 640 1057 servatum
660 1017 800 1063 velint,
834 1018 897 1056 M.
923 1018 1036 1055 Bruti
1057 1018 1103 1055 fit
1124 1017 1320 1070 suspeetus
1342 1017 1536 1055 exercitus
1554 1018 1567 1055 ?

503 1087 568 1123 An
601 1098 706 1129 vero,
739 1084 765 1122 fi
797 1085 895 1136 quid
927 1084 1031 1129 esset,
1064 1084 1171 1135 quod
1202 1097 1223 1121 a
1254 1084 1318 1121 M.
1343 1084 1467 1121 Bruto
1488 1082 1713 1121 timendum
1734 1081 1846 1120 vide-

447 1160 569 1196 retur,
602 1150 724 1187 Pansa
755 1150 795 1187 id
828 1163 906 1187 non
939 1149 1117 1187 videret?
1150 1158 1231 1194 aut,
1264 1149 1289 1186 si
1322 1148 1486 1193 videret,
1518 1162 1597 1186 non
1624 1148 1845 1186 laboraret?

450 1218 552 1268 Qis
584 1225 651 1253 aut
683 1215 894 1268 sapientior
924 1216 970 1253 ad
1004 1217 1270 1268 conjecturam
1292 1229 1422 1253 rerum
1443 1214 1683 1260 futurarum,
1714 1223 1780 1252 aut
1801 1213 1848 1251 ad

450 1281 762 1337 propulsandum
784 1291 938 1320 metum
963 1281 1222 1333 diligentior?
1256 1281 1382 1333 Atqui
1404 1280 1524 1333 hujus
1549 1280 1731 1319 animum
1761 1293 1853 1332 erga

451 1351 515 1388 Μ.
540 1351 710 1387 Brutum
731 1347 985 1399 studiumque
1005 1346 1170 1385 vidistis.
1209 1347 1400 1399 Praecepit
1433 1347 1609 1384 oratione
1640 1346 1720 1392 sua,
1752 1346 1851 1399 quid

451 1417 657 1454 decernere
689 1427 758 1451 nos
792 1413 838 1451 de
872 1414 1010 1458 Bruto,
1042 1413 1139 1466 quid
1169 1413 1323 1458 sentire,
1356 1422 1581 1466 oporteret:
1615 1422 1851 1465 tantumque

451 1481 595 1526 abfuit,
615 1490 658 1519 ut
679 1480 946 1533 periculosum
969 1480 1197 1533 reipublicae
1218 1479 1282 1518 Μ.
1302 1480 1416 1518 Bruti
1437 1488 1593 1532 putaret
1613 1480 1849 1524 exercitum,

452 1558 496 1586 ut
518 1549 558 1585 in
579 1561 625 1585 eo
647 1547 913 1584 firmiffimum
935 1546 1163 1599 reipublicae
1184 1545 1407 1599 praefidium
1428 1555 1466 1584 et
1487 1545 1755 1598 graviffimum
1776 1558 1850 1597 po-

452 1624 575 1653 neret.
621 1613 781 1652 Scilicet
802 1613 879 1651 hoc
906 1613 1027 1651 Pansa
1045 1623 1112 1652 aut
1132 1627 1212 1651 non
1234 1612 1355 1657 videt,
1390 1611 1544 1664 (hebeti
1564 1612 1673 1650 enim
1693 1611 1856 1664 ingenio

454 1681 524 1731 est)
549 1689 614 1717 aut
637 1679 818 1731 negligit.
851 1680 951 1730 Qae
971 1680 1079 1717 enim
1102 1679 1227 1717 Caesar
1247 1679 1343 1731 egit,
1363 1691 1404 1716 ea
1425 1688 1504 1716 rata
1524 1677 1596 1716 effe
1618 1691 1697 1716 non
1719 1686 1850 1716 curat:

454 1747 502 1784 de
523 1746 669 1797 quibus
691 1745 972 1783 confirmandis
994 1755 1032 1783 et
1053 1744 1271 1783 sanciendis
1293 1744 1423 1796 legem
1451 1744 1627 1782 comitiis
1655 1744 1854 1782 centuria-

455 1812 506 1850 tie
526 1825 574 1849 ex
596 1811 826 1848 auctoritate
846 1810 972 1848 nostra
992 1810 1142 1848 laturus
1163 1810 1231 1848 est.

513 1868 587 1914 IX.
621 1875 811 1913 Desinant
832 1876 955 1927 igitur
976 1885 1042 1913 aut
1064 1876 1107 1920 ii,
1141 1876 1209 1927 qui
1236 1888 1315 1912 non
1345 1875 1504 1919 timent,
1537 1875 1716 1912 fimulare
1736 1874 1772 1912 se
1801 1874 1854 1911 ti-

456 1956 577 1986 mere,
596 1949 633 1978 et
654 1940 874 1993 prospicere
895 1941 1147 1994 reipublicae3
1170 1950 1236 1978 aut
1258 1941 1300 1986 ii,
1323 1941 1391 1992 qui
1415 1941 1549 1978 omnia
1568 1948 1767 1984 verentur,
1789 1940 1854 1990 ni-

458 2009 588 2047 mium
609 2007 681 2045 effe
703 2007 863 2052 ti1nidi;
897 2018 946 2045 ne
967 2008 1129 2045 illorum
1156 2007 1366 2052 fimulatio,
1398 2006 1544 2045 horum
1565 2007 1665 2044 obfit
1686 2007 1855 2059 ignavia.

504 2089 560 2113 uae
591 2073 760 2126 (malum
781 2073 810 2124 !)
841 2074 894 2111 est
920 2074 990 2112 ista
1009 2075 1122 2120 ratio,
1155 2074 1305 2127 semper
1326 2074 1490 2126 optimis
1511 2074 1631 2111 Causls
1653 2082 1857 2112 veterano-

459 2156 550 2180 rum
571 2154 715 2179 nomen
737 2142 963 2193 opponere?
995 2155 1166 2194 quorum
1187 2142 1306 2179 etiam
1328 2141 1353 2178 fi
1375 2140 1632 2193 amplecterer
1653 2141 1856 2186 virtutem,

461 2219 505 2247 ut
525 2207 643 2253 facio,
663 2217 808 2252 tamen,
828 2207 852 2245 s1
869 2207 988 2245 effent
1005 2218 1242 2260 arrogantes,
1261 2221 1339 2246 non
1357 2207 1505 2261 poffem
1521 2206 1622 2245 ferre
1638 2206 1855 2245 fastidium.

462 2277 526 2314 An
550 2288 634 2320 nos,
658 2283 843 2312 conantes
867 2273 1062 2312 servitutis
1084 2275 1242 2312 vincula
1263 2288 1458 2326 rumpere,
1490 2274 1696 2326 impediet,
1720 2273 1745 2311 fi
1768 2273 1856 2326 quis

460 2352 660 2380 veteranos
692 2340 731 2377 id
762 2340 868 2378 nolle
895 2340 1069 2379 dixerit?
1103 2341 1200 2379 Non
1232 2341 1321 2378 sunt
1353 2342 1476 2386 enim,
1508 2340 1639 2386 credo,
1671 2340 1858 2378 innume-

463 2408 619 2453 rabiles,
651 2407 720 2460 qui
756 2420 826 2459 pro
862 2407 1069 2445 communi
1104 2407 1285 2446 libertate
1316 2421 1421 2445 arma
1450 2408 1634 2460 capiant:
1668 2419 1785 2444 nemo
1805 2405 1858 2443 est

462 2484 602 2528 praeter
627 2482 827 2513 veteranos
850 2473 997 2512 milites
1020 2474 1092 2519 vir,
1125 2474 1195 2527 qui
1223 2473 1270 2512 ad
1301 2474 1528 2513 servitutem
1559 2471 1859 2526 propulsandam
