2076 2860
686 165 828 205 PRO
890 164 938 204 P.
1001 161 1297 202 SEXTIO.
1653 175 1703 216 55

289 267 365 308 Ista
384 265 508 307 nimia
528 263 664 318 gloriae
684 262 904 316 cupiditate
925 259 1122 299 familiam
1138 257 1429 312 gladiatoriam,
1448 256 1580 303 credo,
1605 271 1699 296 nac-

289 345 353 374 tus
375 333 429 373 est
449 331 663 386 speciosam
678 360 689 377 ,
721 328 904 368 nobilem
918 357 929 373 ‚
961 326 1176 381 gloriosam
1195 342 1203 365 :
1238 335 1351 365 norat
1371 325 1498 363 studia
1527 325 1670 379 populi
1687 343 1699 370 5

289 401 448 440 videbat
468 399 660 438 clamores
680 406 720 436 et
741 394 956 435 concursus
977 393 1150 433 futuros.
1170 394 1261 432 Hac
1282 393 1554 446 expectatione
1575 391 1701 430 elatus

287 467 413 508 homo
428 498 439 514 ,
471 467 638 521 flagrans
659 465 880 519 cupiditate
900 463 1036 516 gloriae
1050 492 1062 508 ,
1095 471 1227 500 tenere
1248 461 1285 500 se
1306 475 1386 499 non
1408 461 1542 514 potuit
1558 490 1568 506 ,
1601 460 1701 513 quin

287 534 362 575 hos
383 534 618 589 gladiatores
640 532 862 578 induceret,
895 543 1069 583 quorum
1089 528 1182 568 effet
1203 528 1284 582 ipse
1305 527 1616 582 pulcherrimus.
1662 526 1702 564 Si

289 603 342 642 ob
363 616 451 642 eam
470 601 627 641 causam
647 608 827 654 peccaret
841 628 852 644 ‚
884 607 946 643 et,
978 611 1051 651 pro
1071 596 1221 634 recenti
1242 595 1383 649 populi
1405 594 1581 632 Romani
1602 594 1643 631 in
1666 593 1704 632 se

290 669 500 716 beneficio,
523 668 707 723 populari
728 666 857 705 studio
878 665 1003 703 elatus
1015 684 1027 710 5
1047 673 1179 702 tamen
1201 662 1421 715 ignosceret
1443 675 1576 699 nemo.
1594 662 1702 699 Cum

288 750 381 776 vero
413 750 464 775 ne
495 735 543 774 de
572 734 777 774 venalibus
811 731 976 786 quidem
1005 730 1191 769 homines
1223 729 1384 774 electos,
1416 727 1481 766 sed
1501 741 1549 766 ex
1571 728 1700 780 ergas-

290 804 386 843 tulis
420 813 592 857 emptos,
625 801 858 841 nominibus
891 797 1136 852 gladiatoriis
1170 797 1333 842 ornarit,
1366 805 1405 833 et
1436 795 1574 833 sortito
1604 795 1701 833 alios

291 871 502 916 Samnites,
535 870 631 908 alios
655 870 950 911 Provocatores,
973 864 1114 903 fecerit
1130 883 1141 909 ;
1176 873 1284 902 tanta
1304 863 1480 907 licentia,
1514 871 1621 900 tanta
1641 862 1700 900 le-

290 951 390 992 gum
406 936 671 990 contemptio,
691 948 822 973 nonne
839 947 960 987 quem
977 931 1162 971 habitura
1178 931 1223 969 fit
1239 931 1410 976 exitum,
1428 929 1673 983 pertimescit
1688 929 1702 967 ?

348 1005 422 1045 Sed
452 1004 573 1043 habet
602 1002 846 1042 defenfiones
877 1001 1001 1040 duas:
1035 1000 1229 1054 primum,
1263 999 1344 1044 Do,
1377 998 1526 1051 inquit,
1560 996 1702 1034 bestia-

291 1073 368 1112 rios
386 1092 398 1119 ;
422 1073 487 1111 lex
508 1071 561 1110 est
582 1070 727 1124 scripta
746 1070 794 1108 de
815 1067 1116 1123 gladiatoribus.
1142 1066 1308 1106 Festive.
1342 1066 1529 1118 Accipite
1550 1064 1703 1115 aliquid

290 1140 412 1179 etiam
432 1139 586 1178 acutius
604 1154 612 1178 :
637 1138 737 1176 dicit
759 1137 794 1176 se
815 1150 896 1175 non
917 1135 1168 1189 gladiatores,
1192 1133 1256 1172 sed
1278 1147 1405 1171 unum
1426 1132 1701 1185 gladiatorem,

293 1207 381 1246 dare
397 1238 408 1253 ,
440 1217 479 1246 et
501 1216 626 1246 totam
648 1205 878 1245 aedilitatem
900 1205 941 1242 in
964 1217 1110 1242 munus
1133 1201 1210 1240 hoc
1234 1200 1481 1240 transtulisse.
1517 1198 1704 1237 Praeclara

291 1274 456 1313 aedilitas
477 1290 485 1313 :
510 1288 612 1313 unus
634 1274 722 1320 leo;
747 1272 911 1311 ducenti
932 1271 1117 1310 bestiarii.
1138 1270 1290 1307 Verum
1313 1277 1446 1306 utatur
1466 1266 1540 1305 hac
1563 1265 1702 1304 defen-

293 1343 424 1381 fione:
458 1343 579 1395 cupio
609 1355 703 1380 eum
734 1341 809 1379 suae
841 1339 962 1378 causae
992 1337 1219 1377 confidere:
1254 1336 1351 1374 solet
1380 1335 1489 1373 enim
1521 1334 1703 1372 tribunos

292 1409 421 1462 plebis
443 1408 653 1463 appellare,
677 1417 716 1446 et
736 1408 775 1445 vi
791 1406 996 1459 judicium
1018 1404 1249 1449 disturbare,
1274 1416 1367 1441 cum
1390 1401 1551 1439 diffidit.
1569 1402 1704 1452 Qem

292 1490 372 1514 non
395 1485 476 1515 tam
497 1475 685 1520 admiror,
709 1474 816 1527 quod
839 1486 968 1511 meam
989 1473 1121 1525 legem
1142 1478 1388 1513 contemnat,
1422 1468 1599 1506 hominis
1623 1468 1702 1504 ini-

291 1543 389 1581 mici
405 1573 415 1588 ,
448 1556 568 1595 quam
598 1542 707 1594 quod
729 1541 764 1579 se
786 1541 920 1578 statuit
941 1540 1109 1578 omnino
1130 1537 1377 1575 consularem
1399 1535 1528 1587 legem
1552 1534 1705 1572 nullam

293 1617 446 1660 putare.
494 1608 698 1645 Caeciliam
714 1631 733 1636 -
749 1606 912 1644 Didiam
930 1634 940 1649 ,
974 1604 1176 1642 Liciniam
1192 1626 1210 1631 -
1226 1602 1390 1652 Juniam
1406 1630 1416 1645 ,
1450 1599 1702 1651 contempsit.

296 1676 483 1713 Etiamne
503 1675 603 1727 ejus,
627 1686 748 1726 quem
770 1672 835 1710 sua
855 1672 941 1723 lege
963 1680 1002 1708 et
1023 1670 1091 1708 suo
1113 1668 1309 1706 beneficio
1333 1677 1534 1712 ornatum,
1567 1666 1703 1704 muni-

295 1751 399 1787 tum,
418 1750 630 1786 armatum,
655 1740 751 1778 solet
772 1738 948 1791 gloriari,
969 1738 1017 1775 C.
1035 1735 1195 1775 Caesaris
1218 1736 1349 1788 legem
1370 1734 1417 1772 de
1438 1734 1619 1787 pecuniis
1641 1747 1703 1771 re-

294 1808 480 1862 petundis
512 1820 592 1844 non
622 1814 736 1859 putat
767 1804 839 1843 effe
870 1804 1032 1857 legem?
1066 1803 1120 1841 Et
1149 1802 1260 1840 aiunt
1280 1801 1377 1839 alios
1400 1800 1497 1846 ess‘e,
1533 1801 1603 1852 qui
1623 1801 1707 1837 acta

294 1875 455 1914 Caesaris
477 1874 714 1919 rescindant,
746 1886 841 1911 cum
861 1871 944 1910 haec
966 1871 1119 1925 optima
1138 1869 1204 1908 lex
1226 1878 1264 1907 et
1285 1868 1333 1907 ab
1355 1868 1427 1906 illo
1449 1867 1582 1906 socero
1603 1869 1703 1920 ejus,

294 1952 333 1981 et
353 1943 400 1980 ab
423 1941 501 1980 hoc
521 1940 670 1986 affecla,
703 1939 929 1992 negligatur
948 1940 961 1976 ?

350 2010 483 2049 LXV.
517 2010 571 2048 Et
592 2007 791 2047 cohortari
812 2006 925 2045 ausus
946 2006 1000 2044 est
1021 2004 1222 2044 accusator
1242 2003 1284 2041 in
1305 2002 1379 2041 hac
1400 2001 1512 2040 causa
1528 2015 1610 2046 vos,
1628 2001 1703 2052 Ju-

294 2076 416 2123 dices,
436 2085 480 2115 ut
500 2075 715 2129 aliquando
736 2073 862 2112 effetis
885 2072 1020 2118 severi,
1038 2070 1251 2124 aliquando
1273 2069 1515 2109 medicinam
1536 2067 1704 2106 adhibe-

296 2145 389 2183 retis
411 2143 668 2197 reipublicae?
687 2143 784 2181 Non
801 2141 854 2180 est
870 2155 914 2180 ea
934 2139 1149 2185 medicina,
1167 2153 1263 2177 cum
1284 2138 1381 2176 sanae
1402 2136 1506 2190 parti
1528 2135 1705 2189 corporis

297 2211 528 2264 scalpellum
550 2210 777 2255 adhibetur,
795 2218 913 2261 atque
930 2208 1116 2262 integrae:
1137 2205 1368 2245 carnificina
1383 2204 1437 2242 est
1454 2203 1536 2249 ista,
1556 2213 1594 2240 et
1611 2216 1704 2240 cru-

296 2277 435 2316 delitas
455 2293 463 2316 :
487 2277 531 2316 hi
553 2277 762 2315 medentur
783 2275 1028 2329 reipublicae,
1051 2275 1120 2328 qui
1140 2273 1323 2313 exsecant
1344 2271 1491 2326 pestem
1514 2270 1703 2322 aliquam,

297 2355 487 2398 tanquam
509 2345 698 2385 strumam
719 2344 907 2383 civitatis.
957 2343 1046 2389 Sed,
1077 2352 1123 2381 ut
1143 2351 1370 2381 extremum
1389 2338 1532 2378 habeat
1553 2334 1706 2388 aliquid

296 2413 423 2451 oratio
455 2426 555 2458 mea,
586 2421 626 2450 et
658 2421 703 2450 ut
734 2425 808 2464 ego
838 2420 928 2450 ante
958 2409 1118 2449 dicendi
1148 2409 1271 2448 finem
1301 2407 1461 2451 faciam,
1494 2418 1614 2458 quam
1635 2415 1704 2440 vos

298 2493 362 2519 me
395 2489 477 2519 tam
510 2486 658 2518 attente
689 2477 875 2517 audiendi
891 2496 904 2525 ;
936 2475 1178 2517 concludam
1210 2473 1313 2514 illud
1345 2473 1392 2512 de
1424 2470 1703 2524 optimatibus.
