2076 2860
659 184 808 223 PRo
869 183 1213 223 MILONE.
1564 198 1642 238 207

241 290 367 329 facere
392 290 589 343 impetum
617 291 838 342 cogitarat?
872 291 951 329 Res
980 289 1173 342 loquitur,
1206 288 1382 340 Judices‚
1414 288 1495 342 ipsa
1511 309 1522 335 5
1555 304 1642 343 quae

241 357 391 409 semper
410 356 512 394 valet
532 356 769 408 plurimum.

297 423 336 460 Si
368 421 451 460 haec
484 435 564 460 non
596 423 699 475 gesta
731 422 932 468 audiretis,
965 421 1027 460 sed
1049 423 1151 474 pieta
1171 421 1383 468 videretis;
1418 433 1547 462 tamen
1570 437 1639 476 ap-

239 498 390 541 pareret
410 496 497 526 uter
516 488 607 526 effet
628 488 843 533 infidiator,
877 498 963 526 uter
983 487 1086 526 nihil
1108 489 1298 541 cogitaret
1323 490 1433 534 mali,
1465 504 1559 528 cum
1581 492 1639 528 al-

240 564 299 592 ter
318 553 525 593 veheretur
552 555 592 593 in
615 554 734 593 rheda
754 555 962 608 penulatus
979 584 990 600 ,
1023 568 1099 592 una
1119 554 1265 593 sederet
1287 569 1399 594 uxor.
1433 557 1544 608 Qid
1564 557 1640 594 ho-

239 634 330 658 rum
352 634 430 659 non
452 621 796 674 impeditiffimum
817 623 829 659 ?
862 621 1037 666 vestitus,
1059 635 1107 658 an
1128 620 1375 667 vehiculum,
1408 636 1454 660 an
1477 637 1609 661 comes
1628 626 1639 661 Ρ

239 686 337 739 quid
357 687 489 724 minus
511 696 745 739 promptum
765 687 812 724 ad
833 700 1023 739 pugnam,
1042 700 1136 724 cum
1155 686 1296 738 penula
1313 687 1501 733 irretitus,
1524 688 1643 727 rheda

239 752 471 805 impeditus,
504 767 625 791 uxore
657 767 756 806 pene
788 753 1018 791 constrietus
1045 752 1168 790 effet?
1201 752 1344 790 Videte
1372 768 1477 791 nunc
1507 755 1638 800 illum,

238 819 418 870 primum
438 819 705 872 egredientem
727 833 747 857 e
768 819 875 864 villa,
908 819 1038 856 subito
1058 834 1066 856 :
1099 832 1170 856 cur
1189 820 1201 855 ?
1234 819 1380 871 vesperi
1400 835 1408 858 :
1442 821 1539 872 quid
1570 835 1639 859 ne-

239 885 335 923 ceffe
356 885 437 923 est?
471 886 598 924 tarde:
624 886 694 937 qui
715 886 915 930 convenit,
938 885 978 922 id
999 884 1213 937 praejsertim
1236 887 1454 938 temporis?
1488 888 1640 925 Dever-

241 950 291 988 tit
322 951 363 988 in
395 950 532 988 villam
565 950 761 1003 Pompeii.
795 950 1034 1002 Pompeium
1057 960 1101 988 ut
1122 951 1301 989 videret?
1335 952 1479 990 sciebat
1501 954 1541 990 in
1564 954 1639 991 Al-

240 1016 347 1054 fienfi
372 1016 458 1054 effe.
492 1016 641 1054 Villam
664 1026 708 1055 ut
728 1017 994 1069 perspiceret?
1027 1017 1174 1055 millies
1206 1018 1247 1055 in
1281 1032 1323 1055 ea
1354 1017 1495 1057 fuerat.
1530 1021 1640 1072 Qid

238 1095 331 1134 ergo
351 1092 431 1120 erat
451 1096 594 1128 morae,
626 1092 664 1120 et
686 1083 1015 1136 tergiversationis
1033 1084 1045 1120 ?
1080 1084 1191 1121 Dum
1212 1083 1279 1121 hic
1301 1086 1471 1130 veniret,
1505 1086 1640 1124 locum

238 1148 460 1202 relinquere
480 1149 625 1187 noluit.

295 1215 411 1253 XXI.
445 1215 532 1266 Age
553 1229 674 1260 nunc,
698 1215 771 1253 iter
791 1215 965 1268 expediti
988 1216 1150 1253 latronis
1168 1230 1261 1254 cum
1278 1217 1448 1255 Milonis
1466 1219 1637 1271 impedi-

240 1281 384 1318 mentis
406 1290 642 1333 comparate.
677 1281 837 1333 Semper
856 1282 924 1319 ille
945 1291 1055 1319 antea
1076 1295 1169 1319 cum
1192 1296 1337 1328 uxore5
1363 1292 1449 1321 tum
1472 1285 1549 1322 fine
1570 1299 1635 1323 ea:

241 1359 445 1399 nunquam
468 1360 546 1384 non
568 1347 608 1384 in
631 1346 773 1392 rheda;
808 1357 894 1385 tum
915 1347 956 1384 in
978 1361 1080 1400 equo
1100 1363 1107 1385 :
1132 1349 1298 1386 comites
1322 1350 1511 1395 Graeculi,
1535 1365 1637 1403 quo-

238 1425 396 1465 cunque
417 1413 513 1457 ibat,
536 1413 655 1450 etiam
671 1427 765 1451 cum
786 1414 827 1450 in
848 1413 966 1451 castra
986 1413 1151 1451 Etrusca
1170 1416 1427 1466 properabat;
1453 1426 1539 1454 tum
1561 1431 1635 1454 nu-

237 1490 377 1529 garum
394 1478 434 1515 in
451 1478 644 1516 comitatu
661 1478 779 1517 nihil.
803 1479 925 1523 Milo,
949 1479 1019 1532 qui
1040 1493 1261 1532 nunquam,
1284 1490 1371 1518 tum
1388 1481 1476 1519 casu
1496 1496 1637 1534 pueros

238 1542 539 1596 symphoniacos
561 1545 694 1582 uxoris
716 1544 907 1589 ducebat,
939 1553 979 1582 et
999 1545 1233 1583 ancillarum
1253 1559 1389 1598 greges
1409 1562 1418 1585 :
1452 1548 1535 1592 ille,
1568 1549 1639 1600 qui

238 1609 389 1662 semper
409 1609 540 1647 secum
562 1610 708 1654 scorta,
741 1610 892 1662 semper
911 1610 1108 1654 exoletos,
1141 1610 1292 1663 semper
1312 1612 1423 1664 lupas
1445 1613 1634 1659 ducebat,

238 1685 327 1713 tum
349 1676 576 1720 neminem,
609 1676 680 1714 nifi
711 1685 755 1714 ut
784 1676 915 1714 virum
945 1690 965 1713 a
994 1676 1077 1714 viro
1098 1676 1245 1715 leetum
1266 1677 1337 1716 effe
1358 1678 1520 1718 diceres.
1555 1681 1638 1718 Cur

239 1741 362 1793 igitur
382 1741 506 1779 vic‘tus
528 1741 581 1778 est
600 1743 612 1778 ?
645 1742 738 1793 quia
767 1755 846 1779 non
868 1741 1018 1794 semper
1038 1742 1163 1779 viator
1191 1755 1212 1779 a
1240 1743 1389 1781 latrone
1404 1774 1417 1788 ,
1448 1758 1636 1782 nonnun-

240 1820 360 1859 quam
380 1807 499 1845 etiam
520 1807 619 1844 latro
639 1821 659 1845 a
679 1808 840 1852 viatore,
863 1807 1080 1845 occiditur:
1105 1808 1210 1860 quia,
1234 1822 1461 1861 quanquam
1482 1822 1636 1863 paratus

240 1875 280 1911 in
301 1874 511 1926 imparatos
535 1873 717 1919 Clodius,
750 1883 879 1912 tamen
902 1874 1046 1912 mulier
1066 1874 1257 1913 inciderat
1278 1877 1319 1913 in
1340 1877 1457 1915 viros.

295 1939 384 1977 Nec
416 1953 506 1976 vero
537 1939 587 1976 fic
617 1948 697 1977 erat
727 1952 904 1992 unquam
930 1953 1009 1977 non
1030 1949 1184 1991 paratus
1208 1941 1314 1978 Milo
1336 1951 1472 1980 contra
1492 1942 1635 1988 illum5

241 2014 284 2042 ut
304 2018 382 2042 non
406 2005 492 2043 satis
514 2004 594 2042 fere
615 2004 706 2042 effet
726 2014 895 2057 paratus.
930 2005 1090 2057 Semper
1110 2006 1178 2043 ille
1199 2016 1237 2044 et
1258 2017 1452 2059 quantum
1474 2009 1635 2047 interes-

240 2069 294 2108 set
316 2071 360 2108 P.
387 2070 520 2108 Clodii
542 2070 578 2108 se
603 2071 754 2122 perire,
786 2080 824 2108 et
845 2079 993 2122 quanto
1021 2071 1082 2108 illi
1109 2072 1201 2109 odio
1228 2073 1343 2118 effet,
1375 2084 1414 2112 et
1441 2085 1636 2126 quantum

241 2135 308 2173 ille
327 2136 499 2180 auderet,
531 2136 743 2187 cogitabat.
777 2136 1050 2187 Qamobrem
1071 2138 1192 2175 vitam
1215 2138 1335 2184 suam,
1365 2154 1484 2192 quam
1507 2142 1636 2179 maxi-

240 2203 315 2239 mis
343 2202 514 2254 praemiis
542 2202 779 2254 propositam
811 2212 849 2240 et
881 2216 980 2254 pene
1007 2202 1200 2242 addictam
1229 2205 1398 2251 sciebat,
1431 2221 1635 2260 nunquam

240 2268 280 2304 in
314 2267 536 2319 periculum
564 2267 641 2304 fine
668 2267 843 2320 praefidio
869 2278 909 2306 et
936 2268 1014 2307 fine
1040 2270 1214 2308 custodia
1242 2272 1487 2324 projiciebat.
1521 2273 1637 2310 Adde

241 2332 363 2377 casus,
382 2332 477 2369 adde
493 2333 662 2370 incertos
679 2334 807 2372 exitus
829 2348 1066 2386 pugnarum,
1085 2336 1339 2389 Martemque
1361 2352 1632 2383 communem,

241 2399 311 2451 qui
333 2398 426 2451 saepe
447 2397 679 2449 spoliantem
695 2400 779 2451 jam
800 2410 838 2438 et
857 2401 1101 2439 exultantem
1123 2403 1261 2439 evertit
1277 2432 1287 2447 ‚
1319 2414 1356 2440 et
1385 2405 1554 2455 perculit
1586 2404 1633 2440 ab

241 2466 406 2515 abjecto.
431 2463 543 2502 Adde
565 2464 760 2504 inscitiam
782 2467 920 2518 pransi,
938 2469 1037 2519 poti,
1056 2467 1254 2506 oscitantis
1273 2469 1383 2507 ducis
1403 2485 1411 2507 :
1435 2471 1518 2520 qui,
1541 2483 1633 2507 cum
