2076 2860
376 212 447 250 128
849 206 1294 244 ORATIO

371 322 441 361 pro
473 305 655 362 periculis
688 301 968 356 praemiorum:
1000 298 1159 353 praemia
1189 298 1351 352 quidem
1381 298 1462 352 ipsa
1491 312 1570 337 non
1601 298 1690 337 sunt
1720 299 1762 336 in

370 375 453 426 ejus
474 372 590 416 fac'to,
622 369 691 422 qui
711 367 873 419 adeptus
893 365 961 411 est,
994 365 1057 403 sed
1077 365 1118 403 in
1139 366 1237 417 ejuS,
1270 365 1338 418 qui
1359 364 1482 403 dedit.

429 440 504 477 111.
538 439 717 475 Donatus
738 434 861 485 igitur
880 432 934 470 est
953 432 1004 470 ob
1025 444 1086 470 eas
1107 430 1235 469 causas
1252 445 1272 469 a
1289 432 1366 469 Cn.
1383 430 1574 484 Pompeio
1589 430 1760 469 civitate.

373 506 418 543 Id
438 503 634 542 accusator
654 514 734 538 non
755 507 898 550 negat3
932 497 995 535 sed
1017 496 1267 550 reprehendit
1286 512 1294 535 ι
1319 506 1362 535 ut
1383 497 1423 535 in
1446 496 1634 535 Cornelio
1654 494 1766 534 causa

370 572 486 625 ipfius
508 568 696 621 probetur
711 596 721 611 ,
755 578 870 618 poena
901 573 1123 616 quaeratur3
1156 563 1198 601 in
1232 563 1421 616 Pompeio
1442 562 1553 601 causa
1573 562 1735 601 laedatur
1752 591 1764 606 ,

372 650 486 691 poena
506 636 551 674 s1t
573 633 695 673 nulla.
716 633 777 669 Sic
799 630 960 676 famam,
979 630 1029 668 fic
1049 629 1356 667 innocentiffimi
1376 629 1550 668 hominis
1571 628 1765 672 fortunas,

372 700 668 757 praestantiffimi
688 697 934 751 imperatoris
955 696 1119 741 factum,
1141 695 1395 733 condemnari
1416 696 1569 734 volunt.
1598 696 1706 747 Ergo
1727 693 1768 731 in

367 769 568 822 judicium
588 775 706 819 caput
727 763 918 808 Cornelii,
936 762 1085 801 factum
1104 761 1298 815 Pompeii,
1317 771 1492 799 vocatur.
1513 762 1637 798 Hunc
1659 759 1769 798 enim

372 838 413 874 in
434 849 477 873 ea
497 834 653 872 civitate
670 862 681 878 ‚
713 832 753 869 in
784 844 862 884 qua
890 830 935 868 fit
965 838 1078 867 natus
1097 858 1108 873 ,
1139 828 1407 866 honestisfimo
1428 828 1517 865 loco
1537 836 1676 865 natum
1695 825 1771 864 esse

373 901 571 945 concedis,
602 909 640 937 et
661 899 708 936 ab
729 898 890 936 ineunte
910 905 1034 940 aetate,
1067 895 1209 933 relictis
1242 894 1357 932 rebus
1389 894 1464 932 suis
1492 893 1695 938 omnibus,
1727 892 1768 929 in

375 967 512 1006 nostris
533 965 646 1004 bellis
669 964 806 1002 nostris
827 976 920 1001 cum
941 961 1244 1014 imperatoribus
1266 960 1338 998 effe
1365 960 1558 997 versatum
1576 979 1586 1004 ;
1619 958 1769 997 nullius

376 1033 532 1078 laboris,
556 1031 704 1070 nullius
725 1029 953 1073 obfidionis,
976 1028 1125 1066 nullius
1146 1026 1286 1080 praelii,
1303 1036 1505 1078 expertem
1525 1025 1651 1063 fuisse.
1671 1025 1770 1062 Haec

376 1101 463 1139 sunt
493 1098 627 1137 omnia
658 1111 751 1135 cum
781 1096 897 1149 plena
925 1094 1051 1133 laudis
1069 1124 1080 1140 ,
1113 1103 1200 1132 tum
1222 1093 1377 1146 propria
1399 1091 1603 1131 Cornelii:
1637 1091 1771 1129 necin

376 1166 436 1204 his
460 1165 574 1203 rebus
595 1163 744 1201 crimen
766 1161 819 1199 est
840 1161 984 1199 ullum.

433 1231 515 1268 Ubi
537 1229 658 1282 igitur
678 1227 730 1266 est
751 1227 902 1264 crimen
922 1227 934 1264 ?
966 1225 1072 1278 quod
1093 1239 1185 1264 eum
1215 1223 1428 1277 Pompeius
1459 1222 1617 1261 civitate
1646 1222 1769 1260 dona-

379 1298 446 1335 vit.
480 1293 768 1348 Hujuscemodi
790 1294 940 1330 crimen
960 1292 972 1329 ?
996 1291 1181 1329 minime:
1216 1290 1284 1328 nifi
1306 1289 1432 1327 honos
1455 1288 1674 1341 ignominia
1694 1302 1772 1341 pu-

378 1362 493 1402 tanda
522 1361 588 1399 est.
633 1361 759 1412 Cujus
790 1358 943 1410 igitur?
975 1371 1105 1395 revera
1125 1356 1305 1401 nullius;
1337 1355 1487 1393 actione
1509 1353 1741 1393 accusatoris
1758 1383 1770 1400 ‚

379 1431 461 1482 ejus
485 1428 616 1472 unius,
634 1426 703 1478 qui
719 1424 892 1462 donavit.
912 1423 995 1475 Qi
1011 1423 1053 1468 fi,
1071 1422 1260 1460 adductus
1281 1422 1417 1474 gratia,
1435 1421 1567 1459 minus
1584 1420 1774 1459 idoneum

379 1495 585 1533 hominem
616 1491 777 1545 praemio
804 1489 1014 1534 affeciffet3
1047 1489 1117 1541 qui
1147 1489 1264 1526 etiam
1295 1488 1321 1525 fi
1350 1487 1480 1525 virum
1512 1486 1678 1532 bonum,
1710 1485 1774 1523 sed

379 1577 457 1602 non
480 1562 533 1599 ita
553 1560 740 1599 meritum
758 1578 768 1603 ς
801 1558 827 1596 fi
849 1556 1019 1608 denique
1040 1555 1204 1608 aliquid,
1237 1553 1344 1607 quod
1365 1567 1444 1592 non
1466 1563 1616 1599 contra,
1647 1567 1691 1591 ac
1720 1553 1773 1590 li-

379 1638 506 1674 ceret,
539 1626 688 1665 factum
719 1624 929 1667 diceretur,
961 1621 1025 1660 sed
1054 1630 1205 1666 contra,
1237 1629 1355 1673 atque
1385 1628 1610 1673 oporteret:
1644 1628 1777 1657 tamen

380 1695 470 1734 esset
490 1692 619 1731 omnis
641 1690 834 1744 ejusmodi
856 1687 1101 1741 reprehenfio
1121 1701 1142 1725 a
1161 1687 1288 1732 vobis,
1313 1685 1490 1738 Judices‚
1522 1685 1773 1739 repudianda.

381 1763 503 1801 Nunc
525 1773 614 1797 vero
635 1756 730 1810 quid
751 1755 896 1793 dicitur
915 1756 927 1792 ?
951 1754 1047 1806 quid
1067 1755 1120 1791 ait
1139 1753 1363 1791 accusator?
1386 1752 1516 1791 feciffe
1538 1753 1776 1805 Pompeium

382 1826 488 1879 quod
503 1825 543 1879 ei
564 1823 689 1861 facere
711 1835 788 1859 non
811 1819 966 1858 licuerit
986 1820 998 1856 ?
1030 1818 1137 1870 quod
1157 1817 1312 1869 gravius
1333 1817 1400 1862 est,
1424 1831 1558 1869 quam,
1581 1819 1607 1856 fi
1628 1819 1669 1855 id
1689 1817 1773 1856 fac-

383 1904 469 1931 tum
491 1891 538 1928 ab
559 1903 605 1927 eo
625 1887 771 1925 diceret
789 1916 799 1930 ,
831 1884 938 1937 quod
970 1897 1047 1923 non
1078 1882 1322 1936 oportuisset.
1369 1882 1438 1920 Est
1467 1882 1574 1920 enim
1595 1883 1743 1934 aliquid
1761 1912 1773 1928 ,

382 1957 488 2011 quod
522 1969 600 1993 non
629 1961 820 2006 oporteat,
851 1950 969 1989 etiam
1000 1949 1025 1987 fi
1054 1949 1173 1987 licet:
1206 1947 1402 2001 quidquid
1433 1961 1524 1986 vero
1555 1962 1633 1986 non
1664 1948 1772 1994 licet,

383 2033 486 2064 certe
507 2035 584 2060 non
608 2028 775 2073 oportet.

442 2090 515 2128 IV.
550 2087 630 2125 Hic
651 2099 724 2137 ego
745 2097 850 2122 nunc
867 2084 1026 2121 cuncter
1043 2082 1092 2120 fic
1109 2095 1233 2135 agere,
1253 2081 1427 2133 Judices‚
1445 2094 1523 2119 non
1541 2080 1611 2118 effe
1628 2080 1684 2119 fas
1701 2080 1776 2119 du-

386 2155 515 2200 bitari,
538 2152 650 2206 quin,
674 2150 780 2203 quod
802 2150 879 2187 Cn.
900 2148 1136 2201 Pompeium
1157 2147 1286 2186 feciffe
1307 2146 1470 2192 constet,
1490 2146 1527 2184 id
1549 2161 1627 2184 non
1650 2146 1777 2185 solum

386 2219 572 2264 decuiffe,
608 2217 669 2255 scd
690 2216 808 2254 etiam
829 2213 1012 2259 debuisse,
1044 2212 1235 2251 fateamur
1254 2215 1266 2251 ?
1300 2213 1409 2265 Qid
1430 2213 1536 2251 enim
1557 2213 1660 2250 abest
1681 2212 1776 2251 huic

385 2287 555 2332 homini,
587 2284 694 2338 quod
716 2284 741 2321 fi
762 2282 915 2327 adesset,
931 2282 1021 2334 jure
1041 2280 1117 2319 hoc
1140 2281 1260 2319 tribui
1281 2290 1320 2319 et
1340 2279 1503 2319 concedi
1523 2281 1776 2334 putaremus?

387 2354 537 2393 Ususne
559 2351 713 2390 rerum?
736 2349 805 2402 qui
824 2348 1001 2402 pueritiae
1022 2356 1178 2400 tempus
1199 2357 1422 2385 extremum
1442 2347 1683 2400 principium
1705 2345 1777 2384 ha-

387 2421 474 2460 buit
495 2418 692 2457 bellorum
713 2425 830 2467 atque
849 2414 1108 2467 imperiorum
1135 2414 1428 2459 maximorum3
1460 2414 1573 2466 cujus
1601 2412 1778 2467 plerIque

383 2486 553 2540 :rquales
574 2484 705 2523 minus
728 2483 822 2536 saepe
842 2481 960 2521 castra
979 2480 1174 2526 viderunt,
1193 2494 1311 2532 quam
1327 2480 1393 2519 hic
1411 2479 1690 2533 triumphavit5
1709 2478 1779 2532 qui
