2076 2860
371 183 444 234 156
847 176 1290 215 ORATIO

367 278 534 323 sublato,
557 278 678 316 altero
699 277 744 314 ad
766 284 947 313 mentum
969 273 1140 327 depreffo
1161 274 1384 327 supercilio,
1417 273 1675 314 Crudelitatem
1695 273 1766 312 tibi

368 358 436 383 non
448 345 605 396 placere.

423 412 517 449 VII.
552 411 634 448 Hic
652 418 688 446 te
705 408 771 445 ille
791 406 914 445 homo
933 406 1181 459 digniffimus
1203 408 1281 446 tuis
1302 407 1483 446 laudibus
1506 407 1758 447 collaudavit.

368 476 623 514 Crudelitatis
646 484 702 519 tu,
734 471 913 518 furcifer,
940 472 1117 511 senatum
1137 473 1272 511 consul
1294 474 1336 512 in
1357 474 1547 512 concione
1569 473 1759 513 condem-

366 543 461 580 nas?
485 555 563 579 non
580 541 686 578 enim
703 553 780 583 me,
799 539 868 591 qui
885 538 1033 576 senatui
1052 539 1186 591 parui:
1210 553 1301 578 nam
1322 540 1458 578 relatio
1479 540 1549 578 illa
1567 540 1757 585 salutaris,

366 618 405 646 et
426 608 608 659 diligens,
626 605 752 645 fuerat
772 605 967 650 consulis3
990 605 1269 644 animadverfio
1289 607 1466 659 quidem,
1489 616 1528 645 et
1542 607 1758 659 judicium,

368 673 533 712 senatus.
567 674 666 724 Qae
687 686 779 710 cum
801 670 1067 723 reprehendis,
1099 671 1281 716 ostendis,
1309 673 1434 725 qualis
1456 682 1514 718 tu,
1537 674 1563 712 fi
1585 674 1639 711 ita
1659 672 1760 711 forte

367 738 586 783 accidiffet,
616 737 737 776 fueris
759 737 830 775 illo
852 746 1027 789 tempore
1048 736 1184 775 consul
1205 737 1378 777 futurus.
1413 737 1641 790 Sfipendio,
1672 752 1758 777 me-

367 803 543 850 hercule,
574 813 613 842 et
632 803 848 847 frumento,
873 803 1088 841 Catilinam
1109 803 1181 841 effe
1201 803 1365 855 putaffes
1382 803 1618 856 juvandum.
1650 804 1761 855 Qid

368 871 475 908 enim
496 869 677 908 interfuit
699 870 800 906 inter
822 869 1050 913 Catilinam,
1073 877 1111 906 et
1131 883 1237 914 eum,
1264 870 1329 907 cui
1351 879 1394 907 tu
1415 870 1567 908 senatus
1588 869 1759 908 auctori-

368 945 504 981 tatem,
537 935 700 973 salutem
730 934 915 978 civitatis,
948 943 1071 972 totam
1093 935 1395 986 rempublicam,
1427 935 1638 987 provinciae
1659 949 1759 987 prae-

368 1002 450 1039 mio
470 1000 703 1039 vendidisti?
727 1002 826 1052 Qae
847 1000 954 1037 enim
976 1000 1024 1037 L.
1043 1000 1257 1038 Catilinam
1279 1010 1488 1039 conantem
1509 1001 1645 1039 consul
1666 1014 1760 1053 pro-

367 1066 497 1111 hibui,
529 1080 572 1105 ea
603 1067 648 1105 P.
674 1066 864 1104 Clodium
895 1064 1107 1103 facientem
1135 1066 1312 1104 consules
1340 1066 1586 1118 adjuverunt.
1619 1065 1761 1104 Voluit

369 1132 436 1170 ille
469 1132 646 1171 senatum
673 1131 905 1176 interficere,
937 1145 1003 1169 vos
1033 1131 1262 1170 sustulistis:
1296 1132 1400 1184 leges
1429 1132 1660 1177 incendere,
1692 1145 1760 1170 vos

368 1198 602 1250 abrogastis:
628 1198 785 1236 interire
805 1198 985 1250 patriam,
1004 1211 1070 1235 vos
1091 1197 1304 1249 adjuvistis.
1325 1198 1434 1250 Qid
1455 1198 1508 1236 est
1528 1198 1638 1236 vobis
1661 1211 1759 1236 con-

370 1264 518 1302 sulibus
539 1263 690 1315 gestum
713 1264 789 1301 fine
810 1264 926 1300 armis
946 1264 959 1300 ?
983 1262 1194 1301 Incendere
1216 1263 1283 1300 illa
1303 1264 1599 1315 conjuratorum
1619 1276 1758 1301 manus

370 1330 496 1368 voluit
514 1329 672 1373 urbem;
696 1342 763 1366 vos
780 1329 861 1380 ejus
879 1328 1058 1372 domum,
1077 1342 1196 1379 quem
1216 1337 1376 1380 propter
1392 1328 1483 1366 urbs
1506 1328 1660 1366 incensa
1680 1341 1760 1366 non

369 1395 436 1434 est.
469 1396 530 1432 Ac
552 1409 599 1432 ne
620 1394 681 1432 illi
701 1394 863 1446 quidem
878 1423 888 1438 ,
921 1394 946 1431 fi
967 1393 1187 1431 habuissent
1208 1393 1319 1432 vestri
1341 1393 1509 1431 slmilem
1529 1394 1732 1432 consulem
1747 1423 1759 1439 ,

370 1460 415 1498 de
438 1460 544 1498 urbis
566 1459 749 1497 incendio
770 1459 1012 1511 cogitaffent.
1060 1460 1155 1497 Non
1183 1459 1290 1496 enim
1319 1459 1354 1496 se
1383 1459 1493 1496 tectis
1518 1459 1668 1511 privare
1689 1473 1759 1497 vo-

370 1527 526 1564 luerunt
544 1545 555 1570 ;
588 1525 651 1563 sed
677 1524 739 1563 his
767 1525 956 1563 stantibus
983 1524 1142 1563 nullum
1163 1524 1415 1563 domicilium
1436 1525 1568 1563 sceleri
1590 1525 1657 1563 suo
1677 1524 1760 1562 fore

368 1600 616 1645 putaverunt.
651 1591 810 1629 Caedem
830 1591 891 1629 illi
912 1591 1076 1636 civium,
1098 1604 1166 1629 vos
1188 1590 1413 1629 servitutem
1434 1591 1646 1643 expetistis.
1677 1591 1761 1629 Hic

369 1671 434 1696 vos
456 1658 574 1695 etiam
601 1656 867 1695 crudeliores:
899 1655 994 1695 huic
1027 1656 1135 1694 enim
1166 1656 1316 1709 populo
1344 1657 1398 1694 ita
1424 1655 1549 1694 fuerat
1576 1666 1664 1694 ante
1691 1670 1759 1695 vos

369 1723 544 1762 consules
561 1723 719 1761 libertas
737 1722 861 1767 insita,
882 1731 924 1760 ut
940 1723 1063 1760 emori
1080 1723 1226 1774 potius,
1245 1736 1364 1775 quam
1381 1722 1533 1768 servire,
1550 1722 1758 1775 praestaret.

426 1789 532 1827 Illud
552 1802 642 1826 vero
662 1788 868 1839 geminum
889 1788 1060 1825 confiliis
1084 1787 1266 1825 Catilinae
1287 1797 1325 1825 et
1346 1788 1537 1833 Lentuli,
1570 1788 1676 1840 quod
1697 1802 1760 1827 me

370 1856 488 1894 domo
521 1867 604 1892 mea
636 1852 855 1905 expulistis,
887 1853 964 1890 Cn.
990 1853 1225 1904 Pompeium
1258 1852 1422 1890 domum
1455 1853 1561 1890 suam
1589 1866 1759 1905 compu-

371 1922 482 1960 listis.
516 1921 658 1972 Neque
679 1919 801 1963 enim,
832 1931 895 1955 me
915 1917 1093 1955 stantect
1114 1926 1296 1955 manente
1317 1918 1357 1955 in
1380 1917 1486 1956 urbis
1509 1918 1657 1969 vigilia,
1690 1931 1760 1956 ne—

372 2001 448 2040 que
468 1985 662 2024 refistente
682 1986 759 2022 Cn.
777 1984 981 2036 PompeiO,
1004 1984 1186 2021 omnium
1206 1983 1387 2035 gentium
1408 1983 1567 2028 victore,
1587 1997 1762 2036 unquam

374 2054 408 2091 se
429 2052 489 2090 illi
511 2050 798 2103 rempublicam
818 2049 944 2087 delere
967 2048 1068 2101 poffe
1089 2048 1300 2087 duxerunt.
1319 2050 1355 2086 A
1377 2062 1440 2086 me
1461 2048 1622 2101 quidem
1643 2049 1762 2088 etiam

375 2131 506 2172 peenas
527 2115 725 2169 expetistis
742 2145 752 2160 ‚
784 2115 929 2168 quibus
950 2116 1245 2166 conjuratorum
1265 2128 1398 2153 manes
1420 2124 1668 2154 mortuorum
1689 2129 1759 2153 ex-

374 2184 529 2237 piaretis
549 2198 557 2221 :
591 2195 708 2219 omne
731 2181 866 2219 odium
883 2210 893 2225 ‚
926 2180 1123 2218 inclusum
1144 2179 1301 2218 nefariis
1323 2180 1491 2218 sensibus
1514 2181 1730 2233 impiorum
1746 2211 1758 2226 ‚

373 2252 412 2287 in
435 2263 497 2286 me
519 2246 744 2301 profudistis
763 2261 772 2285 :
805 2259 975 2299 quorum
1005 2259 1077 2297 ego
1099 2244 1221 2284 furori
1251 2247 1319 2284 nis1
1341 2245 1524 2285 ceffiffem
1539 2275 1550 2291 ,
1581 2247 1622 2284 in
1645 2247 1757 2284 Cati-

375 2316 463 2353 linae
484 2313 611 2358 busto,
632 2313 743 2351 vobis
764 2311 948 2356 ducibus,
971 2313 1158 2349 mactatus
1179 2311 1309 2350 essem.
1343 2311 1462 2363 Qod
1483 2321 1613 2351 autem
1633 2312 1759 2364 majus

375 2380 568 2418 indicium
595 2378 820 2431 expectatis,
853 2376 953 2415 nihil
986 2377 1087 2414 inter
1119 2391 1185 2414 vos
1213 2387 1250 2414 et
1284 2377 1498 2415 Catilinam
1531 2377 1760 2422 interfuisse,

375 2460 493 2499 quam
525 2444 631 2497 quod
663 2443 824 2482 eandem
857 2442 966 2481 illam
999 2456 1160 2481 manum
1196 2456 1243 2481 ex
1277 2444 1546 2482 intermortuis
1579 2443 1760 2483 Catilina:
