2076 2860
645 187 1221 228 PHILIPPICA
1298 191 1350 230 V.
1619 196 1696 249 365

300 286 707 326 senatus—consultum
728 288 790 326 his
812 289 939 327 verbis
960 290 1098 329 censeo
1119 291 1464 344 perscribendum:
1501 301 1529 318 “
1548 296 1654 335 CUM
1678 312 1699 335 a

300 360 330 376 “
353 354 416 391 M.
436 353 603 405 Lepido,
635 356 885 407 imperatore,
909 357 1098 408 pontifice
1118 359 1309 405 maximo,
1333 360 1596 414 saepenumero
1617 364 1696 402 res—

302 426 331 461 ‘‚‘
353 420 515 472 publica
541 430 580 458 et
607 421 705 459 bene
737 431 775 459 et
804 421 975 461 feliciter
1003 423 1107 476 gesta
1127 426 1186 470 s1t,
1218 427 1468 480 populusque
1489 430 1695 469 Romanus

300 491 331 508 “
353 486 608 532 intellexerit,
631 488 666 524 ei
687 487 936 527 dominatum
957 491 1112 542 regium
1133 492 1306 530 maxime
1327 493 1556 547 displicere:
1580 511 1697 535 cum-

297 558 331 587 f‘
353 565 429 604 que
456 554 539 604 ejus
567 567 696 606 opera,
727 555 888 600 virtute,
920 557 1098 603 consilio,
1131 558 1395 612 singularique
1422 562 1634 601 clementia
1659 573 1697 602 et

300 624 330 640 “
352 619 666 666 mansuetudine,
704 620 855 659 bellum
885 623 1175 662 acerbisfimum
1207 626 1324 664 civile
1356 626 1402 664 fit
1437 627 1694 676 restinctum3

300 690 330 706 “
353 684 569 738 Sextusque
605 686 841 740 Pompeius,
875 688 976 726 Cnei
1008 689 1129 734 filius,
1161 690 1358 742 Magnus,
1390 692 1509 745 hujus
1546 695 1695 734 ordinis

298 755 331 771 “
352 751 579 789 auctoritate
600 751 647 789 ab
669 753 786 790 armis
808 753 1031 799 discesserit,
1054 763 1092 791 et
1113 768 1134 791 a
1153 755 1218 793 M.
1243 757 1411 808 Lepid0,
1444 759 1693 811 imperatore,

298 822 329 838 “
350 816 540 869 pontifice
560 819 750 863 maximo,
769 819 921 857 summa
940 820 1092 858 senatus
1113 822 1333 875 populique
1355 824 1528 863 Romani
1550 827 1694 866 volun-

300 888 328 904 “
352 891 429 920 tate
449 884 602 922 civitati
622 884 822 923 restitutus
845 886 916 924 fit:
951 886 1127 925 senatum
1148 889 1425 943 populumque
1447 891 1692 939 Romanum,

297 953 328 970 “
349 961 421 1001 pro
441 949 626 987 maximis
642 950 904 1003 plurimisque
919 952 961 989 in
977 953 1266 1005 rempublicam
1284 954 1348 994 M.
1364 957 1508 1009 Lepidi
1524 960 1692 1005 meritis,

296 1020 327 1036 “
348 1027 533 1066 magnam
554 1015 662 1068 spem
682 1017 724 1054 in
745 1018 827 1068 ejus
845 1018 1005 1064 virtute,
1022 1021 1266 1067 auctoritate,
1284 1021 1489 1070 felicitate,
1508 1039 1695 1078 reponere

296 1085 327 1102 “
347 1080 435 1125 otii,
466 1081 589 1134 pacis,
619 1083 854 1129 concordiae,
887 1083 1110 1124 libertatis:
1142 1087 1303 1140 ejusque
1332 1090 1373 1126 in
1403 1092 1694 1143 rempublicam

294 1151 325 1169 “
345 1147 581 1186 meritorum
601 1147 778 1187 senatum
797 1150 1076 1204 populumque
1097 1152 1327 1192 Romanum
1351 1169 1571 1195 memorem
1592 1157 1692 1205 fore,

296 1217 327 1234 “
347 1212 647 1264 eiquelstatuam
675 1215 892 1267 equestrem
924 1217 1142 1257 inauratam
1163 1219 1204 1257 in
1227 1220 1394 1267 Rostris,
1426 1232 1493 1261 aut
1514 1237 1594 1277 quo
1615 1225 1693 1264 alio

295 1283 327 1300 “
347 1277 437 1316 loco
457 1280 499 1316 in
520 1278 607 1318 foro
627 1280 760 1327 vellet,
783 1296 830 1320 ex
851 1281 970 1335 hujus
987 1284 1136 1322 ordinis
1154 1285 1347 1325 sententia
1361 1288 1475 1328 statui
1497 1290 1692 1343 placere.”

293 1344 380 1396 Qi
399 1344 541 1391 honos,
574 1346 706 1385 Patres
728 1348 956 1401 conscripti,
979 1349 1082 1388 mihi
1103 1352 1301 1392 maximus
1323 1354 1479 1394 videtur
1498 1359 1690 1410 primum,

292 1410 529 1463 quiajustus
550 1411 630 1451 est:
663 1426 743 1451 non
770 1414 879 1452 enim
907 1414 1036 1454 solum
1063 1415 1178 1455 datur
1203 1428 1366 1472 propter
1396 1420 1504 1474 spem
1532 1432 1690 1478 tempo-

291 1490 384 1515 rum
414 1478 687 1530 reliquorum,
719 1479 783 1518 sed
813 1494 886 1534 pro
917 1482 1163 1535 ampliffimis
1196 1486 1348 1524 meritis
1383 1488 1584 1528 redditur:
1618 1504 1690 1529 nee

291 1556 384 1581 vero
403 1545 592 1597 cuiquam
612 1545 813 1598 possumus
835 1560 1146 1588 commemorare
1173 1549 1282 1589 hunc
1302 1551 1496 1592 honorem
1517 1569 1538 1593 a
1557 1555 1692 1595 senatu

292 1609 492 1647 tributum
507 1610 662 1662 judicio
684 1612 835 1651 senatus
857 1614 999 1660 soluto,
1031 1624 1071 1653 et
1090 1616 1231 1655 libero.

350 1675 466 1714 XVI.
489 1676 618 1715 Venio
639 1677 686 1715 ad
709 1679 757 1716 C.
775 1678 980 1725 Caesarem,
1004 1681 1136 1720 Patres
1157 1682 1385 1737 conscripti,
1404 1686 1473 1738 qui
1496 1687 1566 1725 nifi
1587 1686 1687 1726 fuis-

292 1740 364 1786 set,
395 1742 484 1794 quis
507 1742 682 1782 nostrum
703 1744 775 1782 effe
794 1745 979 1797 potuisset
997 1748 1012 1784 ?
1043 1748 1267 1788 Advolabat
1287 1750 1333 1787 ad
1356 1751 1495 1791 urbem
1516 1766 1536 1790 a
1556 1754 1687 1792 Brun-

292 1806 401 1851 dufio
433 1807 558 1847 homo
588 1809 962 1862 impotentiffimus,
994 1813 1130 1852 ardens
1166 1814 1278 1861 odio,
1311 1818 1444 1855 animo
1478 1817 1612 1858 hostili
1646 1821 1687 1858 in

290 1886 429 1913 omnes
451 1874 591 1921 bon08‚
614 1890 708 1914 cum
728 1879 918 1924 exercitu,
941 1880 1158 1920 Antonius.
1190 1881 1300 1934 Qid
1321 1881 1440 1936 hujus
1461 1885 1628 1925 audaciae
1649 1896 1688 1926 et

292 1939 426 1979 sceleri
445 1951 598 1994 poterat
618 1945 799 1997 opponi?
831 1946 1010 1984 nondum
1040 1947 1143 1986 ullos
1173 1948 1292 1987 duces
1317 1948 1574 1998 habebamus,
1607 1967 1687 1992 non

288 2009 444 2060 copias:
468 2009 628 2048 nullum
644 2020 724 2048 erat
744 2012 952 2051 confilium
973 2014 1200 2066 publicum,
1219 2016 1328 2054 nulla
1348 2017 1527 2058 libertas:
1552 2019 1686 2059 dandae

290 2074 461 2113 cervices
481 2085 591 2113 erant
610 2076 835 2116 crudelitati
865 2077 1048 2119 nefariae:
1080 2079 1218 2134 fugam
1239 2084 1509 2136 quaerebamus
1531 2099 1684 2134 omnes,

289 2151 378 2191 quae
399 2140 479 2192 ipsa
498 2141 652 2179 exitum
673 2156 753 2180 non
774 2142 957 2184 habebat.

348 2205 450 2256 Qis
472 2214 560 2243 tum
582 2208 710 2253 nobis,
743 2210 831 2260 quis
863 2211 1011 2264 populo
1041 2213 1239 2260 Romano,
1271 2215 1421 2254 obtulit
1449 2215 1558 2255 hunc
1579 2218 1682 2256 divi-

289 2283 389 2307 num
409 2269 694 2310 adolescentem
715 2274 824 2313 Deus
844 2276 857 2313 ?
890 2277 974 2328 qui,
1007 2291 1100 2316 cum
1121 2280 1255 2318 omnia
1274 2280 1319 2318 ad
1344 2283 1562 2333 permit-lem
1592 2284 1682 2322 nos-

292 2345 393 2373 tram
414 2335 595 2388 pestifero
616 2338 677 2376 illi
705 2330 787 2378 civi
807 2351 1000 2394 paterent,
1032 2344 1163 2384 subito
1189 2355 1327 2398 praeter
1358 2347 1466 2399 spem
1499 2350 1682 2387 omnium

286 2410 464 2446 exortus,
496 2403 604 2455 prius
637 2404 811 2444 confecit
841 2409 1075 2455 exercitum,
1107 2424 1227 2462 quem
1258 2411 1383 2450 furori
1415 2413 1479 2451 M.
1512 2415 1680 2452 Antonii

289 2478 506 2520 opponeret
520 2499 532 2515 ,
568 2484 688 2524 quam
722 2472 930 2526 quisquam
963 2473 1042 2512 hoc
1076 2489 1168 2515 eum
1203 2478 1374 2530 cogitare
1409 2478 1677 2532 suspicaretur.
