<?xml version="1.0" encoding="UTF-8"?>
<!DOCTYPE html PUBLIC "-//W3C//DTD XHTML 1.0 Transitional//EN"
    "http://www.w3.org/TR/xhtml1/DTD/xhtml1-transitional.dtd">
<html xmlns="http://www.w3.org/1999/xhtml" xml:lang="en" lang="en">
 <head>
  <title>
</title>
<meta http-equiv="Content-Type" content="text/html;charset=utf-8" />
  <meta name='ocr-system' content='tesseract 3.04.00' />
  <meta name='ocr-capabilities' content='ocr_page ocr_carea ocr_par ocr_line ocrx_word'/>
</head>
<body>
  <div class='ocr_page' id='page_1' title='image "./operacumindicibu06ciceuoft_0232.png"; bbox 0 0 2076 2860; ppageno 0'>
   <div class='ocr_carea' id='block_1_1' title="bbox 430 189 1353 236">
    <p class='ocr_par' dir='ltr' id='par_1_1' title="bbox 430 189 1353 236">
     <span class='ocr_line' id='line_1_1' title="bbox 430 189 1353 236; baseline -0.012 0"><span class='ocrx_word' id='word_1_1' title='bbox 430 210 503 236; x_wconf 75' lang='lat'>222</span> <span class='ocrx_word' id='word_1_2' title='bbox 905 189 1353 228; x_wconf 90' lang='lat' dir='ltr'><strong>ORATIO</strong></span> 
     </span>
    </p>
   </div>
   <div class='ocr_carea' id='block_1_2' title="bbox 406 289 1826 2477">
    <p class='ocr_par' dir='ltr' id='par_1_2' title="bbox 425 289 1820 403">
     <span class='ocr_line' id='line_1_2' title="bbox 427 289 1820 348; baseline -0.006 -11"><span class='ocrx_word' id='word_1_3' title='bbox 427 300 635 342; x_wconf 72' lang='lat' dir='ltr'>sermones,</span> <span class='ocrx_word' id='word_1_4' title='bbox 668 306 946 348; x_wconf 67' lang='lat' dir='ltr'>quemcunque</span> <span class='ocrx_word' id='word_1_5' title='bbox 967 291 1124 329; x_wconf 86' lang='lat' dir='ltr'>cursum</span> <span class='ocrx_word' id='word_1_6' title='bbox 1146 289 1306 329; x_wconf 85' lang='lat' dir='ltr'>fortuna</span> <span class='ocrx_word' id='word_1_7' title='bbox 1325 289 1489 335; x_wconf 78' lang='lat' dir='ltr'><strong>dederit,</strong></span> <span class='ocrx_word' id='word_1_8' title='bbox 1514 290 1646 330; x_wconf 86' lang='lat' dir='ltr'>secum</span> <span class='ocrx_word' id='word_1_9' title='bbox 1665 290 1820 330; x_wconf 87' lang='lat' dir='ltr'>ablatu-</span> 
     </span>
     <span class='ocr_line' id='line_1_3' title="bbox 425 362 737 403; baseline -0.019 0"><span class='ocrx_word' id='word_1_10' title='bbox 425 379 512 403; x_wconf 88' lang='lat' dir='ltr'>rum</span> <span class='ocrx_word' id='word_1_11' title='bbox 535 364 605 401; x_wconf 78' lang='lat' dir='ltr'>else</span> <span class='ocrx_word' id='word_1_12' title='bbox 627 362 737 398; x_wconf 74' lang='lat' dir='ltr'>dicit.</span> 
     </span>
    </p>

    <p class='ocr_par' dir='ltr' id='par_1_3' title="bbox 423 422 1824 1012">
     <span class='ocr_line' id='line_1_4' title="bbox 482 422 1824 476; baseline -0.004 -8"><span class='ocrx_word' id='word_1_13' title='bbox 482 429 674 468; x_wconf 79' lang='lat' dir='ltr'>Meminit</span> <span class='ocrx_word' id='word_1_14' title='bbox 701 427 819 464; x_wconf 74' lang='lat' dir='ltr'>etiam</span> <span class='ocrx_word' id='word_1_15' title='bbox 836 455 846 470; x_wconf 87' lang='lat'>,</span> <span class='ocrx_word' id='word_1_16' title='bbox 880 425 949 462; x_wconf 87' lang='lat' dir='ltr'>fibi</span> <span class='ocrx_word' id='word_1_17' title='bbox 971 437 1109 462; x_wconf 87' lang='lat' dir='ltr'>vocem</span> <span class='ocrx_word' id='word_1_18' title='bbox 1131 423 1321 476; x_wconf 71' lang='lat' dir='ltr'>praeconis</span> <span class='ocrx_word' id='word_1_19' title='bbox 1343 422 1463 461; x_wconf 88' lang='lat' dir='ltr'>modo</span> <span class='ocrx_word' id='word_1_20' title='bbox 1483 422 1645 462; x_wconf 77' lang='lat' dir='ltr'>defuisse</span> <span class='ocrx_word' id='word_1_21' title='bbox 1660 453 1670 467; x_wconf 93' lang='lat'><em>‚</em></span> <span class='ocrx_word' id='word_1_22' title='bbox 1703 437 1824 476; x_wconf 89' lang='lat' dir='ltr'>quam</span> 
     </span>
     <span class='ocr_line' id='line_1_5' title="bbox 425 490 1821 544; baseline -0.005 -8"><span class='ocrx_word' id='word_1_23' title='bbox 425 498 590 536; x_wconf 82' lang='lat' dir='ltr'>minime</span> <span class='ocrx_word' id='word_1_24' title='bbox 611 494 856 537; x_wconf 70' lang='lat' dir='ltr'>desiderarit5</span> <span class='ocrx_word' id='word_1_25' title='bbox 890 492 1028 544; x_wconf 89' lang='lat' dir='ltr'>populi</span> <span class='ocrx_word' id='word_1_26' title='bbox 1050 504 1141 529; x_wconf 89' lang='lat' dir='ltr'>vero</span> <span class='ocrx_word' id='word_1_27' title='bbox 1161 491 1312 529; x_wconf 65' lang='lat' dir='ltr'>cunetis</span> <span class='ocrx_word' id='word_1_28' title='bbox 1335 490 1542 543; x_wconf 85' lang='lat' dir='ltr'>suffragiis,</span> <span class='ocrx_word' id='word_1_29' title='bbox 1567 490 1675 544; x_wconf 79' lang='lat' dir='ltr'>quod</span> <span class='ocrx_word' id='word_1_30' title='bbox 1695 504 1821 529; x_wconf 90' lang='lat' dir='ltr'>unum</span> 
     </span>
     <span class='ocr_line' id='line_1_6' title="bbox 423 556 1821 615; baseline -0.004 -14"><span class='ocrx_word' id='word_1_31' title='bbox 423 564 591 615; x_wconf 84' lang='lat' dir='ltr'>cupierit</span> <span class='ocrx_word' id='word_1_32' title='bbox 608 591 617 605; x_wconf 90' lang='lat'>,</span> <span class='ocrx_word' id='word_1_33' title='bbox 651 560 686 598; x_wconf 90' lang='lat' dir='ltr'>se</span> <span class='ocrx_word' id='word_1_34' title='bbox 714 559 917 598; x_wconf 88' lang='lat' dir='ltr'>consulem</span> <span class='ocrx_word' id='word_1_35' title='bbox 947 557 1188 595; x_wconf 83' lang='lat' dir='ltr'>declaratum</span> <span class='ocrx_word' id='word_1_36' title='bbox 1207 573 1215 595; x_wconf 74' lang='grc' dir='ltr'>ε</span> <span class='ocrx_word' id='word_1_37' title='bbox 1250 571 1356 595; x_wconf 87' lang='lat' dir='ltr'>nunc</span> <span class='ocrx_word' id='word_1_38' title='bbox 1378 557 1548 610; x_wconf 85' lang='lat' dir='ltr'>denique</span> <span class='ocrx_word' id='word_1_39' title='bbox 1564 587 1574 602; x_wconf 93' lang='lat'>,</span> <span class='ocrx_word' id='word_1_40' title='bbox 1606 557 1632 595; x_wconf 88' lang='lat' dir='ltr'><strong>fi</strong></span> <span class='ocrx_word' id='word_1_41' title='bbox 1654 556 1737 596; x_wconf 88' lang='lat' dir='ltr'>haec</span> <span class='ocrx_word' id='word_1_42' title='bbox 1759 571 1821 595; x_wconf 88' lang='lat' dir='ltr'>ar-</span> 
     </span>
     <span class='ocr_line' id='line_1_7' title="bbox 423 622 1823 676; baseline -0.004 -9"><span class='ocrx_word' id='word_1_43' title='bbox 423 643 485 667; x_wconf 80' lang='lat' dir='ltr'>ma</span> <span class='ocrx_word' id='word_1_44' title='bbox 505 638 641 666; x_wconf 79' lang='lat' dir='ltr'>contra</span> <span class='ocrx_word' id='word_1_45' title='bbox 662 627 698 665; x_wconf 92' lang='lat' dir='ltr'>se</span> <span class='ocrx_word' id='word_1_46' title='bbox 720 627 793 665; x_wconf 90' lang='lat' dir='ltr'>fint</span> <span class='ocrx_word' id='word_1_47' title='bbox 814 625 947 664; x_wconf 87' lang='lat' dir='ltr'>futura</span> <span class='ocrx_word' id='word_1_48' title='bbox 961 654 971 670; x_wconf 92' lang='lat'>,</span> <span class='ocrx_word' id='word_1_49' title='bbox 1005 624 1076 662; x_wconf 90' lang='lat' dir='ltr'>fibi</span> <span class='ocrx_word' id='word_1_50' title='bbox 1097 622 1282 661; x_wconf 80' lang='lat' dir='ltr'>facinoris</span> <span class='ocrx_word' id='word_1_51' title='bbox 1304 624 1566 676; x_wconf 86' lang='lat' dir='ltr'>suspicionem</span> <span class='ocrx_word' id='word_1_52' title='bbox 1581 654 1592 669; x_wconf 95' lang='lat'>,</span> <span class='ocrx_word' id='word_1_53' title='bbox 1625 637 1704 662; x_wconf 89' lang='lat' dir='ltr'>non</span> <span class='ocrx_word' id='word_1_54' title='bbox 1729 623 1823 662; x_wconf 63' lang='lat' dir='ltr'>faeti</span> 
     </span>
     <span class='ocr_line' id='line_1_8' title="bbox 424 690 1821 743; baseline -0.004 -9"><span class='ocrx_word' id='word_1_55' title='bbox 424 696 588 740; x_wconf 79' lang='lat' dir='ltr'>crimen,</span> <span class='ocrx_word' id='word_1_56' title='bbox 611 694 773 732; x_wconf 85' lang='lat' dir='ltr'>obstare.</span> <span class='ocrx_word' id='word_1_57' title='bbox 799 692 923 730; x_wconf 82' lang='lat' dir='ltr'>Addit</span> <span class='ocrx_word' id='word_1_58' title='bbox 944 690 1048 736; x_wconf 85' lang='lat' dir='ltr'>haec,</span> <span class='ocrx_word' id='word_1_59' title='bbox 1081 705 1168 743; x_wconf 83' lang='lat' dir='ltr'>quae</span> <span class='ocrx_word' id='word_1_60' title='bbox 1189 700 1292 728; x_wconf 89' lang='lat' dir='ltr'>certe</span> <span class='ocrx_word' id='word_1_61' title='bbox 1313 704 1400 728; x_wconf 88' lang='lat' dir='ltr'>vera</span> <span class='ocrx_word' id='word_1_62' title='bbox 1421 691 1530 736; x_wconf 91' lang='lat' dir='ltr'>sunt,</span> <span class='ocrx_word' id='word_1_63' title='bbox 1562 690 1682 729; x_wconf 88' lang='lat' dir='ltr'>fortes</span> <span class='ocrx_word' id='word_1_64' title='bbox 1704 699 1743 728; x_wconf 91' lang='lat' dir='ltr'>et</span> <span class='ocrx_word' id='word_1_65' title='bbox 1764 690 1821 728; x_wconf 88' lang='lat' dir='ltr'>sa—</span> 
     </span>
     <span class='ocr_line' id='line_1_9' title="bbox 424 756 1822 815; baseline -0.005 -14"><span class='ocrx_word' id='word_1_66' title='bbox 424 764 574 815; x_wconf 77' lang='lat' dir='ltr'>pientes</span> <span class='ocrx_word' id='word_1_67' title='bbox 592 762 694 799; x_wconf 82' lang='lat' dir='ltr'>viros</span> <span class='ocrx_word' id='word_1_68' title='bbox 712 774 791 798; x_wconf 88' lang='lat' dir='ltr'>non</span> <span class='ocrx_word' id='word_1_69' title='bbox 810 768 888 797; x_wconf 87' lang='lat' dir='ltr'>tam</span> <span class='ocrx_word' id='word_1_70' title='bbox 906 758 1065 811; x_wconf 86' lang='lat' dir='ltr'>praemia</span> <span class='ocrx_word' id='word_1_71' title='bbox 1079 757 1188 809; x_wconf 89' lang='lat' dir='ltr'>sequi</span> <span class='ocrx_word' id='word_1_72' title='bbox 1209 756 1329 794; x_wconf 85' lang='lat' dir='ltr'>solere</span> <span class='ocrx_word' id='word_1_73' title='bbox 1350 759 1450 794; x_wconf 60' lang='lat' dir='ltr'>reete</span> <span class='ocrx_word' id='word_1_74' title='bbox 1472 756 1681 802; x_wconf 57' lang='lat' dir='ltr'>fastorum,</span> <span class='ocrx_word' id='word_1_75' title='bbox 1700 770 1822 809; x_wconf 90' lang='lat' dir='ltr'>quam</span> 
     </span>
     <span class='ocr_line' id='line_1_10' title="bbox 425 822 1823 882; baseline -0.005 -15"><span class='ocrx_word' id='word_1_76' title='bbox 425 830 503 882; x_wconf 79' lang='lat' dir='ltr'>ipsa</span> <span class='ocrx_word' id='word_1_77' title='bbox 520 831 619 866; x_wconf 66' lang='lat' dir='ltr'>reete</span> <span class='ocrx_word' id='word_1_78' title='bbox 636 827 753 865; x_wconf 65' lang='lat' dir='ltr'>faeta:</span> <span class='ocrx_word' id='word_1_79' title='bbox 773 826 809 864; x_wconf 90' lang='lat' dir='ltr'>se</span> <span class='ocrx_word' id='word_1_80' title='bbox 826 825 927 863; x_wconf 91' lang='lat' dir='ltr'>nihil</span> <span class='ocrx_word' id='word_1_81' title='bbox 949 825 990 862; x_wconf 88' lang='lat' dir='ltr'>in</span> <span class='ocrx_word' id='word_1_82' title='bbox 1006 824 1086 862; x_wconf 87' lang='lat' dir='ltr'>vita</span> <span class='ocrx_word' id='word_1_83' title='bbox 1102 824 1171 861; x_wconf 91' lang='lat' dir='ltr'>nifi</span> <span class='ocrx_word' id='word_1_84' title='bbox 1193 823 1480 877; x_wconf 84' lang='lat' dir='ltr'>praeclariffime</span> <span class='ocrx_word' id='word_1_85' title='bbox 1500 822 1656 868; x_wconf 70' lang='lat' dir='ltr'>fecisse,</span> <span class='ocrx_word' id='word_1_86' title='bbox 1681 822 1708 860; x_wconf 90' lang='lat' dir='ltr'>fi</span> <span class='ocrx_word' id='word_1_87' title='bbox 1729 823 1823 876; x_wconf 89' lang='lat' dir='ltr'>qui-</span> 
     </span>
     <span class='ocr_line' id='line_1_11' title="bbox 424 889 1822 946; baseline -0.004 -12"><span class='ocrx_word' id='word_1_88' title='bbox 424 898 514 934; x_wconf 88' lang='lat' dir='ltr'>dem</span> <span class='ocrx_word' id='word_1_89' title='bbox 537 894 638 933; x_wconf 86' lang='lat' dir='ltr'>nihil</span> <span class='ocrx_word' id='word_1_90' title='bbox 661 895 705 932; x_wconf 85' lang='lat' dir='ltr'>fit</span> <span class='ocrx_word' id='word_1_91' title='bbox 722 892 977 946; x_wconf 82' lang='lat' dir='ltr'>praestabilius</span> <span class='ocrx_word' id='word_1_92' title='bbox 994 891 1092 935; x_wconf 91' lang='lat' dir='ltr'>viro,</span> <span class='ocrx_word' id='word_1_93' title='bbox 1111 904 1230 943; x_wconf 85' lang='lat' dir='ltr'>quam</span> <span class='ocrx_word' id='word_1_94' title='bbox 1247 890 1433 943; x_wconf 85' lang='lat' dir='ltr'>periculis</span> <span class='ocrx_word' id='word_1_95' title='bbox 1450 890 1617 943; x_wconf 86' lang='lat' dir='ltr'>patriam</span> <span class='ocrx_word' id='word_1_96' title='bbox 1633 889 1822 929; x_wconf 86' lang='lat' dir='ltr'>liberare:</span> 
     </span>
     <span class='ocr_line' id='line_1_12' title="bbox 425 955 1620 1012; baseline -0.006 -12"><span class='ocrx_word' id='word_1_97' title='bbox 425 963 556 1001; x_wconf 78' lang='lat' dir='ltr'>beatos</span> <span class='ocrx_word' id='word_1_98' title='bbox 578 960 664 1005; x_wconf 82' lang='lat' dir='ltr'>effe,</span> <span class='ocrx_word' id='word_1_99' title='bbox 697 959 843 1012; x_wconf 87' lang='lat' dir='ltr'>quibus</span> <span class='ocrx_word' id='word_1_100' title='bbox 864 971 906 996; x_wconf 85' lang='lat' dir='ltr'>ea</span> <span class='ocrx_word' id='word_1_101' title='bbox 927 971 983 995; x_wconf 86' lang='lat' dir='ltr'>res</span> <span class='ocrx_word' id='word_1_102' title='bbox 1005 955 1148 994; x_wconf 82' lang='lat' dir='ltr'>honori</span> <span class='ocrx_word' id='word_1_103' title='bbox 1169 955 1290 994; x_wconf 88' lang='lat' dir='ltr'>fuerit</span> <span class='ocrx_word' id='word_1_104' title='bbox 1310 969 1331 993; x_wconf 91' lang='lat' dir='ltr'>a</span> <span class='ocrx_word' id='word_1_105' title='bbox 1351 956 1428 994; x_wconf 88' lang='lat' dir='ltr'>suis</span> <span class='ocrx_word' id='word_1_106' title='bbox 1450 956 1620 994; x_wconf 84' lang='lat' dir='ltr'>civibus.</span> 
     </span>
    </p>

    <p class='ocr_par' dir='ltr' id='par_1_4' title="bbox 479 1021 1822 1075">
     <span class='ocr_line' id='line_1_13' title="bbox 479 1021 1822 1075; baseline -0.004 -9"><span class='ocrx_word' id='word_1_107' title='bbox 479 1029 567 1066; x_wconf 89' lang='lat' dir='ltr'>Nec</span> <span class='ocrx_word' id='word_1_108' title='bbox 590 1037 719 1065; x_wconf 87' lang='lat' dir='ltr'>tamen</span> <span class='ocrx_word' id='word_1_109' title='bbox 741 1038 805 1063; x_wconf 88' lang='lat' dir='ltr'>eos</span> <span class='ocrx_word' id='word_1_110' title='bbox 834 1023 1009 1068; x_wconf 84' lang='lat' dir='ltr'>miseros,</span> <span class='ocrx_word' id='word_1_111' title='bbox 1042 1023 1111 1075; x_wconf 92' lang='lat' dir='ltr'>qui</span> <span class='ocrx_word' id='word_1_112' title='bbox 1144 1022 1337 1060; x_wconf 88' lang='lat' dir='ltr'>beneficio</span> <span class='ocrx_word' id='word_1_113' title='bbox 1370 1022 1473 1060; x_wconf 81' lang='lat' dir='ltr'>cives</span> <span class='ocrx_word' id='word_1_114' title='bbox 1507 1022 1594 1060; x_wconf 85' lang='lat' dir='ltr'>suos</span> <span class='ocrx_word' id='word_1_115' title='bbox 1625 1021 1822 1060; x_wconf 87' lang='lat' dir='ltr'>vicerint:</span> 
     </span>
    </p>

    <p class='ocr_par' dir='ltr' id='par_1_5' title="bbox 406 1088 1826 2209">
     <span class='ocr_line' id='line_1_14' title="bbox 424 1088 1824 1144; baseline -0.004 -11"><span class='ocrx_word' id='word_1_116' title='bbox 424 1095 485 1133; x_wconf 81' lang='lat' dir='ltr'>sed</span> <span class='ocrx_word' id='word_1_117' title='bbox 509 1105 639 1133; x_wconf 86' lang='lat' dir='ltr'>tamen</span> <span class='ocrx_word' id='word_1_118' title='bbox 660 1107 706 1131; x_wconf 83' lang='lat' dir='ltr'>ex</span> <span class='ocrx_word' id='word_1_119' title='bbox 729 1092 915 1130; x_wconf 86' lang='lat' dir='ltr'>omnibus</span> <span class='ocrx_word' id='word_1_120' title='bbox 937 1090 1108 1144; x_wconf 86' lang='lat' dir='ltr'>praemiis</span> <span class='ocrx_word' id='word_1_121' title='bbox 1130 1089 1304 1134; x_wconf 84' lang='lat' dir='ltr'>virtutis,</span> <span class='ocrx_word' id='word_1_122' title='bbox 1337 1089 1363 1127; x_wconf 89' lang='lat' dir='ltr'>fi</span> <span class='ocrx_word' id='word_1_123' title='bbox 1395 1089 1486 1126; x_wconf 87' lang='lat' dir='ltr'>effet</span> <span class='ocrx_word' id='word_1_124' title='bbox 1519 1088 1698 1126; x_wconf 83' lang='lat' dir='ltr'>habenda</span> <span class='ocrx_word' id='word_1_125' title='bbox 1724 1088 1824 1127; x_wconf 91' lang='lat' dir='ltr'>ratio</span> 
     </span>
     <span class='ocr_line' id='line_1_15' title="bbox 424 1153 1825 1213; baseline -0.006 -13"><span class='ocrx_word' id='word_1_126' title='bbox 424 1162 703 1213; x_wconf 63' lang='lat' dir='ltr'>praemiorum,</span> <span class='ocrx_word' id='word_1_127' title='bbox 734 1157 1017 1210; x_wconf 85' lang='lat' dir='ltr'>ampliffimum</span> <span class='ocrx_word' id='word_1_128' title='bbox 1045 1155 1117 1194; x_wconf 86' lang='lat' dir='ltr'>effe</span> <span class='ocrx_word' id='word_1_129' title='bbox 1148 1155 1358 1208; x_wconf 83' lang='lat' dir='ltr'>praemium</span> <span class='ocrx_word' id='word_1_130' title='bbox 1390 1155 1585 1207; x_wconf 87' lang='lat' dir='ltr'>gloriam:</span> <span class='ocrx_word' id='word_1_131' title='bbox 1618 1154 1691 1192; x_wconf 85' lang='lat' dir='ltr'>effe</span> <span class='ocrx_word' id='word_1_132' title='bbox 1722 1153 1825 1192; x_wconf 86' lang='lat' dir='ltr'>hanc</span> 
     </span>
     <span class='ocr_line' id='line_1_16' title="bbox 424 1220 1820 1279; baseline -0.006 -14"><span class='ocrx_word' id='word_1_133' title='bbox 424 1242 558 1271; x_wconf 83' lang='lat' dir='ltr'>unam,</span> <span class='ocrx_word' id='word_1_134' title='bbox 590 1239 676 1279; x_wconf 86' lang='lat' dir='ltr'>quae</span> <span class='ocrx_word' id='word_1_135' title='bbox 698 1225 930 1262; x_wconf 84' lang='lat' dir='ltr'>brevitatem</span> <span class='ocrx_word' id='word_1_136' title='bbox 951 1223 1040 1260; x_wconf 85' lang='lat' dir='ltr'>vitae</span> <span class='ocrx_word' id='word_1_137' title='bbox 1059 1221 1294 1275; x_wconf 85' lang='lat' dir='ltr'>posteritatis</span> <span class='ocrx_word' id='word_1_138' title='bbox 1316 1222 1508 1259; x_wconf 88' lang='lat' dir='ltr'>memoria</span> <span class='ocrx_word' id='word_1_139' title='bbox 1528 1220 1820 1265; x_wconf 72' lang='lat' dir='ltr'>consolaretur3</span> 
     </span>
     <span class='ocr_line' id='line_1_17' title="bbox 423 1285 1825 1346; baseline -0.006 -14"><span class='ocrx_word' id='word_1_140' title='bbox 423 1309 509 1346; x_wconf 84' lang='lat' dir='ltr'>quae</span> <span class='ocrx_word' id='word_1_141' title='bbox 530 1294 715 1336; x_wconf 84' lang='lat' dir='ltr'>efficeret,</span> <span class='ocrx_word' id='word_1_142' title='bbox 748 1300 791 1329; x_wconf 92' lang='lat' dir='ltr'>ut</span> <span class='ocrx_word' id='word_1_143' title='bbox 812 1290 987 1328; x_wconf 84' lang='lat' dir='ltr'>absentes</span> <span class='ocrx_word' id='word_1_144' title='bbox 1009 1288 1237 1334; x_wconf 80' lang='lat' dir='ltr'>adessemus,</span> <span class='ocrx_word' id='word_1_145' title='bbox 1269 1288 1419 1326; x_wconf 89' lang='lat' dir='ltr'>mortui</span> <span class='ocrx_word' id='word_1_146' title='bbox 1439 1287 1659 1325; x_wconf 84' lang='lat' dir='ltr'>viveremus</span> <span class='ocrx_word' id='word_1_147' title='bbox 1679 1302 1688 1325; x_wconf 71' lang='grc' dir='ltr'>ε</span> <span class='ocrx_word' id='word_1_148' title='bbox 1721 1285 1825 1324; x_wconf 88' lang='lat' dir='ltr'>hanc</span> 
     </span>
     <span class='ocr_line' id='line_1_18' title="bbox 424 1352 1824 1413; baseline -0.006 -14"><span class='ocrx_word' id='word_1_149' title='bbox 424 1361 593 1413; x_wconf 86' lang='lat' dir='ltr'>denique</span> <span class='ocrx_word' id='word_1_150' title='bbox 614 1359 700 1403; x_wconf 82' lang='lat' dir='ltr'>effe,</span> <span class='ocrx_word' id='word_1_151' title='bbox 732 1359 844 1410; x_wconf 84' lang='lat' dir='ltr'>cujus</span> <span class='ocrx_word' id='word_1_152' title='bbox 877 1356 1062 1410; x_wconf 82' lang='lat' dir='ltr'>gradibus</span> <span class='ocrx_word' id='word_1_153' title='bbox 1094 1355 1214 1393; x_wconf 91' lang='lat' dir='ltr'>etiam</span> <span class='ocrx_word' id='word_1_154' title='bbox 1246 1354 1429 1392; x_wconf 86' lang='lat' dir='ltr'>homines</span> <span class='ocrx_word' id='word_1_155' title='bbox 1463 1354 1504 1391; x_wconf 87' lang='lat' dir='ltr'>in</span> <span class='ocrx_word' id='word_1_156' title='bbox 1537 1353 1679 1392; x_wconf 85' lang='lat' dir='ltr'>caelum</span> <span class='ocrx_word' id='word_1_157' title='bbox 1710 1352 1824 1392; x_wconf 82' lang='lat' dir='ltr'>vide-</span> 
     </span>
     <span class='ocr_line' id='line_1_19' title="bbox 406 1419 1821 1474; baseline -0.006 -10"><span class='ocrx_word' id='word_1_158' title='bbox 406 1436 558 1469; x_wconf 51' lang='lat' dir='ltr'>„rentur</span> <span class='ocrx_word' id='word_1_159' title='bbox 578 1424 820 1463; x_wconf 87' lang='lat' dir='ltr'>adscendere.</span> <span class='ocrx_word' id='word_1_160' title='bbox 855 1424 916 1461; x_wconf 93' lang='lat' dir='ltr'>De</span> <span class='ocrx_word' id='word_1_161' title='bbox 944 1436 1022 1467; x_wconf 91' lang='lat' dir='ltr'>me,</span> <span class='ocrx_word' id='word_1_162' title='bbox 1055 1421 1202 1474; x_wconf 89' lang='lat' dir='ltr'>inquit,</span> <span class='ocrx_word' id='word_1_163' title='bbox 1234 1421 1385 1473; x_wconf 89' lang='lat' dir='ltr'>semper</span> <span class='ocrx_word' id='word_1_164' title='bbox 1405 1419 1577 1472; x_wconf 88' lang='lat' dir='ltr'>populus</span> <span class='ocrx_word' id='word_1_165' title='bbox 1600 1420 1821 1465; x_wconf 85' lang='lat' dir='ltr'>Romanus,</span> 
     </span>
     <span class='ocr_line' id='line_1_20' title="bbox 424 1484 1826 1546; baseline -0.006 -15"><span class='ocrx_word' id='word_1_166' title='bbox 424 1494 575 1546; x_wconf 86' lang='lat' dir='ltr'>semper</span> <span class='ocrx_word' id='word_1_167' title='bbox 608 1504 745 1529; x_wconf 88' lang='lat' dir='ltr'>omnes</span> <span class='ocrx_word' id='word_1_168' title='bbox 781 1499 916 1542; x_wconf 86' lang='lat' dir='ltr'>gentes</span> <span class='ocrx_word' id='word_1_169' title='bbox 946 1489 1163 1541; x_wconf 89' lang='lat' dir='ltr'>loquentur</span> <span class='ocrx_word' id='word_1_170' title='bbox 1177 1517 1187 1533; x_wconf 91' lang='lat'>‚</span> <span class='ocrx_word' id='word_1_171' title='bbox 1220 1487 1331 1525; x_wconf 88' lang='lat' dir='ltr'>nulla</span> <span class='ocrx_word' id='word_1_172' title='bbox 1364 1499 1542 1539; x_wconf 89' lang='lat' dir='ltr'>unquam</span> <span class='ocrx_word' id='word_1_173' title='bbox 1577 1484 1826 1524; x_wconf 89' lang='lat' dir='ltr'>obmutescet</span> 
     </span>
     <span class='ocr_line' id='line_1_21' title="bbox 423 1550 1823 1609; baseline -0.006 -12"><span class='ocrx_word' id='word_1_174' title='bbox 423 1559 603 1597; x_wconf 84' lang='lat' dir='ltr'>vetustas.</span> <span class='ocrx_word' id='word_1_175' title='bbox 637 1557 748 1609; x_wconf 86' lang='lat' dir='ltr'>Qin</span> <span class='ocrx_word' id='word_1_176' title='bbox 770 1555 847 1594; x_wconf 87' lang='lat' dir='ltr'>hoc</span> <span class='ocrx_word' id='word_1_177' title='bbox 869 1565 1045 1608; x_wconf 85' lang='lat' dir='ltr'>tempore</span> <span class='ocrx_word' id='word_1_178' title='bbox 1073 1553 1171 1606; x_wconf 91' lang='lat' dir='ltr'>ipso,</span> <span class='ocrx_word' id='word_1_179' title='bbox 1203 1567 1296 1591; x_wconf 85' lang='lat' dir='ltr'>cum</span> <span class='ocrx_word' id='word_1_180' title='bbox 1328 1565 1466 1591; x_wconf 86' lang='lat' dir='ltr'>omnes</span> <span class='ocrx_word' id='word_1_181' title='bbox 1499 1566 1520 1590; x_wconf 81' lang='lat' dir='ltr'>a</span> <span class='ocrx_word' id='word_1_182' title='bbox 1550 1552 1649 1590; x_wconf 87' lang='lat' dir='ltr'>meis</span> <span class='ocrx_word' id='word_1_183' title='bbox 1682 1550 1823 1589; x_wconf 87' lang='lat' dir='ltr'>inimi-</span> 
     </span>
     <span class='ocr_line' id='line_1_22' title="bbox 423 1616 1825 1673; baseline -0.007 -9"><span class='ocrx_word' id='word_1_184' title='bbox 423 1627 479 1664; x_wconf 85' lang='lat' dir='ltr'>cis</span> <span class='ocrx_word' id='word_1_185' title='bbox 500 1624 602 1663; x_wconf 83' lang='lat' dir='ltr'>faces</span> <span class='ocrx_word' id='word_1_186' title='bbox 624 1637 720 1662; x_wconf 87' lang='lat' dir='ltr'>meae</span> <span class='ocrx_word' id='word_1_187' title='bbox 741 1622 898 1660; x_wconf 77' lang='lat' dir='ltr'>invidiae</span> <span class='ocrx_word' id='word_1_188' title='bbox 919 1620 1206 1673; x_wconf 80' lang='lat' dir='ltr'>subjiciantur;</span> <span class='ocrx_word' id='word_1_189' title='bbox 1240 1629 1371 1657; x_wconf 87' lang='lat' dir='ltr'>tamen</span> <span class='ocrx_word' id='word_1_190' title='bbox 1393 1618 1504 1656; x_wconf 89' lang='lat' dir='ltr'>omni</span> <span class='ocrx_word' id='word_1_191' title='bbox 1535 1619 1576 1656; x_wconf 92' lang='lat' dir='ltr'>in</span> <span class='ocrx_word' id='word_1_192' title='bbox 1610 1616 1825 1656; x_wconf 88' lang='lat' dir='ltr'>hominum</span> 
     </span>
     <span class='ocr_line' id='line_1_23' title="bbox 422 1683 1826 1744; baseline -0.007 -13"><span class='ocrx_word' id='word_1_193' title='bbox 422 1702 550 1738; x_wconf 79' lang='lat' dir='ltr'>coetu,</span> <span class='ocrx_word' id='word_1_194' title='bbox 583 1691 717 1744; x_wconf 88' lang='lat' dir='ltr'>gratiis</span> <span class='ocrx_word' id='word_1_195' title='bbox 749 1689 931 1742; x_wconf 83' lang='lat' dir='ltr'>agendis,</span> <span class='ocrx_word' id='word_1_196' title='bbox 962 1697 1001 1726; x_wconf 93' lang='lat' dir='ltr'>et</span> <span class='ocrx_word' id='word_1_197' title='bbox 1033 1686 1365 1740; x_wconf 87' lang='lat' dir='ltr'>gratulationibus</span> <span class='ocrx_word' id='word_1_198' title='bbox 1397 1685 1610 1730; x_wconf 90' lang='lat' dir='ltr'>habendis,</span> <span class='ocrx_word' id='word_1_199' title='bbox 1643 1692 1682 1722; x_wconf 89' lang='lat' dir='ltr'>et</span> <span class='ocrx_word' id='word_1_200' title='bbox 1713 1683 1826 1722; x_wconf 88' lang='lat' dir='ltr'>omni</span> 
     </span>
     <span class='ocr_line' id='line_1_24' title="bbox 424 1750 1824 1802; baseline -0.007 -4"><span class='ocrx_word' id='word_1_201' title='bbox 424 1760 614 1802; x_wconf 87' lang='lat' dir='ltr'>sermone,</span> <span class='ocrx_word' id='word_1_202' title='bbox 637 1757 895 1796; x_wconf 86' lang='lat' dir='ltr'>celebramur.</span> <span class='ocrx_word' id='word_1_203' title='bbox 930 1755 1090 1793; x_wconf 91' lang='lat' dir='ltr'>Omitto</span> <span class='ocrx_word' id='word_1_204' title='bbox 1111 1754 1280 1793; x_wconf 85' lang='lat' dir='ltr'>Etruriae</span> <span class='ocrx_word' id='word_1_205' title='bbox 1301 1752 1417 1792; x_wconf 88' lang='lat' dir='ltr'>festos</span> <span class='ocrx_word' id='word_1_206' title='bbox 1438 1761 1477 1791; x_wconf 90' lang='lat' dir='ltr'>et</span> <span class='ocrx_word' id='word_1_207' title='bbox 1497 1753 1617 1797; x_wconf 53' lang='lat' dir='ltr'>actos,</span> <span class='ocrx_word' id='word_1_208' title='bbox 1648 1759 1688 1789; x_wconf 87' lang='lat' dir='ltr'>et</span> <span class='ocrx_word' id='word_1_209' title='bbox 1708 1750 1824 1789; x_wconf 88' lang='lat' dir='ltr'>insti-</span> 
     </span>
     <span class='ocr_line' id='line_1_25' title="bbox 423 1817 1822 1877; baseline -0.006 -14"><span class='ocrx_word' id='word_1_210' title='bbox 423 1834 529 1863; x_wconf 88' lang='lat' dir='ltr'>tutos</span> <span class='ocrx_word' id='word_1_211' title='bbox 551 1824 632 1877; x_wconf 85' lang='lat' dir='ltr'>dies</span> <span class='ocrx_word' id='word_1_212' title='bbox 649 1838 658 1861; x_wconf 74' lang='grc' dir='ltr'>ε</span> <span class='ocrx_word' id='word_1_213' title='bbox 682 1822 891 1860; x_wconf 76' lang='lat' dir='ltr'>centesima</span> <span class='ocrx_word' id='word_1_214' title='bbox 910 1820 980 1858; x_wconf 84' lang='lat' dir='ltr'>lux</span> <span class='ocrx_word' id='word_1_215' title='bbox 996 1819 1049 1857; x_wconf 89' lang='lat' dir='ltr'>est</span> <span class='ocrx_word' id='word_1_216' title='bbox 1069 1819 1153 1858; x_wconf 85' lang='lat' dir='ltr'>haec</span> <span class='ocrx_word' id='word_1_217' title='bbox 1174 1819 1222 1856; x_wconf 89' lang='lat' dir='ltr'>ab</span> <span class='ocrx_word' id='word_1_218' title='bbox 1243 1820 1407 1856; x_wconf 89' lang='lat' dir='ltr'>interitu</span> <span class='ocrx_word' id='word_1_219' title='bbox 1430 1819 1474 1857; x_wconf 90' lang='lat' dir='ltr'>P.</span> <span class='ocrx_word' id='word_1_220' title='bbox 1490 1818 1642 1862; x_wconf 89' lang='lat' dir='ltr'>Clodii,</span> <span class='ocrx_word' id='word_1_221' title='bbox 1660 1826 1713 1862; x_wconf 90' lang='lat' dir='ltr'>et,</span> <span class='ocrx_word' id='word_1_222' title='bbox 1732 1817 1822 1870; x_wconf 88' lang='lat' dir='ltr'>opi-</span> 
     </span>
     <span class='ocr_line' id='line_1_26' title="bbox 424 1883 1822 1941; baseline -0.006 -12"><span class='ocrx_word' id='word_1_223' title='bbox 424 1905 509 1937; x_wconf 88' lang='lat' dir='ltr'>nor,</span> <span class='ocrx_word' id='word_1_224' title='bbox 542 1890 645 1928; x_wconf 83' lang='lat' dir='ltr'>ultra</span> <span class='ocrx_word' id='word_1_225' title='bbox 664 1901 783 1941; x_wconf 88' lang='lat' dir='ltr'>quam</span> <span class='ocrx_word' id='word_1_226' title='bbox 805 1887 901 1924; x_wconf 88' lang='lat' dir='ltr'>fines</span> <span class='ocrx_word' id='word_1_227' title='bbox 924 1885 1081 1938; x_wconf 88' lang='lat' dir='ltr'>imperii</span> <span class='ocrx_word' id='word_1_228' title='bbox 1102 1885 1242 1938; x_wconf 91' lang='lat' dir='ltr'>populi</span> <span class='ocrx_word' id='word_1_229' title='bbox 1263 1884 1436 1923; x_wconf 89' lang='lat' dir='ltr'>Romani</span> <span class='ocrx_word' id='word_1_230' title='bbox 1458 1884 1562 1929; x_wconf 91' lang='lat' dir='ltr'>sunt,</span> <span class='ocrx_word' id='word_1_231' title='bbox 1594 1897 1637 1921; x_wconf 89' lang='lat' dir='ltr'>ea</span> <span class='ocrx_word' id='word_1_232' title='bbox 1656 1896 1736 1920; x_wconf 91' lang='lat' dir='ltr'>non</span> <span class='ocrx_word' id='word_1_233' title='bbox 1758 1883 1822 1921; x_wconf 89' lang='lat' dir='ltr'>so-</span> 
     </span>
     <span class='ocr_line' id='line_1_27' title="bbox 423 1948 1823 2007; baseline -0.006 -11"><span class='ocrx_word' id='word_1_234' title='bbox 423 1952 510 1996; x_wconf 71' lang='lat' dir='ltr'>lun-i</span> <span class='ocrx_word' id='word_1_235' title='bbox 542 1956 646 1995; x_wconf 88' lang='lat' dir='ltr'>fama</span> <span class='ocrx_word' id='word_1_236' title='bbox 671 1956 756 2007; x_wconf 86' lang='lat' dir='ltr'>jam</span> <span class='ocrx_word' id='word_1_237' title='bbox 783 1953 830 1992; x_wconf 91' lang='lat' dir='ltr'>de</span> <span class='ocrx_word' id='word_1_238' title='bbox 858 1953 943 1998; x_wconf 92' lang='lat' dir='ltr'>illo,</span> <span class='ocrx_word' id='word_1_239' title='bbox 976 1948 1188 1990; x_wconf 83' lang='lat' dir='ltr'>sedetiam</span> <span class='ocrx_word' id='word_1_240' title='bbox 1216 1951 1366 1997; x_wconf 68' lang='lat' dir='ltr'>laetitia,</span> <span class='ocrx_word' id='word_1_241' title='bbox 1399 1950 1630 2004; x_wconf 88' lang='lat' dir='ltr'>peragravit.</span> <span class='ocrx_word' id='word_1_242' title='bbox 1708 1961 1823 1988; x_wconf 88' lang='lat' dir='ltr'>uam·</span> 
     </span>
     <span class='ocr_line' id='line_1_28' title="bbox 423 2016 1823 2074; baseline -0.006 -12"><span class='ocrx_word' id='word_1_243' title='bbox 423 2024 575 2069; x_wconf 89' lang='lat' dir='ltr'>obrem,</span> <span class='ocrx_word' id='word_1_244' title='bbox 608 2021 678 2060; x_wconf 88' lang='lat' dir='ltr'>ubi</span> <span class='ocrx_word' id='word_1_245' title='bbox 698 2030 840 2074; x_wconf 83' lang='lat' dir='ltr'>corpus</span> <span class='ocrx_word' id='word_1_246' title='bbox 861 2018 938 2058; x_wconf 92' lang='lat' dir='ltr'>hoc</span> <span class='ocrx_word' id='word_1_247' title='bbox 960 2019 1019 2064; x_wconf 88' lang='lat' dir='ltr'>fit,</span> <span class='ocrx_word' id='word_1_248' title='bbox 1043 2032 1137 2064; x_wconf 89' lang='lat' dir='ltr'>non,</span> <span class='ocrx_word' id='word_1_249' title='bbox 1160 2018 1307 2070; x_wconf 87' lang='lat' dir='ltr'>inquit,</span> <span class='ocrx_word' id='word_1_250' title='bbox 1340 2018 1489 2062; x_wconf 92' lang='lat' dir='ltr'>laboro,</span> <span class='ocrx_word' id='word_1_251' title='bbox 1522 2016 1711 2069; x_wconf 88' lang='lat' dir='ltr'>quoniam</span> <span class='ocrx_word' id='word_1_252' title='bbox 1732 2029 1823 2054; x_wconf 87' lang='lat' dir='ltr'>om-</span> 
     </span>
     <span class='ocr_line' id='line_1_29' title="bbox 423 2082 1822 2140; baseline -0.006 -12"><span class='ocrx_word' id='word_1_253' title='bbox 423 2091 541 2128; x_wconf 84' lang='lat' dir='ltr'>nibus</span> <span class='ocrx_word' id='word_1_254' title='bbox 564 2089 603 2127; x_wconf 92' lang='lat' dir='ltr'>in</span> <span class='ocrx_word' id='word_1_255' title='bbox 626 2089 737 2126; x_wconf 84' lang='lat' dir='ltr'>terris</span> <span class='ocrx_word' id='word_1_256' title='bbox 758 2097 796 2126; x_wconf 89' lang='lat' dir='ltr'>et</span> <span class='ocrx_word' id='word_1_257' title='bbox 812 2088 896 2140; x_wconf 88' lang='lat' dir='ltr'>jam</span> <span class='ocrx_word' id='word_1_258' title='bbox 917 2084 1113 2131; x_wconf 84' lang='lat' dir='ltr'>versatur,</span> <span class='ocrx_word' id='word_1_259' title='bbox 1145 2094 1184 2123; x_wconf 90' lang='lat' dir='ltr'>et</span> <span class='ocrx_word' id='word_1_260' title='bbox 1209 2085 1360 2139; x_wconf 87' lang='lat' dir='ltr'>semper</span> <span class='ocrx_word' id='word_1_261' title='bbox 1390 2082 1613 2129; x_wconf 81' lang='lat' dir='ltr'>habitabit,</span> <span class='ocrx_word' id='word_1_262' title='bbox 1646 2082 1822 2121; x_wconf 88' lang='lat' dir='ltr'>nominis</span> 
     </span>
     <span class='ocr_line' id='line_1_30' title="bbox 426 2157 661 2209; baseline -0.013 -13"><span class='ocrx_word' id='word_1_263' title='bbox 426 2159 501 2196; x_wconf 86' lang='lat' dir='ltr'>mei</span> <span class='ocrx_word' id='word_1_264' title='bbox 523 2157 661 2209; x_wconf 84' lang='lat' dir='ltr'>gloria.</span> 
     </span>
    </p>

    <p class='ocr_par' dir='ltr' id='par_1_6' title="bbox 424 2215 1825 2477">
     <span class='ocr_line' id='line_1_31' title="bbox 481 2215 1823 2272; baseline -0.005 -11"><span class='ocrx_word' id='word_1_265' title='bbox 481 2223 677 2262; x_wconf 90' lang='lat' dir='ltr'><strong>XXXVI.</strong></span> <span class='ocrx_word' id='word_1_266' title='bbox 712 2222 809 2260; x_wconf 87' lang='lat' dir='ltr'>Haec</span> <span class='ocrx_word' id='word_1_267' title='bbox 832 2230 875 2259; x_wconf 93' lang='lat' dir='ltr'>tu</span> <span class='ocrx_word' id='word_1_268' title='bbox 896 2232 1055 2258; x_wconf 88' lang='lat' dir='ltr'>mecum</span> <span class='ocrx_word' id='word_1_269' title='bbox 1077 2219 1187 2272; x_wconf 83' lang='lat' dir='ltr'>saepe,</span> <span class='ocrx_word' id='word_1_270' title='bbox 1209 2218 1272 2257; x_wconf 83' lang='lat' dir='ltr'>his</span> <span class='ocrx_word' id='word_1_271' title='bbox 1293 2217 1548 2263; x_wconf 83' lang='lat' dir='ltr'>absentibus;</span> <span class='ocrx_word' id='word_1_272' title='bbox 1582 2216 1659 2262; x_wconf 88' lang='lat' dir='ltr'>sed,</span> <span class='ocrx_word' id='word_1_273' title='bbox 1683 2215 1823 2255; x_wconf 89' lang='lat' dir='ltr'>iisdem</span> 
     </span>
     <span class='ocr_line' id='line_1_32' title="bbox 425 2283 1824 2340; baseline -0.005 -12"><span class='ocrx_word' id='word_1_274' title='bbox 425 2289 691 2334; x_wconf 79' lang='lat' dir='ltr'>audientibus,</span> <span class='ocrx_word' id='word_1_275' title='bbox 709 2287 792 2327; x_wconf 86' lang='lat' dir='ltr'>haec</span> <span class='ocrx_word' id='word_1_276' title='bbox 807 2301 881 2340; x_wconf 90' lang='lat' dir='ltr'>ego</span> <span class='ocrx_word' id='word_1_277' title='bbox 897 2295 1045 2331; x_wconf 89' lang='lat' dir='ltr'>tecum,</span> <span class='ocrx_word' id='word_1_278' title='bbox 1064 2285 1186 2324; x_wconf 87' lang='lat' dir='ltr'>Milo.</span> <span class='ocrx_word' id='word_1_279' title='bbox 1203 2287 1264 2324; x_wconf 93' lang='lat' dir='ltr'>Te</span> <span class='ocrx_word' id='word_1_280' title='bbox 1281 2284 1459 2339; x_wconf 90' lang='lat' dir='ltr'>quidem,</span> <span class='ocrx_word' id='word_1_281' title='bbox 1477 2283 1585 2337; x_wconf 92' lang='lat' dir='ltr'>quod</span> <span class='ocrx_word' id='word_1_282' title='bbox 1602 2283 1673 2322; x_wconf 89' lang='lat' dir='ltr'>isto</span> <span class='ocrx_word' id='word_1_283' title='bbox 1688 2283 1824 2322; x_wconf 86' lang='lat' dir='ltr'>animo</span> 
     </span>
     <span class='ocr_line' id='line_1_33' title="bbox 424 2350 1825 2408; baseline -0.006 -12"><span class='ocrx_word' id='word_1_284' title='bbox 424 2373 486 2403; x_wconf 82' lang='lat' dir='ltr'>es,</span> <span class='ocrx_word' id='word_1_285' title='bbox 520 2357 606 2395; x_wconf 82' lang='lat' dir='ltr'>satis</span> <span class='ocrx_word' id='word_1_286' title='bbox 628 2355 783 2394; x_wconf 84' lang='lat' dir='ltr'>laudare</span> <span class='ocrx_word' id='word_1_287' title='bbox 805 2368 883 2393; x_wconf 92' lang='lat' dir='ltr'>non</span> <span class='ocrx_word' id='word_1_288' title='bbox 906 2352 1086 2408; x_wconf 78' lang='lat' dir='ltr'>poffum3</span> <span class='ocrx_word' id='word_1_289' title='bbox 1120 2351 1206 2398; x_wconf 85' lang='lat' dir='ltr'>sed,</span> <span class='ocrx_word' id='word_1_290' title='bbox 1238 2366 1318 2405; x_wconf 93' lang='lat' dir='ltr'>quo</span> <span class='ocrx_word' id='word_1_291' title='bbox 1348 2351 1401 2390; x_wconf 90' lang='lat' dir='ltr'>est</span> <span class='ocrx_word' id='word_1_292' title='bbox 1433 2350 1502 2389; x_wconf 88' lang='lat' dir='ltr'>ista</span> <span class='ocrx_word' id='word_1_293' title='bbox 1532 2351 1658 2404; x_wconf 88' lang='lat' dir='ltr'>magis</span> <span class='ocrx_word' id='word_1_294' title='bbox 1691 2350 1825 2389; x_wconf 89' lang='lat' dir='ltr'>divina</span> 
     </span>
     <span class='ocr_line' id='line_1_34' title="bbox 425 2414 1822 2477; baseline -0.005 -16"><span class='ocrx_word' id='word_1_295' title='bbox 425 2425 574 2469; x_wconf 77' lang='lat' dir='ltr'>virtus,</span> <span class='ocrx_word' id='word_1_296' title='bbox 606 2436 652 2462; x_wconf 91' lang='lat' dir='ltr'>eo</span> <span class='ocrx_word' id='word_1_297' title='bbox 684 2423 831 2477; x_wconf 88' lang='lat' dir='ltr'>majore</span> <span class='ocrx_word' id='word_1_298' title='bbox 862 2435 883 2460; x_wconf 88' lang='lat' dir='ltr'>a</span> <span class='ocrx_word' id='word_1_299' title='bbox 914 2430 952 2461; x_wconf 86' lang='lat' dir='ltr'>te</span> <span class='ocrx_word' id='word_1_300' title='bbox 984 2419 1119 2459; x_wconf 89' lang='lat' dir='ltr'>dolore</span> <span class='ocrx_word' id='word_1_301' title='bbox 1153 2418 1333 2458; x_wconf 86' lang='lat' dir='ltr'>divellor.</span> <span class='ocrx_word' id='word_1_302' title='bbox 1385 2418 1473 2457; x_wconf 86' lang='lat' dir='ltr'>Nec</span> <span class='ocrx_word' id='word_1_303' title='bbox 1508 2431 1626 2464; x_wconf 83' lang='lat' dir='ltr'>vero,</span> <span class='ocrx_word' id='word_1_304' title='bbox 1658 2416 1684 2456; x_wconf 88' lang='lat' dir='ltr'>fi</span> <span class='ocrx_word' id='word_1_305' title='bbox 1720 2414 1822 2455; x_wconf 84' lang='lat' dir='ltr'>mihi</span> 
     </span>
    </p>
   </div>
  </div>
 </body>
</html>
