2076 2860
703 187 844 227 PRo
905 188 951 228 P.
1014 187 1307 228 SEXTIO.
1664 203 1712 243 13

307 302 437 328 meam
469 288 623 328 cladem
652 302 720 327 vos
753 297 793 327 et
820 302 958 327 omnes
992 288 1089 327 boni
1121 289 1346 328 maximum
1378 288 1451 327 effe
1483 288 1713 341 reipublicae

306 356 448 394 vulnus
463 354 697 408 judicastis;
721 364 759 393 et
782 355 827 393 P.
853 355 1008 393 Sextius
1030 354 1084 393 est
1106 369 1191 394 reus
1215 369 1294 394 non
1316 355 1399 401 su0‚
1422 355 1486 394 sed
1507 369 1614 401 me0,
1636 369 1710 394 no—

303 422 414 460 mine
433 437 442 460 :
474 421 543 475 qui
565 435 659 460 cum
679 435 843 460 omnem
864 422 948 460 vim
970 422 1027 460 sui
1051 422 1274 460 tribunatus
1297 422 1338 461 in
1360 436 1448 461 mea
1468 422 1589 461 salute
1610 436 1711 460 con-

305 488 528 542 sumpserit,
561 487 709 527 neceffe
741 488 795 526 est
827 502 958 527 meam
987 488 1140 527 causam
1173 489 1361 542 praeteriti
1395 489 1585 542 temporis
1618 502 1714 527 cum

304 554 424 608 hujus
445 554 625 608 praesenti
646 554 869 593 defensione
890 555 963 593 effe
984 556 1254 608 conjunctam.

361 622 477 660 XIV.
512 622 608 659 Erat
624 621 748 674 igitur
764 622 804 659 in
827 621 936 659 Ιοξῒιι
958 621 1134 660 senatus:
1154 621 1353 674 squalebat
1375 622 1528 666 civitas,
1548 621 1713 674 publico

304 688 470 726 consilio
490 696 643 726 mutata
662 687 790 726 veste:
825 688 984 726 nullum
1010 697 1090 726 erat
1120 687 1244 726 Italiae
1274 688 1545 740 municipium
1561 717 1571 733 ‚
1604 688 1715 726 nulla

306 754 476 799 colonia,
509 754 620 792 nulla
650 753 892 806 praefec‘tura,
931 753 1040 791 nulla
1072 753 1212 791 Romae
1244 752 1406 791 societas
1440 753 1711 806 vectigalium,

307 820 466 858 nullum
487 820 705 872 collegium
720 849 730 864 ,
763 829 830 857 aut
860 819 1081 857 concilium
1096 849 1107 864 ‚
1139 828 1206 857 aut
1227 820 1394 857 omnino
1415 819 1575 872 aliquod
1597 833 1712 858 com-

306 900 428 925 mune
448 887 657 924 confilium
673 915 683 931 ‚
716 885 824 937 quod
852 895 940 924 tum
968 900 1048 924 non
1070 885 1466 924 honorificentissime
1487 886 1714 925 decrevisset

307 953 354 991 de
374 967 462 991 mea
482 953 603 990 salute
622 967 630 991 z
664 966 758 990 cum
779 952 910 991 subito
931 953 1094 991 edicunt
1116 953 1194 991 duo
1217 953 1395 992 consules
1412 983 1423 999 ,
1456 962 1499 991 ut
1520 953 1567 991 ad
1598 953 1714 992 suum

304 1019 490 1058 vestitum
511 1019 702 1058 senatores
721 1019 907 1058 redirent.
933 1020 1034 1072 Qis
1053 1033 1229 1072 unquam
1245 1020 1382 1058 consul
1400 1020 1577 1058 senatum
1594 1020 1714 1073 ipsius

307 1086 473 1124 decretis
494 1100 626 1139 parere
647 1085 856 1139 prohibuit
871 1087 883 1124 ?
903 1087 1005 1139 Qis
1023 1096 1211 1138 tyrannus
1229 1086 1390 1125 miseros
1408 1087 1542 1139 lugere
1559 1087 1684 1124 vetuit
1699 1087 1712 1124 ?

307 1153 503 1191 Parumne
524 1153 592 1198 est,
626 1152 729 1199 Piso,
761 1162 806 1191 ut
827 1153 1014 1191 omittam
1041 1153 1279 1198 Gabinium,
1312 1153 1419 1206 quod
1451 1163 1607 1191 tantum
1636 1152 1712 1191 ho-

306 1221 433 1258 mines
455 1219 646 1264 fefellisti,
669 1229 713 1258 ut
735 1220 953 1272 negligeres
977 1220 1251 1258 auctoritatem
1273 1220 1440 1265 senatus,
1473 1221 1619 1273 optimi
1641 1234 1712 1258 cu-

301 1287 443 1339 jusque
464 1287 625 1325 confilia
645 1296 935 1333 contemneres,
968 1287 1259 1340 rempublicam
1281 1287 1479 1340 proderes,
1513 1287 1715 1325 consulare

308 1368 454 1393 nomen
487 1354 709 1408 affligeres?
741 1355 914 1393 etiamne
944 1355 1096 1393 edicere
1126 1355 1280 1401 audeas,
1313 1369 1362 1393 ne
1393 1365 1606 1393 moererent
1636 1354 1712 1393 ho-

309 1421 435 1459 mines
456 1435 601 1467 meam,
633 1422 755 1467 suam,
788 1422 1032 1475 reipublicae,
1065 1422 1364 1460 calamitatem?
1399 1436 1445 1460 ne
1470 1422 1579 1460 hunc
1601 1422 1716 1460 suum

308 1487 486 1526 dolorem
508 1488 609 1526 veste
630 1489 894 1541 significarent
914 1490 927 1527 ?
961 1490 1048 1526 Sive
1079 1488 1147 1526 illa
1167 1489 1280 1526 vestis
1303 1489 1473 1527 mutatio
1494 1489 1540 1526 ad
1563 1489 1719 1526 luftum

308 1554 498 1607 ipsorum,
522 1555 597 1592 five
617 1555 665 1592 ad
686 1555 993 1608 deprecandum,
1009 1555 1185 1599 valebat3
1210 1555 1298 1607 quis
1321 1568 1497 1606 unquam
1520 1564 1599 1592 tam
1621 1568 1713 1592 cru-

309 1620 406 1657 delis
440 1619 544 1664 fuit,
576 1620 645 1672 qui
677 1620 908 1672 prohiberet
940 1634 1184 1671 quemquam
1219 1629 1284 1657 aut
1319 1620 1389 1657 fibi
1424 1634 1615 1665 moerere,
1649 1630 1714 1658 aut

308 1685 456 1723 caeteris
479 1685 697 1737 supplicare
716 1686 729 1722 ?

366 1752 506 1804 Qid?
540 1752 604 1789 sua
633 1751 770 1804 sponte
801 1751 984 1789 homines
1012 1752 1053 1790 in
1075 1753 1296 1790 amicorum
1319 1753 1506 1806 periculis
1529 1753 1722 1791 vestitum.

308 1828 459 1856 mutare
479 1832 560 1856 non
581 1818 739 1856 solent?
773 1819 850 1856 Pro
879 1829 915 1857 te
943 1818 1053 1871 ipso,
1088 1819 1202 1865 Piso,
1235 1833 1405 1858 nemone
1434 1821 1633 1858 mutavit?
1667 1834 1715 1857 ne

308 1884 370 1922 isti
391 1884 569 1937 quidem,
597 1897 695 1936 quos
718 1885 866 1938 legatos
889 1899 969 1923 non
990 1886 1112 1924 modo
1133 1886 1246 1925 nullo
1268 1886 1618 1932 senatusconsulto,
1652 1886 1716 1924 sed

306 1952 429 1990 etiam
450 1960 694 2004 repugnante
715 1952 862 1997 senatu,
897 1961 980 1990 tute
1003 1952 1077 1990 tibi
1099 1952 1233 2005 legasti
1251 1954 1263 1991 ?
1297 1954 1405 2005 Ergo
1427 1952 1604 1991 hominis
1627 1953 1713 1990 des-

308 2018 445 2070 perati,
464 2027 502 2056 et
518 2018 731 2070 proditoris
750 2018 992 2071 reipublicae,
1011 2019 1144 2057 casum
1162 2019 1358 2071 lugebunt
1375 2018 1529 2057 fortasse
1551 2019 1620 2071 qui
1642 2034 1714 2057 vo-

307 2085 418 2123 lent:
452 2085 549 2123 civis
571 2085 832 2124 fiorentiffimi
855 2086 1129 2124 benevolentia
1158 2086 1384 2132 bonorum,
1416 2096 1454 2124 et
1484 2087 1637 2139 optime
1668 2087 1715 2124 de

309 2152 428 2189 salute
461 2152 594 2204 patriae
629 2152 788 2197 meriti,
825 2153 1050 2204 periculum
1066 2183 1076 2198 ,
1111 2154 1375 2205 conjunctum
1408 2167 1501 2191 cum
1535 2153 1715 2206 periculo

309 2218 480 2255 civitatis
498 2248 507 2262 ‚
540 2219 674 2270 lugere
697 2218 843 2257 senatui
867 2232 945 2256 non
968 2219 1107 2256 licebit
1127 2220 1139 2256 ?
1174 2219 1301 2257 Iidem
1325 2218 1503 2256 consules
1520 2248 1530 2263 ,
1567 2219 1621 2271 (fi
1643 2233 1711 2271 ap-

310 2284 481 2335 pellandi
503 2284 591 2322 sunt
613 2285 791 2323 consules
806 2315 817 2330 ,
851 2298 949 2338 quos
972 2299 1090 2324 nemo
1111 2285 1164 2324 est
1179 2315 1192 2331 ‚
1222 2285 1291 2337 qui
1314 2299 1392 2323 non
1415 2285 1536 2323 modo
1557 2298 1605 2322 ex
1626 2299 1713 2323 me-

310 2350 448 2395 moria,
468 2350 529 2388 sed
551 2352 670 2389 etiam
691 2366 739 2390 ex
761 2351 881 2397 fastis,
900 2352 1124 2390 evellendos
1147 2366 1225 2389 non
1245 2352 1375 2404 putet)
1400 2353 1512 2404 pacto
1528 2352 1613 2403 jam
1635 2351 1714 2389 foe-

309 2416 398 2454 dere
420 2417 712 2468 provinciarum
729 2448 739 2463 ,
772 2418 953 2471 producti
985 2419 1026 2456 in
1057 2419 1164 2456 circo
1190 2418 1392 2456 Flaminio
1414 2419 1454 2455 in
1477 2418 1714 2455 concionem

308 2483 356 2520 ab
380 2483 447 2521 illa
468 2482 568 2521 furia
589 2497 632 2522 ac
655 2484 756 2536 peste
779 2485 910 2537 patriae
926 2514 937 2530 ,
970 2485 1147 2523 maximo
1173 2499 1266 2523 cum
1287 2485 1441 2537 gemitu
1463 2484 1586 2522 vestro
1601 2513 1612 2529 ‚
1646 2484 1714 2522 illa
