2076 2860
459 215 531 257 ⁸52
806 200 883 240 IN
942 200 1013 239 M.
1073 199 1500 241 ANTONIUM

457 232 476 256 ὁ

454 304 641 344 inimicus
663 303 748 349 effe,
775 316 896 355 quam
916 302 1083 349 amicus,
1114 302 1271 342 maluit.
1303 302 1422 343 Nihil
1445 303 1498 342 est
1517 302 1709 357 profectO,
1740 304 1849 358 quod

454 371 535 408 dari
556 371 670 423 poffit
691 369 844 408 bellum
864 369 1017 422 gerenti
1036 384 1045 408 :
1077 369 1153 408 erit
1173 368 1327 409 fortafl‘e
1347 369 1513 424 aliquid,
1546 370 1654 424 quod
1683 370 1849 410 concedi

452 436 567 490 poffit
580 435 756 488 roganti.

508 503 563 541 ΙΙ.
598 503 766 555 Legatos
787 514 878 540 vero
898 501 946 539 ad
966 515 1058 540 eum
1079 502 1251 548 mittere,
1274 502 1321 541 de
1341 516 1422 555 quo
1441 502 1708 555 graviffimum
1729 511 1769 542 et
1788 502 1848 542 se-

451 569 691 608 veriffimum
717 568 921 622 judicium
954 569 1413 608 nudiustertiusdecimus
1442 568 1631 615 feceritis,
1662 583 1743 608 non
1763 571 1850 623 jam

451 636 621 674 levitatis
642 635 710 681 est,
743 636 820 680 sed,
853 644 897 674 ut
930 635 1037 689 quod
1069 635 1193 674 sentio
1226 635 1370 682 dicam,
1403 636 1623 675 dementiae.
1666 636 1850 676 Primum

451 701 569 740 duces
591 716 656 741 eos
677 701 913 747 laudavistis,
946 703 1015 755 qui
1037 711 1174 740 contra
1194 702 1312 740 illum
1340 702 1493 740 bellum
1513 703 1666 755 privato
1686 702 1850 741 consilio

452 768 728 821 suscepiffent3
762 768 904 806 deinde
925 768 1073 806 milites
1095 777 1322 813 veteranos,
1355 768 1425 821 qui
1456 782 1550 806 cum
1585 768 1632 806 ab
1668 768 1850 806 Antonio

452 834 492 872 in
526 835 699 872 colonias
733 834 851 873 effent
885 834 1056 879 deduffi,
1090 834 1197 872 illius
1229 834 1422 872 beneficio
1452 834 1676 873 libertatem
1708 834 1850 888 populi

452 900 625 938 Romani
664 900 984 953 anteposuerunt.
1031 900 1142 952 Qid
1181 900 1286 952 legio
1326 900 1504 938 Martia?
1542 900 1639 953 quid
1678 901 1847 953 quarta?

451 980 522 1004 cur
551 967 792 1005 laudantur?
824 967 850 1005 fi
881 967 988 1005 enim
1019 967 1222 1005 consulem
1252 966 1366 1005 suum
1396 967 1656 1019 reliquerunt,
1687 967 1846 1020 vitupe-

452 1032 578 1071 randae
609 1032 726 1071 sunt:
760 1033 785 1070 fi
819 1033 1031 1071 inimicum
1056 1033 1299 1086 reipublicae,
1326 1034 1416 1084 jure
1437 1032 1658 1071 laudantur.
1702 1032 1845 1085 Atqui,

450 1112 544 1136 cum
566 1099 744 1137 consules
766 1098 946 1136 nondum
970 1098 1180 1143 haberetis,
1214 1098 1450 1142 decrevistiS,
1483 1107 1527 1136 ut
1547 1107 1586 1136 et
1607 1098 1654 1136 de
1673 1099 1845 1151 praemiis

449 1165 644 1209 militum,
662 1174 701 1203 et
717 1165 763 1202 de
779 1164 998 1203 honoribus
1020 1165 1319 1217 imperatorum,
1337 1165 1467 1217 primo
1489 1178 1648 1217 quoque
1670 1173 1847 1218 tempore

450 1230 673 1269 referretur.
713 1230 846 1269 Placet
876 1230 1014 1268 eodem
1047 1240 1223 1283 tempore
1244 1231 1404 1283 praemia
1424 1230 1659 1268 constituere
1680 1230 1743 1275 iis,
1775 1231 1847 1283 qui

450 1307 586 1334 contra
608 1297 832 1335 Antonium
853 1310 958 1334 arma
979 1306 1182 1349 ceperunt,
1206 1306 1243 1334 et
1265 1297 1412 1348 legatos
1433 1296 1481 1333 ad
1502 1297 1726 1334 Antonium
1748 1298 1846 1334 mit-

450 1365 561 1400 tere?
596 1372 638 1400 ut
654 1364 737 1415 jam
758 1362 989 1415 pudendum
1010 1363 1070 1407 sst,
1102 1361 1324 1400 honestiora
1345 1362 1498 1400 decreta
1524 1362 1596 1400 effe
1623 1362 1844 1416 legionum,

449 1443 569 1481 quam
592 1428 770 1466 senatus:
805 1428 997 1481 siquidem
1024 1428 1199 1481 legiones
1229 1428 1484 1466 decreverunt
1510 1427 1685 1466 senatum
1707 1427 1846 1466 defen-

450 1495 538 1532 dere
560 1505 695 1532 contra
716 1495 941 1533 Antonium
959 1513 970 1538 ;
994 1494 1146 1532 senatus
1169 1494 1344 1532 decernit
1364 1494 1512 1547 legatos
1535 1493 1581 1531 ad
1602 1494 1843 1532 Antonium.

451 1563 600 1599 Utrum
621 1561 697 1599 hoc
719 1561 771 1600 est
793 1562 1025 1600 confirmare
1046 1562 1224 1599 militum
1246 1562 1413 1606 animos,
1432 1574 1479 1599 an
1497 1560 1700 1600 debilitare
1716 1561 1844 1600 virtu-

448 1639 530 1666 tem
548 1629 560 1665 ?
594 1629 686 1666 Hoc
708 1627 787 1666 dies
811 1627 1022 1667 duodecim
1043 1626 1310 1680 profecerunt,
1338 1637 1382 1665 ut
1403 1640 1523 1680 quem
1545 1641 1677 1672 nemo,
1708 1636 1847 1680 praeter

449 1695 650 1746 Cotylam,
684 1704 770 1732 tum
798 1695 981 1733 inventus
1010 1695 1057 1734 fit
1083 1695 1153 1746 qui
1181 1693 1421 1739 defenderet,
1453 1694 1485 1732 is
1513 1693 1753 1746 habeatjam
1773 1707 1844 1746 pa-

450 1770 582 1798 tronos
605 1761 723 1798 etiam
744 1761 997 1799 consulares?
1031 1761 1113 1812 Qi
1142 1761 1295 1799 utinam
1322 1773 1459 1798 omnes
1488 1769 1576 1798 ante
1604 1773 1668 1798 me
1688 1759 1845 1799 senten-

450 1828 547 1864 tiam
568 1826 822 1878 rogarentur!
856 1839 1083 1878 quanquam
1105 1825 1292 1878 suspicor,
1325 1825 1421 1878 quid
1453 1825 1596 1864 dicturi
1629 1826 1719 1864 sunt
1750 1827 1844 1879 qui-

449 1891 539 1928 dam
561 1904 713 1935 eorum,
745 1891 813 1942 qui
845 1891 930 1943 post
962 1905 1025 1929 me
1057 1891 1315 1942 rogabuntur.
1362 1891 1534 1929 Facilius
1567 1899 1704 1929 contra
1734 1891 1844 1930 dice-

450 1972 548 2002 rem,
580 1957 605 1994 s1
628 1956 725 2009 quid
746 1957 956 1995 videretur.
990 1947 1057 1994 Est
1078 1958 1185 1995 enim
1207 1957 1357 2010 opinio,
1391 1956 1642 1996 decreturum
1668 1957 1844 2010 aliquem

449 2024 514 2061 M.
539 2023 717 2060 Antonio
745 2023 855 2060 illam
884 2024 1068 2061 ultimam
1098 2023 1288 2068 Galliam,
1321 2036 1440 2075 quam
1470 2023 1637 2060 Plancus
1671 2023 1842 2062 obtinet.

450 2090 560 2142 Qid
581 2089 633 2127 est
654 2089 775 2134 aliud,
798 2091 932 2128 omnia
951 2090 996 2127 ad
1020 2089 1172 2128 bellum
1193 2090 1309 2127 civile
1330 2089 1432 2128 hosti
1452 2103 1557 2127 arma
1578 2089 1735 2141 largirI?
1758 2090 1843 2142 pri-

452 2170 565 2194 mum
587 2169 723 2193 nervos
747 2156 856 2201 belli,
879 2157 1087 2209 pecuniam
1109 2156 1322 2200 infinitam,
1346 2169 1422 2208 qua
1445 2169 1549 2193 nunc
1571 2165 1678 2207 cget;
1703 2154 1845 2194 deinde

449 2223 686 2275 equitatum,
709 2232 902 2275 quantum
923 2223 1033 2261 velit.
1066 2223 1303 2274 Equitatum
1325 2222 1441 2260 dico?
1474 2222 1687 2267 dubitabit,
1711 2222 1841 2267 credo,

449 2300 584 2342 gentes
619 2288 794 2326 barbaras
828 2288 960 2327 secum
992 2288 1196 2327 adducere.
1242 2289 1334 2326 Hoc
1362 2289 1431 2340 qui
1454 2302 1531 2326 non
1554 2288 1674 2332 videt,
1706 2301 1842 2326 excors

449 2356 529 2394 cst:
563 2356 647 2408 qui,
680 2369 772 2393 cum
805 2355 926 2400 videt,
958 2355 1147 2399 decernit,
1181 2355 1341 2407 impius.
1376 2358 1442 2393 Tu
1464 2356 1591 2392 civem
1614 2355 1843 2393 sceleratum

450 2433 488 2462 et
511 2422 709 2475 perditum
733 2422 944 2460 Gallorum
965 2430 1002 2459 ct
1026 2423 1317 2459 Germanorum
1339 2422 1528 2466 exercitu,
1562 2420 1741 2473 pecunia,
1770 2434 1839 2472 pe-

446 2489 589 2534 ditatu,
613 2488 805 2541 equitatU‚
830 2488 953 2541 copiis
976 2487 1163 2525 instrues?
1190 2487 1322 2526 Nullae
1345 2487 1421 2526 ista:
1442 2487 1707 2526 excusationes
1730 2485 1838 2524 sunt:
