2076 2860
466 223 542 262 422
818 210 896 248 IN
954 208 1018 247 M.
1080 208 1509 248 ANTONIUM

464 316 610 367 agenti,
629 316 794 367 privato,
821 313 981 351 obsecro
1003 322 1055 358 te,
1079 315 1128 352 L.
1149 313 1288 358 Caesar,
1315 315 1427 366 (cum
1448 314 1679 368 peritissimo
1699 313 1862 356 homine

465 381 567 419 mihi
590 395 646 419 res
667 380 738 431 est)
762 381 919 433 quando
941 381 1155 433 imperium
1177 381 1328 419 senatus
1350 381 1458 419 dedit
1477 383 1490 419 ?

520 449 594 486 IX.
628 447 701 485 Sed
722 447 768 486 de
789 447 866 486 hoc
888 447 1051 500 quidem
1080 447 1283 493 haetenus,
1307 461 1355 486 ne
1376 447 1561 501 refragari
1581 448 1739 488 homini
1760 451 1860 489 ami-

464 514 628 559 ciffimo,
652 528 695 552 ac
717 514 764 552 de
784 527 848 552 me
869 515 1021 567 optime
1042 515 1199 559 merito,
1223 514 1366 552 videar.
1392 515 1474 552 Etfi
1491 516 1580 567 quis
1597 516 1723 568 potest
1739 516 1859 555 refra-

462 581 544 633 gari
568 595 646 618 non
667 581 787 619 modo
808 595 887 619 non
909 581 1075 634 petenti,
1102 595 1239 619 verum
1260 581 1379 619 etiam
1401 581 1623 619 recusanti?
1662 582 1736 620 Illa
1755 597 1861 629 vero,

464 648 595 685 Patres
617 648 846 701 conscripti,
873 648 998 686 aliena
1018 647 1228 685 consulum
1250 646 1458 700 dignitate,
1491 647 1615 687 aliena
1637 657 1864 701 temporum

461 714 650 766 gravitate
685 715 876 753 sententia
910 714 989 759 est,
1030 724 1075 752 ut
1108 714 1313 759 consules,
1352 714 1572 752 Dolabellae
1606 715 1864 768 persequendi

462 781 587 825 causa,
611 781 742 820 Afiam
764 790 803 819 et
825 781 975 833 Syriam
997 780 1221 819 sortiantur.
1260 780 1421 825 Dicam,
1445 794 1515 819 cur
1535 781 1680 819 inutile
1700 781 1861 834 reipub-

461 846 572 885 licae:
606 847 670 885 sed
690 848 813 900 prius,
847 861 966 900 quam
988 856 1102 900 turpe
1123 846 1351 885 consulibus
1374 847 1433 892 fit,
1456 846 1600 885 videte.
1635 849 1740 886 Cum
1762 860 1860 885 con-

462 912 520 950 sul
549 913 768 966 defignatus
801 913 1034 959 obsideatur,
1066 914 1108 951 in
1140 927 1265 966 eoque
1297 913 1500 951 liberando
1533 913 1632 951 salus
1667 913 1712 952 fit
1741 913 1863 966 pofita

461 979 717 1032 reipublicae:
751 994 925 1033 cumque
954 993 975 1017 a
1003 980 1154 1033 populo
1185 980 1368 1017 Romano
1397 978 1570 1033 pestiferi
1601 981 1704 1018 cives
1735 981 1860 1033 parri-

461 1046 638 1099 cidaeque
665 1046 927 1086 desciverint:
961 1061 1134 1101 cumque
1164 1046 1204 1084 id
1235 1047 1388 1085 bellum
1416 1060 1613 1099 geramus,
1645 1060 1725 1099 quo
1756 1047 1861 1085 bello

460 1112 508 1151 de
530 1113 736 1166 dignitate,
769 1114 816 1151 de
836 1114 1032 1158 libertate,
1064 1113 1112 1150 de
1132 1113 1225 1157 vita,
1258 1113 1543 1158 decernamus;
1575 1122 1629 1157 et,
1661 1113 1687 1151 si
1717 1113 1757 1150 in
1786 1127 1860 1166 po-

462 1179 636 1217 testatem
658 1180 747 1232 quis
779 1180 948 1218 Antonii
977 1180 1142 1224 venerit,
1174 1179 1370 1232 proposita
1399 1179 1474 1217 sint
1503 1188 1713 1223 tormenta,
1745 1188 1863 1232 atque

459 1247 657 1284 cruciatus
677 1262 685 1284 ε
719 1260 894 1299 cumque
922 1245 1064 1284 harum
1092 1259 1224 1283 rerum
1245 1246 1428 1283 omnium
1449 1244 1661 1283 decertatio
1683 1244 1859 1283 consuli-

462 1311 534 1349 bus
557 1313 721 1364 optimis
743 1322 781 1350 et
810 1312 1029 1357 fortiffimis
1051 1311 1255 1349 commissa
1283 1320 1322 1349 et
1351 1310 1627 1349 commendata
1654 1311 1728 1355 fit;
1761 1311 1861 1349 Afiae

459 1387 500 1415 et
535 1379 651 1429 Syriae
685 1380 836 1417 mentio
869 1379 950 1424 fiet,
983 1387 1028 1417 ut
1059 1387 1126 1416 aut
1158 1377 1370 1431 suspicioni
1403 1378 1569 1423 crimen,
1605 1387 1672 1417 aut
1704 1377 1862 1417 invidiae

459 1446 679 1490 materiam,
713 1445 854 1484 dediss‘e
875 1445 1078 1484 videamur
1097 1447 1109 1483 ?

515 1512 572 1550 At
593 1525 683 1550 vero
704 1512 758 1550 ita
778 1512 1010 1557 decernunt,
1043 1521 1087 1550 ut
1107 1512 1274 1550 liberato
1295 1512 1419 1550 Bruto
1438 1526 1446 1549 :
1480 1511 1520 1549 id
1541 1510 1649 1549 enim
1679 1511 1858 1558 restabat,

459 1587 504 1616 ut
538 1578 700 1623 reliffito,
733 1579 908 1625 deserto,
940 1579 1113 1633 prodito.
1164 1580 1252 1631 Ego
1286 1592 1378 1617 vero
1412 1579 1659 1616 mentionem
1694 1579 1861 1617 omnino

457 1645 752 1697 provinciarum
773 1645 917 1684 factam
938 1647 1028 1685 dico
1048 1645 1281 1684 alieniffimo
1302 1654 1494 1698 tempore.
1539 1645 1732 1696 Qamvis
1753 1644 1861 1683 enim

458 1712 635 1750 intentus
665 1713 820 1751 animus
848 1722 938 1751 tuus
970 1713 1031 1758 fit,
1064 1714 1113 1751 C.
1139 1712 1274 1758 Pansa,
1306 1712 1404 1750 ficut
1436 1711 1504 1757 est,
1536 1711 1584 1749 ad
1605 1710 1863 1750 fortiffimum

457 1778 589 1816 virum
609 1787 648 1816 et
669 1780 853 1817 omnium
874 1779 1131 1817 clariffimum
1152 1778 1432 1823 liberandum;
1466 1788 1597 1816 tamen
1629 1791 1761 1816 rerum
1789 1792 1859 1816 na—

457 1852 546 1881 tura
565 1845 674 1896 cogit
705 1854 742 1882 te
769 1845 977 1883 neceffario
998 1844 1141 1883 referre
1162 1846 1341 1884 animum
1362 1845 1574 1897 aliquando
1595 1845 1641 1882 ad
1663 1845 1857 1883 Dolabel-

458 1909 538 1947 lam
570 1911 899 1963 persequendum,
934 1920 972 1949 et
1003 1920 1156 1964 partem
1188 1911 1363 1964 aliquam
1395 1912 1436 1948 in
1470 1912 1602 1948 Asiam
1637 1920 1676 1948 et
1709 1910 1860 1962 Syriam

458 1975 630 2014 derivare
659 1990 760 2015 curae
790 1986 828 2015 et
858 1977 1111 2030 cogitationis
1143 1985 1234 2016 tuae.
1278 1978 1316 2014 Si
1345 1986 1477 2015 autem
1511 1976 1595 2015 fieri
1625 1976 1761 2029 poffet,
1793 1977 1856 2015 vel

459 2041 591 2094 plures
614 2052 651 2080 te
671 2044 823 2081 animos
844 2042 987 2082 habere
1007 2044 1166 2089 vellem,
1199 2056 1297 2097 quos
1319 2056 1456 2081 omnes
1485 2043 1531 2080 ad
1558 2043 1766 2080 Mutinam
1795 2043 1859 2081 in-

460 2108 652 2149 tenderes.
696 2111 815 2162 Qod
837 2112 1027 2164 quoniam
1057 2111 1140 2150 fieri
1169 2124 1247 2149 non
1270 2110 1409 2163 potest,
1444 2111 1537 2148 istoc
1560 2111 1707 2155 animo,
1740 2123 1860 2163 quem

457 2175 577 2215 habes
597 2177 954 2231 praestantissimum
974 2188 1091 2232 atque
1112 2179 1328 2231 optimum,
1362 2176 1464 2216 nihil
1496 2186 1533 2215 te
1554 2177 1754 2222 volumus,
1787 2177 1858 2215 nifi

457 2244 507 2283 de
527 2245 665 2291 Bruto,
688 2246 875 2298 cogitare.
909 2246 1021 2284 Facis
1044 2255 1086 2283 tu
1110 2246 1148 2283 id
1171 2245 1348 2298 quidem,
1376 2254 1413 2282 et
1434 2258 1479 2282 eo
1501 2243 1674 2282 maxime
1697 2244 1857 2282 incum-

457 2309 518 2351 bis
538 2326 547 2349 :
580 2311 673 2350 duas
696 2321 828 2349 tamen
850 2325 923 2357 res,
955 2324 1115 2364 magnas
1143 2310 1370 2363 prassertim,
1404 2324 1482 2348 non
1504 2310 1623 2348 modo
1644 2323 1755 2362 agere
1777 2322 1858 2347 uno

459 2385 651 2431 tempore,
674 2378 737 2416 sed
759 2392 807 2416 ne
827 2378 1039 2431 cogitando
1061 2377 1222 2431 quidem
1244 2377 1454 2429 explicare,
1485 2376 1694 2429 quisquam
1715 2375 1854 2429 potest.

460 2444 628 2483 Incitare
656 2454 693 2483 ct
722 2445 964 2484 inflammare
998 2454 1112 2483 tuum
1144 2444 1245 2483 istud
1279 2443 1634 2496 praestantiffimum
1666 2441 1854 2485 studium,

461 2524 539 2550 non
559 2512 606 2550 ad
626 2512 743 2551 aliam
764 2512 845 2551 ulla
865 2526 912 2551 ex
934 2521 1041 2565 parte
1062 2525 1198 2551 curam
1219 2510 1441 2556 transferre,
1474 2509 1678 2548 debemus.
