2076 2860
686 169 769 210 IN
829 162 1272 205 VATINIUM.
1635 160 1686 211 69

334 271 544 323 Simulque
563 266 667 307 mihi
689 263 923 318 respondeto
944 271 1004 307 tu,
1033 260 1105 314 qui
1125 273 1213 305 nOS‚
1237 258 1309 312 qui
1330 257 1377 296 de
1397 255 1607 295 communi
1630 253 1688 292 sa-

278 340 363 379 lute
378 335 666 380 consentimus,
685 343 872 386 tyrannos
890 342 1020 374 vocas,
1039 327 1211 366 fuerisne
1232 340 1313 365 non
1335 325 1521 364 tribunus
1544 321 1689 376 plebis,

279 406 343 446 sed
364 402 636 444 intolerandus
658 414 707 440 ex
728 412 845 438 coeno
875 397 1007 436 nescio
1035 395 1106 449 qui
1133 404 1252 448 atque
1281 407 1329 432 ex
1351 392 1524 431 tenebris
1554 400 1690 442 tyran-

280 473 386 512 nus?
419 471 490 525 qui
521 469 702 524 primum
733 480 821 505 eam
851 463 1161 518 rempublicam,
1193 475 1280 515 quae
1311 459 1495 513 auspiciis
1518 456 1691 496 inventis

279 539 495 579 constituta
527 536 597 582 est,
628 534 769 573 iisdem
803 531 988 585 auspiciis
1025 529 1188 568 sublatis
1225 540 1407 566 conarere
1443 533 1691 579 pervertere:

279 605 422 645 deinde
442 602 694 644 sanstiffimas
715 601 837 653 leges,
856 598 1005 638 AEliam
1026 606 1065 635 et
1087 596 1245 635 Fufiam
1266 595 1371 638 dico,
1390 606 1477 646 quae
1499 592 1541 629 in
1564 592 1694 629 Grac-

280 674 452 713 chorum
482 670 704 714 ferocitate,
736 677 775 707 et
805 668 846 705 in
879 664 1041 704 audacia
1070 661 1287 706 Saturnini,
1320 671 1359 698 et
1392 660 1433 697 in
1466 658 1696 697 colluvione

283 741 418 787 Drufi,
449 749 488 778 et
509 739 551 777 in
572 736 831 776 contentione
853 732 1037 786 Sulpicii,
1067 740 1106 769 et
1126 730 1168 767 in
1190 741 1329 767 cruore
1352 727 1552 770 Cinnano,
1575 725 1696 762 etiam

284 809 388 847 inter
416 806 573 859 Syllana
598 817 706 842 arma
734 802 935 844 vixerunt,
968 798 1072 836 solus
1104 794 1369 838 conculcaris,
1401 807 1445 831 ac
1472 806 1543 845 pro
1565 790 1696 828 nihilo

284 874 458 930 putaris:
482 873 554 926 qui
573 869 779 910 consulem
800 866 922 906 morti
943 863 1151 918 objeceris,
1170 861 1373 900 inclusum
1394 859 1606 904 obsederis,
1624 872 1695 895 ex-

285 940 438 981 trahere
453 953 501 977 ex
518 937 595 976 suis
613 935 725 974 teE'tis
742 942 908 973 conatus
926 932 993 970 fis:
1013 931 1085 984 qui
1102 930 1142 968 in
1160 943 1205 967 eo
1222 927 1451 981 magistratu
1474 939 1553 963 non
1576 923 1698 962 modo

285 1006 486 1047 emerseris
502 1019 551 1043 ex
568 1002 840 1047 mendicitate,
859 999 923 1038 sed
938 998 1058 1037 etiam
1076 996 1226 1035 divitiis
1247 1009 1316 1033 nos
1328 996 1413 1048 jam
1431 993 1509 1031 tuis
1532 1002 1672 1030 terreas
1688 1005 1696 1029 :

285 1074 458 1114 fuerisne
479 1081 587 1111 tanta
607 1069 855 1113 crudelitate,
874 1076 919 1105 ut
940 1065 1110 1104 delcetos
1133 1064 1252 1108 viros,
1275 1072 1314 1100 et
1335 1061 1535 1115 principes
1557 1059 1700 1097 civita-

288 1145 354 1190 tis,
387 1142 526 1181 tollere
547 1149 586 1178 et
606 1139 735 1177 delere
757 1147 824 1176 tua
845 1136 1049 1188 rogatione
1070 1132 1265 1171 conareris
1287 1132 1299 1168 ?

345 1211 398 1249 X.
433 1211 541 1247 Cum
558 1206 814 1250 L.Vettium,
834 1203 905 1256 qui
922 1203 962 1240 in
980 1201 1113 1239 senatu
1130 1198 1326 1238 confeffus
1344 1196 1434 1235 effet
1452 1195 1487 1233 se
1505 1209 1599 1232 cum
1622 1194 1702 1231 telo

290 1277 418 1322 fuiffe,
451 1277 530 1314 Cn.
555 1273 764 1326 Pompeio,
797 1271 954 1309 summo
983 1278 1023 1306 et
1052 1266 1264 1306 clariffimo
1289 1265 1383 1309 civi,
1417 1263 1493 1301 suis
1517 1261 1702 1300 manibus

292 1357 430 1383 necem
451 1341 587 1381 afferre
607 1339 785 1384 voluiffe,
819 1339 859 1376 in
890 1336 1128 1375 concionem
1160 1332 1422 1386 produxeris,
1457 1329 1631 1367 indicem
1662 1327 1703 1364 in

292 1411 460 1456 Rostris,
492 1410 533 1447 in
555 1408 642 1453 illo,
675 1407 856 1459 inquam,
888 1411 1079 1457 augurato
1101 1400 1254 1453 templo
1276 1413 1318 1436 ac
1342 1399 1444 1442 loco,
1478 1395 1702 1438 collocaris,

293 1491 374 1531 quo
395 1474 638 1515 auctoritatis
660 1470 912 1525 exquirendae
935 1468 1047 1507 causa
1067 1467 1196 1505 caeteri
1220 1465 1371 1503 tribuni
1394 1462 1522 1516 plebis
1550 1461 1704 1514 princi-

295 1559 361 1598 pes
383 1542 555 1582 civitatis
577 1540 794 1594 producere
814 1537 1132 1579 consueverunt;
1166 1533 1222 1570 ibi
1255 1542 1297 1569 tu
1320 1531 1496 1568 indicem
1520 1527 1705 1564 Vettium

295 1613 476 1663 linguam
505 1618 544 1646 et
571 1621 710 1645 vocem
734 1606 842 1643 suam
864 1602 999 1641 sceleri
1019 1610 1059 1638 et
1080 1599 1206 1638 menti
1229 1608 1305 1636 tuae
1327 1596 1498 1650 praebere
1520 1593 1678 1632 voluisti
1694 1622 1704 1638 ‚

299 1687 343 1716 ut
363 1677 510 1715 diceret
533 1675 582 1712 L.
606 1673 767 1711 Vettius
789 1671 831 1708 in
853 1669 1047 1708 concione
1069 1676 1135 1704 tua
1150 1696 1160 1711 ‚
1194 1674 1352 1717 rogatus
1375 1676 1394 1700 a
1417 1673 1452 1700 te
1469 1692 1479 1707 ,
1513 1661 1549 1699 se
1570 1662 1705 1698 aucto-

299 1758 373 1789 reS,
405 1752 443 1781 et
474 1739 724 1794 impulsores,
756 1747 794 1776 et
822 1736 946 1775 socios
977 1733 1154 1772 habuiffe
1175 1730 1330 1769 sceleris
1361 1729 1470 1767 illius
1493 1742 1557 1766 cos
1586 1728 1705 1771 viros,

298 1810 446 1863 quibus
467 1822 487 1846 e
508 1806 668 1845 civitate
690 1803 853 1842 sublatis
868 1831 878 1847 ,
910 1799 1019 1853 quod
1041 1808 1084 1837 tu
1106 1813 1152 1837 eo
1175 1808 1353 1849 tempore
1374 1794 1589 1832 moliebare
1604 1823 1614 1838 ,
1647 1793 1707 1830 ci-

299 1877 397 1916 vitas
418 1875 513 1913 stare
536 1886 615 1911 non
637 1870 760 1925 poffet
780 1871 792 1908 ?
826 1869 891 1907 M.
916 1866 1126 1911 Bibulum,
1159 1865 1273 1917 cujus
1300 1862 1518 1901 inclusione
1540 1868 1709 1898 conten-

298 1954 363 1982 tus
397 1955 477 1980 non
509 1953 606 1985 eras,
639 1937 860 1976 interficere
892 1935 1085 1978 volueras,
1118 1931 1350 1985 spoliaveras
1384 1927 1606 1972 consulatu,
1638 1939 1709 1979 pa-

301 2011 375 2049 tria
406 2009 558 2063 privare
589 2005 806 2059 cupiebas:
841 2004 890 2041 L
922 2000 1160 2045 Lucullum,
1192 1999 1306 2051 cujus
1341 2007 1384 2034 tu
1417 1996 1534 2034 rebus
1566 1993 1709 2046 gestis,

302 2077 410 2131 quod
432 2075 512 2129 ipse
528 2074 576 2113 ad
597 2071 867 2126 imperatorias
889 2068 1021 2107 laudes
1039 2081 1060 2105 a
1074 2080 1197 2120 puero
1218 2065 1404 2103 videlicet
1425 2062 1626 2115 speffimras,
1642 2074 1710 2097 ve-

303 2143 530 2183 hementi-us
564 2139 795 2178 invidebas:
830 2137 879 2174 C.
905 2135 1142 2178 Curionem,
1174 2141 1412 2185 perpetuum
1445 2128 1599 2166 hostem
1632 2127 1711 2164 im-

305 2210 523 2263 proborum
544 2206 745 2250 omnium,
777 2205 977 2241 auctorem
1007 2200 1163 2255 publici
1193 2198 1362 2242 consilii,
1395 2196 1578 2234 libertate
1598 2207 1711 2231 com-

306 2276 421 2314 muni
442 2274 589 2313 tuenda
609 2272 783 2310 maxime
805 2270 993 2315 liberum,
1026 2281 1121 2306 cum
1142 2266 1242 2311 filio,
1276 2263 1455 2318 principe
1471 2260 1712 2314 juventutis,

306 2356 401 2381 cum
423 2340 627 2393 republica
647 2337 920 2391 conjunCtiore
941 2336 1076 2380 etiam,
1109 2347 1230 2386 quam
1260 2332 1308 2369 ab
1339 2330 1407 2368 illa
1437 2338 1548 2366 aetate
1578 2326 1713 2379 postu-

307 2407 473 2448 landum
495 2406 588 2451 fuit,
621 2405 748 2442 delere
769 2403 927 2442 voluisti
947 2418 955 2441 :
990 2403 1039 2440 L.
1065 2400 1314 2443 Domitium,
1346 2397 1460 2448 cujus
1483 2394 1654 2446 dignitas
1676 2401 1714 2429 et

309 2474 492 2529 splendor
513 2471 820 2528 praestringebat,
844 2469 976 2515 credo,
999 2468 1136 2507 oculos
1154 2465 1322 2510 Vatinii,
1347 2476 1468 2515 quem
1491 2471 1533 2498 tu
1555 2469 1716 2512 propter
