2076 2860
340 153 387 205 33
810 150 1253 188 ORATIO

337 251 517 288 humanae
549 249 759 287 docilitatis
789 257 905 300 atque
935 249 1098 300 ingenii,
1130 249 1326 301 dissipatos
1358 263 1483 287 unum
1514 249 1554 287 in
1584 249 1720 287 locum

337 324 637 368 congregarunt,
655 313 793 365 eosque
809 327 856 351 ex
872 312 1025 351 feritate
1041 314 1109 351 illa
1124 314 1170 352 ad
1185 314 1379 366 justitiam
1400 324 1515 368 atque
1536 315 1717 352 mansue-

337 382 516 421 tudinem
550 379 860 418 transduxerunt.
895 381 1005 417 Tum
1035 393 1092 417 res
1125 380 1172 417 ad
1201 394 1457 419 communem
1488 381 1716 425 utilitatem,

337 461 430 499 quas
452 446 627 498 publicas
649 444 888 496 appellamus
905 473 915 488 ‚
949 454 1035 482 tum
1063 446 1341 484 conventicula
1364 446 1600 492 hominum,
1633 460 1720 498 quae

337 512 464 564 postea
483 511 657 548 civitates
679 509 888 546 nominatae
910 509 1011 554 sunt,
1040 519 1126 548 tum
1147 511 1350 549 domicilia
1370 513 1591 563 conjuncta,
1623 525 1717 563 quas

336 578 449 615 urbes
471 576 654 620 dicimus,
686 575 846 612 invento
877 584 917 612 et
948 574 1083 613 divino
1113 586 1152 614 et
1183 575 1358 615 humano
1382 579 1484 630 jure,
1517 577 1716 616 moenibus

334 643 542 695 sepserunt.

390 710 523 760 Atque
543 707 645 744 inter
664 706 765 744 hanc
786 706 906 743 vitam
923 706 1159 758 perpolitam
1174 705 1433 754 humanitate,
1451 718 1489 746 et
1506 709 1616 747 illam
1637 709 1716 747 im—

333 787 506 817 manem,
536 771 637 809 nihil
660 780 738 808 tam
760 771 928 816 interest,
961 785 1078 822 quam
1093 773 1173 823 jus,
1205 781 1320 824 atque
1341 773 1413 811 vis.
1447 774 1607 811 Horum
1630 783 1717 812 utro

334 840 393 877 uti
415 839 600 882 nolimus,
633 838 753 875 altero
773 837 826 874 est
847 837 1051 875 utendum.
1085 838 1182 875 Vim
1202 838 1383 876 volumus
1413 839 1593 892 extingui
1613 841 1625 877 ?
1652 841 1717 892 jus

335 905 457 944 ‚valeat
479 903 623 941 necesse
643 902 709 948 est,
739 902 778 940 id
798 902 865 947 est,
894 902 1058 955 judicia,
1089 903 1232 954 quibus
1253 917 1371 941 omne
1387 906 1451 956 jus
1473 905 1715 944 continetur.

335 971 491 1022 Judicia
519 969 752 1022 displicent,
784 978 848 1006 aut
876 969 983 1006 nulla
1003 969 1091 1006 sunt
1111 970 1123 1006 ?
1155 970 1212 1007 vis
1234 970 1460 1008 dominetur
1480 971 1627 1009 neceffe
1647 971 1714 1011 est.

336 1037 434 1075 Haec
454 1035 588 1072 vident
608 1048 743 1072 omnes
763 1050 771 1072 :
806 1034 911 1071 Milo
932 1044 969 1072 et
990 1034 1089 1071 vidit
1104 1063 1114 1078 ,
1146 1044 1184 1072 et
1204 1034 1300 1073 fecit
1315 1065 1325 1081 ,
1359 1045 1401 1073 ut
1425 1037 1489 1088 jus
1520 1037 1716 1089 experire-

335 1111 412 1146 tur,
439 1102 518 1138 vim
541 1100 764 1152 depelleret.
797 1100 935 1138 Altero
956 1100 1013 1137 uti
1035 1100 1174 1144 voluit,
1198 1109 1240 1138 ut
1260 1101 1383 1139 virtus
1405 1101 1606 1140 audaciam
1627 1103 1716 1140 vin-

335 1176 464 1205 ceret:
498 1166 618 1204 altero
648 1165 736 1203 usus
768 1165 972 1203 necessario
1001 1165 1078 1210 est,
1112 1179 1159 1204 ne
1189 1166 1312 1204 virtus
1334 1167 1380 1204 ab
1402 1167 1561 1206 audacia
1581 1168 1716 1206 vince-

337 1243 454 1271 retur.
498 1231 725 1283 Eademque
746 1232 842 1269 ratio
863 1231 941 1269 fuit
962 1232 1007 1269 P.
1032 1231 1179 1276 Sextii,
1212 1231 1238 1269 fi
1260 1233 1392 1270 minus
1414 1234 1454 1270 in
1476 1233 1716 1279 accusando,

337 1302 482 1350 (neque
514 1298 620 1335 enim
652 1311 720 1349 per
750 1310 886 1335 omnes
918 1296 996 1334 fuit
1028 1297 1134 1335 idem
1165 1298 1311 1336 necess‘e
1341 1298 1442 1350 fieri)
1476 1308 1513 1337 at
1543 1309 1646 1338 certe
1675 1300 1718 1338 in

335 1363 552 1402 necestitate
573 1361 823 1402 defendendae
844 1363 976 1402 salutis
999 1362 1072 1402 suae
1087 1393 1097 1408 ,
1128 1364 1384 1418 praefidioque
1413 1375 1549 1404 contra
1577 1366 1659 1404 vim
1680 1375 1719 1404 et

333 1443 495 1468 manum
517 1429 792 1481 comparando.

390 1496 544 1533 XLIII.
579 1496 614 1532 O
638 1495 709 1532 Dii
730 1495 993 1532 immortales!
1013 1508 1227 1547 quemnam
1247 1495 1448 1535 ostenditis
1470 1497 1622 1535 exitum
1644 1511 1717 1535 no-

333 1561 392 1598 bis
412 1563 424 1598 ?
457 1574 575 1613 quam
597 1560 703 1612 spem
724 1561 950 1612 reipublicae
971 1561 1069 1599 datis
1089 1563 1102 1599 ?
1133 1571 1279 1614 quotus
1302 1563 1468 1615 quisque
1495 1564 1720 1602 invenietur

334 1635 439 1665 tanta
471 1626 613 1663 virtute
643 1625 723 1670 vir,
756 1626 825 1677 qui
854 1625 1048 1676 optimam
1078 1639 1278 1679 quamque
1306 1628 1461 1665 causam
1491 1628 1719 1680 reipublicae

333 1692 602 1744 amplectatur,
634 1692 703 1743 qui
725 1692 838 1728 bonis
859 1692 951 1729 viris
973 1691 1172 1737 deserviat,
1196 1693 1266 1744 qui
1287 1693 1451 1732 solidam
1472 1694 1628 1734 laudem
1650 1709 1717 1733 ve-

335 1771 494 1808 ramque
527 1758 702 1808 quaerat?
735 1770 828 1794 cum
860 1756 981 1800 sciat,
1014 1757 1092 1794 duo
1126 1757 1195 1794 illa
1228 1759 1455 1809 reipublicae
1490 1773 1589 1812 pene
1623 1760 1717 1807 fata,

335 1823 555 1861 Gabinium
576 1831 613 1859 et
637 1821 831 1866 Pisonem,
854 1821 1021 1859 alterum
1040 1821 1194 1860 haurire
1211 1823 1388 1874 quotidie
1405 1837 1451 1862 ex
1468 1826 1717 1876 pacatiffimis

334 1899 450 1941 atque
481 1883 781 1940 opillentifiimis
816 1888 930 1938 Syriae
962 1888 1070 1939 gazis
1103 1889 1391 1927 innumerabile
1420 1890 1574 1943 pondus
1604 1893 1716 1938 au1·i;

335 1955 484 1992 bellum
507 1953 648 1991 inferre
669 1953 974 2005 quiescentibus,
999 1952 1042 1991 u't
1063 1968 1199 1992 eorum
1220 1964 1365 1993 veteres
1387 1956 1634 2008 illibatasque
1655 1957 1718 1995 di-

333 2021 445 2057 vitias
468 2021 507 2056 in
530 2018 875 2071 profundiffimum
897 2019 1111 2057 libidinum
1135 2020 1289 2058 suarum
1319 2022 1519 2074 gurgitem
1549 2022 1717 2074 profun-

334 2085 425 2131 dat;
459 2085 593 2123 villam
615 2084 802 2123 aedificare
825 2085 864 2122 in
886 2085 1011 2122 oculis
1033 2086 1213 2124 omnium
1237 2095 1385 2125 tantam
1401 2116 1412 2132 ,
1445 2089 1650 2140 tugurium
1673 2099 1716 2127 ut

328 2151 411 2202 jam
433 2151 607 2187 videatur
627 2149 697 2187 effe
719 2150 786 2187 illa
807 2150 898 2187 villa
913 2179 923 2195 ,
955 2165 1073 2202 quam
1102 2151 1181 2203 ipse
1212 2152 1393 2190 tribunus
1422 2153 1548 2205 plebis
1570 2155 1716 2206 pictam

333 2217 431 2254 olim
453 2217 491 2254 in
514 2216 772 2254 concionibus
793 2217 1014 2268 explicabat
1029 2247 1040 2262 ,
1073 2231 1151 2269 quo
1176 2217 1429 2256 fortissimum
1451 2233 1493 2258 ac
1515 2220 1717 2260 summum

333 2283 459 2321 civem
483 2282 519 2319 in
544 2281 730 2319 invidiam
753 2281 873 2319 homo
895 2282 1016 2321 castus
1037 2296 1080 2320 ac
1102 2297 1180 2320 non
1202 2284 1368 2336 cupidus
1391 2295 1543 2323 vocaret
1562 2287 1575 2323 ?
1599 2287 1715 2326 Alte-

335 2362 421 2386 rum
444 2347 668 2385 Thracibus
699 2361 740 2385 ac
772 2347 963 2386 Dardanis
994 2349 1170 2401 primum
1200 2363 1336 2401 pacem
1359 2352 1530 2389 maxima
1549 2354 1717 2404 pecunia

334 2414 565 2461 vendidisse,
584 2414 737 2461 deinde,
757 2424 799 2453 ut
816 2415 875 2453 illi
893 2417 1101 2469 pecuniam
1117 2416 1308 2456 conficere
1322 2417 1485 2470 poffent,
1501 2420 1716 2460 vexandam
