2076 2860
697 179 837 218 PRo
899 179 946 218 P.
1008 178 1302 217 sssxrio,
1653 192 1705 229 49

300 276 593 330 incorruptum,
626 284 664 313 et
695 275 722 313 fi
753 275 918 313 intimos
950 273 1079 312 sensus
1107 274 1296 320 civitatis,
1328 273 1560 327 expressero.
1594 275 1706 327 Qid

299 342 378 381 fuit
398 343 513 388 illud,
546 341 668 395 quod,
699 342 847 380 recenti
870 341 1013 379 nuntio
1035 340 1082 379 de
1103 341 1175 379 illo
1197 341 1575 387 senatus-consulto,
1599 342 1707 394 quod

300 407 449 447 factum
483 408 536 447 est
568 409 610 446 in
643 407 796 460 templo
829 408 1017 452 Virtutis,
1051 406 1096 444 ad
1129 407 1243 446 ludos
1276 407 1510 460 scenamque
1539 407 1706 460 perlato,

299 475 473 514 conseffu
493 476 671 514 maximo
686 505 697 520 ,
730 475 907 513 summus
929 473 1071 512 artifex
1087 504 1098 520 ,
1132 484 1170 512 et
1193 473 1421 512 mehercule
1442 474 1595 527 semper
1616 488 1705 527 par-

300 543 403 582 tium
435 543 477 581 in
510 543 728 596 republica,
761 552 951 595 tanquam
984 542 1025 579 in
1059 542 1184 586 scena,
1217 542 1491 594 optimatium,
1524 541 1636 586 flens,
1669 550 1709 579 et

300 611 448 649 recenti
481 610 631 655 laetitia‚
663 620 703 648 et
736 609 852 648 misto
885 608 1020 647 dolore
1045 622 1087 646 ac
1119 608 1308 646 defiderio
1338 609 1433 654 mei,
1465 608 1548 661 egit
1577 619 1708 661 aperte

300 677 431 715 multo
451 676 697 729 gravioribus
719 676 848 714 verbis
871 688 1000 713 meam
1022 674 1177 712 causam
1193 703 1203 718 ,
1236 687 1356 726 quam
1377 683 1536 726 egomet
1566 674 1613 712 de
1644 687 1708 712 me

301 756 413 795 agere
434 742 644 796 potuiffem
664 744 676 780 ?
701 742 846 781 summi
868 742 976 779 enim
997 750 1122 793 poetae
1143 741 1353 792 ingenium
1374 753 1453 778 non
1477 739 1606 778 solum
1628 750 1708 778 arte

302 809 381 855 sua,
415 809 478 847 sed
499 810 619 847 etiam
641 809 790 853 dolore,
813 807 1076 859 exprimebat.
1109 805 1210 858 Qid
1225 807 1315 845 enim
1329 805 1349 844 ,ἒ
1377 806 1441 860 qui
1457 806 1708 859 rempublicam

301 884 398 914 certo
417 876 533 913 animo
551 874 737 925 auffuverit
755 903 765 918 ‚
783 873 966 925 statuerit
981 901 993 917 ,
1010 871 1161 925 steterit
1181 887 1259 912 cum
1280 872 1453 912 Achivis.
1487 872 1708 911 Vobiscum

301 956 365 981 me
396 941 537 980 stetiffe
569 941 740 986 dicebat,
773 940 916 978 vestros
946 939 1103 978 ordines
1137 939 1442 978 demonstrabat.
1477 941 1708 978 Revocaba-

301 1018 366 1047 tur
396 1008 444 1046 ab
477 1008 679 1046 univerfis.
713 1008 767 1046 Re
786 1005 894 1045 dubia
907 1036 918 1052 ‚
949 1020 1012 1045 nec
1031 1006 1214 1045 dubitarit
1233 1007 1352 1045 vitam
1372 1006 1502 1060 qfferre
1519 1036 1529 1052 ‚
1561 1021 1625 1046 nec
1644 1022 1708 1046 ca-

292 1075 371 1129 piti
379 1075 597 1129 pepercerit.
623 1075 721 1113 Haec
742 1074 900 1127 quantis
922 1074 970 1112 ab
993 1074 1064 1112 illo
1085 1074 1328 1112 clamoribus
1350 1075 1592 1127 agebantur?
1617 1088 1709 1112 cum

296 1144 381 1195 jam
396 1173 407 1188 ,
439 1141 578 1181 omiffo
598 1141 732 1194 gestu,
763 1141 893 1179 verbis
916 1149 1064 1194 poetae,
1096 1150 1135 1179 et
1156 1140 1284 1179 studio
1306 1141 1446 1179 actoris
1460 1171 1470 1186 ‚
1504 1150 1542 1179 et
1563 1155 1709 1195 expec-

301 1209 444 1248 tationi
465 1209 616 1254 nostrae,
653 1208 934 1261 plauderetur?
968 1209 1149 1246 Summum
1168 1208 1334 1253 amicum,
1359 1207 1494 1266 summo
1515 1208 1551 1246 in
1571 1208 1712 1247 bello—

305 1278 417 1329 (nam
438 1276 540 1315 illud
560 1276 641 1328 ipse
661 1277 767 1314 auor
787 1275 1027 1328 adjungebat
1048 1275 1177 1313 amico
1198 1277 1361 1321 animo3
1385 1285 1424 1313 et
1445 1274 1611 1313 fortaffis
1633 1275 1711 1314 ho-

304 1343 431 1382 mines
464 1352 627 1398 propter
651 1342 813 1397 aliquod
839 1342 1075 1381 defiderium
1102 1342 1392 1396 approbabant)
1412 1343 1554 1396 fiemmo
1574 1342 1712 1396 ingenio

296 1410 509 1464 praeditum.
677 1456 680 1457 ⁷
1274 1399 1276 1407 y

362 1479 495 1518 LVII.
530 1480 641 1517 Tum
662 1480 731 1518 illa
751 1490 900 1532 quanto
921 1494 1014 1518 curn
1035 1480 1190 1533 gemitu
1212 1479 1354 1533 populi
1376 1478 1551 1517 Romani
1573 1479 1620 1516 ab
1642 1491 1711 1516 eo-

304 1545 393 1584 dem
415 1546 533 1598 paulo
554 1547 639 1599 post
659 1547 701 1585 in
721 1547 858 1585 eadem
880 1546 1015 1585 fabula
1042 1547 1133 1585 sunt
1162 1548 1275 1585 acta?
1310 1548 1343 1584 O
1357 1546 1614 1598 pater—Me,
1650 1558 1713 1582 me

303 1612 372 1650 ille
392 1612 607 1658 absentem,
640 1623 684 1650 ut
704 1623 872 1665 patrem,
906 1613 1194 1665 deplorandum
1215 1622 1386 1665 putarat,
1409 1626 1529 1664 quem
1552 1613 1712 1664 QCa-

306 1677 413 1716 tulus
429 1707 440 1723 ,
473 1692 594 1729 quem
624 1678 744 1716 multi
774 1678 841 1716 alii
863 1678 959 1731 saepe
981 1678 1022 1716 in
1045 1678 1178 1716 senatu
1198 1687 1351 1731 patrem
1372 1679 1505 1731 patriae
1528 1678 1713 1717 nomina-

306 1753 406 1783 rant.
470 1754 590 1782 nanto
611 1757 705 1782 cum
721 1743 817 1782 fletu
839 1744 886 1782 de
907 1744 988 1782 illis
1011 1744 1150 1782 nostris
1174 1745 1369 1782 incendiis
1391 1758 1434 1782 ac
1457 1745 1597 1789 ruinis,
1621 1758 1715 1783 cum

306 1820 458 1864 patrem
478 1810 653 1863 pulsum,
685 1811 855 1863 patriam
879 1809 1081 1856 afflictam,
1115 1810 1350 1864 deploraret,
1385 1811 1552 1849 domum
1574 1812 1714 1849 incen-

304 1877 384 1915 sam
405 1876 680 1930 eversamque?
699 1877 750 1915 fic
767 1877 864 1930 egit,
885 1886 944 1923 ut,
964 1876 1226 1915 demonstrata
1247 1877 1409 1930 pristina
1429 1877 1603 1923 fortuna,
1622 1892 1716 1916 cum

303 1943 342 1981 se
373 1943 646 1989 convertisset,
680 1945 776 1982 Haec
805 1943 922 1982 omnia
951 1943 1032 1982 vidi
1057 1944 1095 1982 in
1121 1943 1471 1982 animari—fletum
1493 1945 1613 1983 etiam
1635 1945 1715 1983 ini-

304 2010 421 2049 micis
442 2020 561 2063 atque
582 2010 727 2049 invidis
749 2011 953 2049 excitaret.
989 2011 1065 2049 Pro
1088 2011 1159 2049 Dii
1181 2011 1426 2050 immortales
1447 2011 1455 2049 !
1488 2011 1616 2064 quid?
1649 2012 1718 2049 illa

303 2078 645 2131 quemadmodum
666 2077 769 2116 dixit
790 2076 929 2116 idem?
964 2091 1049 2130 quae
1082 2077 1185 2116 mihi
1218 2077 1380 2130 quidem
1414 2079 1469 2116 ita
1498 2088 1537 2116 et
1567 2080 1649 2117 acta
1678 2089 1718 2116 et

306 2145 450 2198 scripta
479 2144 664 2183 videntur
693 2144 780 2190 effe,
813 2154 858 2182 ut
890 2144 951 2182 vel
984 2159 1005 2182 a
1038 2145 1198 2190 Catulo,
1232 2145 1258 2182 fi
1291 2145 1502 2191 revixisset,
1535 2145 1718 2198 praeclare

306 2211 411 2264 poffe
432 2211 513 2249 dici
534 2211 776 2249 viderentur.
822 2212 859 2249 Is
891 2212 999 2249 enim
1030 2211 1154 2249 libere
1176 2210 1461 2264 reprehendere
1483 2221 1521 2250 et
1542 2211 1719 2249 accusare

308 2278 448 2330 populi
470 2291 758 2330 nonnunquam
780 2279 1043 2316 temeritatem
1067 2278 1230 2323 solebat,
1254 2287 1320 2316 aut
1342 2292 1513 2316 errorem
1536 2278 1689 2316 senatus
1707 2293 1715 2316 :

308 2345 343 2382 O
378 2344 582 2396 ingratffici
612 2345 760 2398 Argivi
773 2374 795 2390 ,⁷
815 2346 939 2384 inanes
975 2346 1111 2390 Graii,
1143 2345 1356 2384 immemores
1395 2345 1552 2396 beneficii
1565 2347 1581 2383 ,Ι
1623 2346 1718 2383 Non

307 2419 390 2448 erat
412 2410 516 2447 illud
536 2411 700 2462 quidem
720 2426 857 2450 verum
878 2428 885 2450 :
920 2426 1000 2450 non
1026 2413 1136 2450 enim
1167 2412 1328 2464 ingrati,
1362 2411 1425 2449 sed
1448 2412 1593 2455 miseri,
1627 2411 1718 2462 qui-

311 2478 384 2516 bus
407 2477 567 2516 reddere
588 2477 768 2524 salutem,
801 2493 822 2518 a
845 2492 924 2532 quo
945 2488 1191 2532 acceperant,
1224 2493 1303 2516 non
1327 2479 1491 2523 liceret,
1527 2491 1597 2515 nec
1620 2490 1720 2515 unus

395 2545 433 2582 T
449 2558 472 2582 ο
488 2557 540 2584 M.
576 2545 648 2583 VI.
1378 2546 1416 2581 G
