2076 2860
882 169 1115 225 [35¹]

360 584 482 659 M.
593 582 1646 660 ANTONIUM

645 806 1219 846 PHILIPPICA
1306 807 1356 845 V.

301 1001 337 1039 Ι.
489 1000 511 1038 Ι
528 1000 571 1038 H
589 1000 658 1038 IL
689 1013 867 1053 unquam
886 999 1046 1052 longius
1076 999 1139 1038 his
1170 1000 1358 1038 Kalendis
1380 1002 1574 1053 Januariis
1597 1003 1700 1042 mihi

503 1065 632 1105 visum
651 1065 719 1110 est,
744 1066 874 1104 Patres
895 1066 1109 1119 conscripti
1129 1081 1138 1105 :
1171 1066 1278 1119 quod
1298 1066 1404 1105 idem
1426 1068 1700 1122 intelligebam

300 1147 371 1187 per
391 1132 463 1171 hos
485 1132 566 1170 dies
588 1132 805 1185 unicuique
825 1132 995 1170 vestrum
1016 1133 1155 1171 videri.
1197 1134 1281 1185 Qi
1302 1134 1409 1171 enim
1431 1134 1584 1174 bellum
1605 1150 1700 1175 cum

301 1199 506 1253 republica
525 1208 682 1251 gerunt,
700 1198 808 1237 hunc
830 1199 936 1237 diem
957 1213 1035 1237 non
1053 1200 1330 1253 expectabant:
1354 1214 1424 1238 nos
1447 1211 1577 1240 autem
1597 1212 1697 1249 tum,

301 1279 398 1304 cum
419 1266 591 1303 maxime
611 1264 775 1302 confilio
797 1265 925 1303 nostro
947 1265 1151 1303 subvenire
1171 1267 1379 1304 communi
1404 1267 1517 1305 saluti
1539 1280 1698 1321 oporte-

303 1340 377 1376 ret,
408 1332 451 1369 in
481 1330 658 1368 senatum
689 1344 768 1368 non
798 1331 1050 1369 vocabamur,
1096 1332 1168 1369 Sed
1188 1333 1387 1384 querelam
1410 1335 1700 1386 praeteritorum

300 1397 456 1435 dierum
478 1396 631 1435 sustulit
652 1396 776 1434 oratio
797 1396 1034 1442 consulum3
1068 1397 1137 1449 qui
1159 1397 1213 1435 ita
1233 1397 1357 1435 locuti
1380 1398 1483 1444 sunt,
1508 1409 1552 1438 ut
1572 1403 1697 1454 magis

299 1472 492 1516 exoptatae
514 1462 700 1500 Kalendae
721 1463 927 1513 Januariae,
946 1476 1065 1514 quam
1086 1463 1188 1508 serae,
1211 1463 1283 1501 effe
1304 1463 1522 1504 videantur.
1547 1467 1695 1519 Atque,

301 1539 347 1568 ut
367 1530 492 1568 oratio
512 1528 721 1567 consulum
742 1529 921 1566 animum
942 1542 1076 1567 meum
1098 1530 1236 1574 erexit,
1255 1529 1441 1582 spemque
1461 1532 1596 1569 attulit
1617 1547 1697 1571 non

300 1595 421 1634 modo
443 1595 575 1633 salutis
597 1595 881 1639 conservandae,
914 1609 1050 1633 verum
1072 1596 1190 1633 etiam
1212 1595 1415 1648 dignitatis
1437 1597 1606 1649 pristinae
1634 1613 1695 1637 re-

299 1661 559 1715 cuperandae3
592 1661 642 1698 fic
664 1675 727 1698 me
748 1661 1003 1714 perturbasset
1026 1662 1108 1713 ejus
1131 1661 1334 1707 sententia,
1367 1663 1435 1714 qui
1457 1663 1608 1715 primus
1630 1679 1695 1703 ro·-

298 1736 412 1779 gatus
433 1726 501 1772 est,
535 1726 604 1764 nifi
626 1726 756 1764 vestrae
777 1727 916 1764 virtuti
937 1726 1241 1779 constantiaeque
1263 1728 1518 1767 confiderem.

358 1794 442 1831 Hic
463 1793 571 1831 enim
591 1793 718 1838 vobis,
753 1793 883 1831 Patres
906 1793 1134 1846 conscripti,
1167 1794 1247 1832 dies
1269 1795 1419 1839 illuxit,
1452 1794 1535 1833 haec
1565 1796 1695 1848 potes-

299 1869 356 1898 tas
377 1859 467 1898 data
486 1859 554 1905 est,
577 1868 635 1904 ut,
659 1869 855 1912 quantum
875 1861 1048 1905 virtutis,
1081 1871 1275 1914 quantum
1297 1861 1535 1907 constantiae,
1568 1877 1694 1915 quan-

298 1935 387 1965 tum
417 1927 619 1979 gravitatis
650 1927 691 1964 in
712 1926 831 1979 hujus
853 1927 1001 1965 ordinis
1024 1928 1186 1966 consilio
1208 1928 1311 1974 effer,
1344 1929 1493 1981 populo
1514 1930 1697 1968 Romano

301 1992 497 2032 declarare
533 1993 705 2046 possetis.
750 1994 1031 2032 Recordamini
1046 2024 1056 2039 ‚
1089 1996 1158 2047 qui
1193 1995 1274 2033 dies
1305 1995 1694 2035 nudiustertiusdeci-

300 2071 388 2097 mus
409 2059 546 2105 fuerit,
577 2069 747 2112 quantus
769 2060 976 2098 consensus
998 2060 1182 2106 vestrum,
1214 2071 1360 2114 quanta
1380 2063 1518 2108 virtus,
1551 2073 1695 2116 quanta

298 2126 541 2172 constantia;
575 2137 763 2179 quantam
785 2127 864 2165 fitis
889 2141 910 2165 a
929 2128 1079 2180 populo
1101 2129 1283 2167 Romano
1304 2129 1475 2174 laudem,
1507 2140 1694 2183 quantam

297 2191 481 2243 gloriam,
513 2201 701 2244 quantam
723 2193 904 2244 gratiam,
936 2194 1151 2233 consecuti.
1195 2197 1331 2248 Atque
1361 2196 1432 2234 illo
1453 2196 1530 2241 die,
1562 2197 1693 2235 Patres

298 2255 527 2309 conscripti,
559 2270 603 2294 ea
629 2257 899 2303 constituistis,
930 2268 975 2297 ut
1007 2260 1119 2298 vobis
1152 2259 1254 2298 nihil
1281 2262 1365 2313 jam
1398 2262 1444 2299 sit
1477 2263 1693 2313 integrum,

299 2323 370 2361 nis1
390 2332 456 2361 aut
478 2322 637 2361 honesta
657 2338 747 2377 pax,
779 2335 845 2363 aut
867 2325 1020 2364 bellum
1040 2327 1307 2367 neceffarium.
1342 2329 1483 2367 Pacem
1512 2330 1597 2367 vult
1628 2330 1691 2368 M.

296 2389 532 2428 Antonius?
563 2402 669 2427 arma
689 2400 823 2443 ponat,
855 2380 981 2444 roget,
1013 2392 1257 2446 deprecetur.
1296 2395 1514 2433 Neminem
1542 2396 1691 2447 aequio-

296 2469 378 2494 rem
413 2468 477 2494 me
512 2455 677 2508 reperIet
696 2471 705 2495 :
738 2457 828 2504 cui,
861 2457 958 2496 dum
992 2458 1028 2497 se
1063 2459 1217 2498 civibus
1253 2460 1387 2512 impiis
1423 2460 1689 2506 commendat,
