2076 2860
322 190 371 225 *s
802 170 1248 220 ORATIO

324 221 335 239 l

322 283 542 327 neceffario,
574 272 749 334 ignosco,
781 279 851 332 qui
882 278 1002 317 habet
1033 277 1326 316 excusationem
1358 278 1418 316 vel
1450 278 1622 331 pietatis,
1654 280 1715 318 vel

322 350 566 393 neceffitans,
600 348 659 385 vel
692 346 828 384 aetatis.
872 345 910 382 Si
942 344 1070 383 voluit
1101 344 1292 389 accusare,
1325 345 1461 397 pietati
1494 345 1627 383 tribuo
1646 360 1655 382 :
1688 344 1715 382 fi

316 416 438 467 juffus
460 415 527 459 est,
551 412 785 452 neceffitati:
810 411 837 448 fi
859 411 1024 463 speravit
1043 410 1209 463 aliquid,
1233 411 1425 462 pueritiae.
1453 411 1614 449 Caeteris
1636 424 1716 448 non

322 482 440 519 modo
462 481 562 518 nihil
585 477 883 531 ignoscendum,
915 476 979 514 sed
999 477 1119 514 etiam
1139 477 1279 514 acriter
1299 477 1352 515 est
1373 477 1640 516 resistendum.

377 549 430 585 II.
464 548 523 583 Ac
541 545 643 583 mihi
664 544 827 596 quidem
843 542 1012 587 videtur,
1030 542 1206 593 Judices,
1225 542 1291 580 hic
1314 544 1499 581 introitus
1521 542 1715 581 defensio-

321 614 380 650 nis
410 611 677 649 adolescentiae
707 610 771 648 M.
797 608 911 646 Caelii
940 608 1114 645 maxime
1144 609 1368 653 convenire,
1400 617 1445 646 ut
1473 609 1519 646 ad
1540 622 1597 654 ea,
1629 623 1716 661 quae

319 678 583 721 accusatores,
616 675 863 714 deformandi
895 673 1014 726 hujus
1048 673 1183 717 causa,
1215 672 1463 712 detrahendae
1484 674 1716 727 spoliandae-

321 760 396 797 que
418 743 622 796 dignitatis
643 743 779 794 gratia,
803 741 1002 785 dixerunt,
1024 740 1202 791 primum
1224 739 1493 791 respondeam.
1524 741 1717 792 Objectus

319 811 372 849 est
393 820 500 863 pater
521 810 648 854 varie,
681 808 787 861 quod
817 815 882 845 aut
911 819 1051 858 parum
1081 805 1308 857 splendidus
1339 805 1445 858 ipse,
1478 816 1544 844 aut
1575 820 1716 858 parum

322 878 383 929 pie
407 878 587 914 tractatus
619 889 639 912 a
668 875 752 912 filio
783 874 992 910 diceretur.
1034 872 1097 909 De
1129 871 1323 924 dignitate
1356 872 1502 910 Caelius
1535 873 1640 910 notis
1673 886 1716 910 ac

320 944 534 996 majoribus
569 951 677 986 natu,
709 941 828 978 etiam
860 940 938 977 fine
971 951 1056 976 mea
1087 938 1276 981 oratione,
1314 939 1455 976 tacitus
1488 937 1605 976 facile
1637 938 1718 991 ipse

322 1009 540 1062 respondet.
574 1007 732 1060 Qibus
765 1015 897 1044 autem
926 1013 1086 1057 propter
1116 1003 1369 1047 senectutem,
1402 1004 1509 1056 quod
1533 1005 1617 1056 jam
1648 1004 1718 1042 diu

320 1078 451 1114 minus
474 1076 513 1113 in
536 1075 622 1113 foro
643 1073 852 1112 nobiscum
873 1071 1068 1115 versatur,
1099 1084 1180 1108 non
1210 1084 1318 1123 aeque
1348 1070 1401 1108 est
1427 1071 1640 1123 cognitus;
1673 1070 1717 1109 hi

322 1144 370 1180 sic
392 1142 561 1180 habeant
580 1157 587 1179 :
612 1152 858 1192 quaecunque
879 1139 921 1176 in
941 1138 1074 1190 equite
1096 1137 1280 1174 Romano
1301 1136 1471 1188 dignitas
1493 1136 1565 1174 effe
1587 1137 1716 1189 poffit,

321 1223 406 1261 quae
428 1217 532 1245 certe
552 1206 678 1259 potest
697 1205 769 1244 effe
790 1204 989 1248 maxima,
1020 1216 1106 1241 eam
1131 1202 1282 1255 semper
1302 1203 1343 1240 in
1366 1202 1429 1240 M.
1455 1202 1579 1240 Caelio
1600 1201 1716 1241 habi-

290 1294 292 1297 ’
321 1285 402 1312 tam
419 1273 489 1311 effe
506 1273 716 1317 summam,
735 1271 932 1323 hodieque
948 1268 1098 1313 haberi,
1116 1282 1196 1306 non
1217 1267 1346 1306 solum
1361 1282 1383 1306 a
1397 1267 1490 1313 suis,
1513 1267 1577 1305 sed
1597 1269 1719 1306 etiam

320 1340 368 1377 ab
390 1339 592 1383 omnibus,
625 1339 770 1390 quibus
793 1336 966 1390 potuerit
986 1335 1117 1387 aliqua
1137 1334 1184 1372 de
1205 1333 1317 1372 causa
1335 1333 1408 1372 effe
1429 1343 1563 1372 notus.
1619 1348 1621 1351 ·

376 1406 535 1458 Equitis
568 1415 700 1444 autem
732 1403 907 1442 Romani
935 1402 1007 1440 effe
1036 1401 1184 1446 filium,
1214 1401 1394 1439 criminis
1424 1401 1514 1438 loco
1543 1400 1640 1454 poni
1669 1400 1718 1439 ab

320 1471 608 1510 accusatoribus
624 1501 635 1516 ,
667 1484 796 1523 neque
815 1469 878 1508 his
893 1467 1169 1521 judicantibus
1190 1467 1368 1520 oportuit
1382 1496 1393 1512 ,
1425 1480 1553 1519 neque
1577 1465 1716 1505 defen-

319 1538 504 1577 dentibus
526 1539 655 1576 nobis.
689 1539 812 1582 Nam,
844 1536 952 1589 quod
972 1535 1019 1573 de
1038 1535 1184 1588 pietate
1204 1534 1371 1579 dixistis,
1393 1533 1447 1571 est
1467 1534 1631 1586 quidem
1650 1533 1721 1572 ista

321 1607 446 1645 nostra
465 1605 717 1649 existimatio,
750 1604 814 1642 sed
828 1603 1031 1655 judicium
1051 1611 1155 1639 certe
1176 1602 1362 1654 parentis.
1404 1600 1515 1652 Qid
1536 1613 1606 1639 nos
1628 1600 1719 1652 opi-

321 1687 485 1717 nemur,
517 1671 682 1709 audietis
713 1684 761 1708 ex
776 1670 946 1722 juratis:
979 1667 1078 1721 quid
1108 1676 1287 1720 parentes
1309 1666 1503 1711 sentiant,
1535 1666 1717 1718 lacrymae

321 1739 471 1783 matris,
500 1736 821 1787 incredibilisque
842 1748 1002 1778 moeror,
1034 1733 1191 1785 squalor
1209 1733 1346 1784 patris,
1378 1741 1417 1770 et
1443 1731 1526 1771 haec
1551 1731 1716 1784 praesens

321 1805 519 1849 maestitia,
552 1817 671 1855 quarn
693 1802 868 1845 cernitis,
900 1799 1108 1851 luctusque
1127 1798 1310 1836 declarat.

378 1871 501 1915 Nam,
532 1868 641 1921 quod
671 1867 724 1905 est
755 1867 982 1919 objectum,
1014 1863 1288 1916 municipibus
1323 1862 1394 1900 effe
1429 1861 1718 1900 adolescentem

323 1950 400 1974 non
424 1935 633 1988 probatum
650 1933 748 1977 suis;
768 1931 919 1970 nemini
937 1944 1112 1983 unquam
1127 1929 1306 1982 praesenti
1323 1928 1531 1966 Puteolani
1551 1928 1717 1980 majores

322 2001 490 2040 honores
512 2000 734 2039 habuerunt
749 2028 760 2044 ,
792 2011 911 2051 quam
932 1996 1083 2035 absenti
1103 1996 1167 2034 M.
1192 1995 1316 2034 Caelio
1335 2009 1344 2033 :
1377 2007 1497 2047 quem
1518 2002 1557 2031 et
1577 1993 1716 2032 absen-

323 2078 403 2106 tem
425 2068 464 2105 in
486 2065 769 2119 ampliffimum
789 2064 969 2102 ordinem
990 2071 1240 2115 cooptarunt,
1258 2070 1298 2099 et
1312 2074 1355 2099 ea
1375 2074 1455 2098 non
1475 2060 1627 2113 petenti
1647 2060 1717 2098 de-

323 2134 500 2174 tulerunt
515 2163 524 2178 ,
557 2147 642 2185 quae
672 2131 809 2170 multis
836 2129 1063 2183 petentibus
1085 2128 1355 2181 denegarunt3
1388 2126 1589 2179 iidemque
1610 2140 1717 2164 nunc

323 2201 545 2238 lectissimos
562 2199 680 2243 viros,
698 2207 735 2236 et
754 2197 873 2236 nostri
888 2196 1051 2241 ordinis,
1069 2204 1109 2233 et
1127 2196 1279 2248 equites
1302 2195 1520 2237 Romanos,
1542 2207 1636 2231 cum
1657 2193 1716 2230 le-

323 2267 479 2319 gatione
507 2265 553 2303 ad
580 2265 657 2303 hoc
673 2263 875 2316 judicium
889 2292 901 2308 ,
932 2271 970 2300 et
992 2276 1084 2300 cum
1104 2261 1322 2314 graviffima
1341 2270 1459 2313 atque
1479 2259 1719 2298 ornatiffima

325 2333 561 2377 laudatione,
584 2331 787 2370 miserunt.
807 2329 955 2367 Videor
975 2328 1076 2367 mihi
1092 2327 1225 2380 jeciffe
1245 2327 1503 2366 fundamenta
1522 2325 1716 2364 defensio-

326 2401 383 2437 nis
406 2414 522 2438 meae:
543 2412 628 2451 quae
650 2396 866 2436 firmiffima
886 2395 989 2441 sunt,
1013 2395 1038 2433 si
1062 2395 1244 2433 nituntur
1258 2393 1413 2446 judicio
1434 2393 1608 2431 suorum.
1628 2393 1715 2430 Ne-

324 2481 399 2518 que
420 2466 526 2504 enim
548 2465 660 2503 vobis
682 2464 770 2502 satis
792 2461 1068 2502 commendata
1087 2460 1205 2514 hujus
1227 2470 1315 2500 aetas
1336 2460 1408 2500 effe
1428 2459 1565 2513 poffet,
1588 2459 1614 2497 s1
1635 2471 1715 2496 non
