2076 2860
580 181 720 219 PRO
782 179 845 218 M.
909 179 1344 217 MARCELLO.
1589 191 1665 229 24q

260 283 340 337 ipsa
357 283 548 321 aeternitas
566 282 717 334 semper
734 281 925 320 tuebitur.
947 281 1058 319 Huic
1077 290 1119 318 tu
1142 280 1340 326 inservias,
1359 279 1454 318 huic
1477 289 1513 317 te
1535 279 1664 318 osten«

262 360 334 395 tes,
366 358 550 402 oportet:
584 363 670 401 quae
701 347 879 400 quidem,
913 361 1000 400 quse
1032 348 1213 392 miretur,
1241 348 1325 399 jam
1357 346 1509 399 pridem
1540 347 1668 385 multa

259 415 404 460 habet;
428 429 552 460 nunc,
575 415 695 452 etiam
717 429 802 467 quae
824 413 971 459 laudet,
995 415 1187 466 expectat.
1214 413 1504 466 Obstupescent
1525 412 1666 466 posteri

261 489 366 519 certe
387 481 568 534 imperia,
600 481 838 533 provincias,
872 479 1078 524 Rhenum,
1113 481 1335 524 Oceanum,
1369 479 1530 524 Nilum,
1563 493 1666 532 pugu

261 561 328 586 nas
354 547 681 592 innumerabiles,
714 546 966 584 incredibiles
989 547 1184 590 victorias,
1216 554 1491 590 monumenta,
1523 559 1666 583 mune-

262 627 325 659 ra,
359 613 585 667 triumphos
607 613 809 652 audientes
831 623 869 651 et
890 613 1063 665 legentes
1087 622 1174 650 tuos
1195 627 1203 650 ε
1238 611 1300 649 sed
1316 641 1326 656 ,
1360 611 1430 649 nifi
1461 611 1544 650 haec
1575 611 1666 649 urbs

260 680 431 718 stabilita
451 682 529 718 tuis
551 680 723 718 consiliis
745 690 783 717 et
805 679 995 717 institutis
1017 679 1091 716 erit
1106 708 1117 723 ,
1150 678 1356 729 vagabitur
1377 676 1498 715 modo
1521 692 1667 716 nomen

264 756 380 787 tuum
402 747 520 799 longe
540 756 657 798 atque
678 746 778 791 late;
803 746 932 784 sedem
953 744 1116 798 quidem
1137 743 1331 789 stabilem,
1355 752 1393 780 et
1415 743 1667 782 domicilium

263 823 433 859 certum,
458 827 537 851 non
559 812 737 851 habebit.
762 812 850 850 Erit
872 812 974 849 inter
995 825 1058 848 eos
1081 811 1215 855 etiam,
1234 811 1304 863 qui
1327 809 1546 855 nascentur,
1573 811 1667 848 ficut

263 881 366 919 inter
386 894 457 919 nos
479 879 584 924 fuit,
617 892 758 930 magna
779 877 981 922 dissensio,
1014 891 1107 915 cum
1138 877 1205 914 alii
1235 876 1418 914 laudibus
1449 877 1495 914 ad
1526 877 1667 915 caeluni

263 961 321 985 res
345 956 428 984 tuas
450 946 572 998 gestas
595 945 782 988 efferent3
806 944 872 982 alii
888 943 1043 982 fortasse
1060 943 1213 996 aliquid
1231 944 1446 996 requirent,
1466 943 1585 996 idque
1608 944 1667 981 vel

262 1013 486 1051 maximum
502 1041 513 1057 ,
546 1011 616 1049 nifi
648 1011 745 1049 belli
775 1010 904 1048 civilis
927 1009 1158 1048 incendium
1181 1009 1302 1047 salute
1322 1010 1456 1062 patria:
1478 1010 1666 1047 restinxe-

264 1079 315 1118 ris
335 1095 344 1118 :
378 1088 422 1117 ut
453 1078 554 1116 illud
585 1076 657 1116 fati
678 1076 791 1115 fuiffe
811 1077 989 1115 videatur
1003 1106 1015 1122 ,
1047 1076 1124 1114 hoc
1145 1076 1314 1114 confilii.
1349 1077 1455 1114 Servi
1477 1077 1600 1128 igitur
1621 1076 1667 1114 iis

263 1146 384 1184 etiam
411 1144 617 1198 judicibus
633 1174 644 1190 ,
677 1144 746 1197 qui
777 1143 916 1182 multis
938 1142 1024 1196 post
1045 1142 1184 1181 seculis
1207 1142 1254 1180 de
1277 1152 1313 1181 te
1328 1142 1598 1195 judicabunt,
1631 1152 1669 1181 et

264 1212 429 1266 quidem
450 1211 556 1250 haud
577 1211 682 1256 scio,
715 1225 762 1249 an
790 1210 1086 1264 incorruptius,
1120 1224 1241 1262 quam
1272 1224 1370 1248 nos:
1404 1224 1495 1248 nam
1526 1219 1563 1248 et
1592 1209 1669 1248 fine

263 1292 419 1324 amore,
451 1287 491 1316 et
511 1278 589 1316 fine
610 1278 849 1330 cupiditate,
881 1286 920 1315 et
942 1276 1071 1315 rursus
1093 1277 1171 1315 fine
1192 1277 1305 1322 odio,
1338 1286 1376 1315 et
1398 1277 1476 1315 fine
1498 1276 1667 1321 invidia,

258 1345 515 1399 judicabunt.
549 1344 596 1383 Id
616 1354 749 1383 autem
769 1344 889 1382 etiam
911 1344 937 1382 fi
960 1353 1055 1382 tunc
1076 1343 1123 1381 ad
1145 1353 1196 1389 te,
1224 1353 1268 1382 ut
1289 1344 1453 1397 quidam
1475 1343 1571 1381 falso
1591 1357 1669 1396 pu-

263 1421 363 1458 tant,
396 1425 476 1450 non
509 1411 753 1465 pertinebit,
787 1425 894 1449 nunc
927 1419 1032 1448 certe
1064 1410 1250 1463 pertinet,
1283 1409 1355 1448 effe
1388 1419 1425 1448 te
1459 1410 1592 1455 talem,
1626 1419 1670 1448 ut

264 1487 349 1517 tuas
371 1478 504 1516 laudes
527 1477 781 1516 obscuratura
800 1477 910 1515 nulla
931 1490 1108 1529 unquam
1130 1477 1175 1514 fit
1196 1476 1360 1515 oblivio.

320 1546 374 1584 X.
408 1544 580 1582 Diversae
602 1544 824 1582 voluntates
847 1543 997 1580 civium
1018 1541 1195 1587 fuerunt,
1225 1542 1491 1594 distractaeque
1512 1542 1669 1580 senten-

265 1611 355 1649 tiae:
389 1624 468 1647 non
498 1611 606 1647 enim
636 1609 808 1647 consiliis
839 1608 967 1646 solum
997 1617 1036 1646 et
1066 1607 1229 1653 studiis,
1262 1607 1325 1646 sed
1353 1608 1469 1645 armis
1490 1608 1610 1646 etiam
1631 1617 1670 1647 et

265 1676 411 1721 castris,
430 1675 722 1714 diffidebamus,
742 1676 838 1713 Erat
853 1672 986 1713 autem
1003 1674 1218 1713 obscuritas
1236 1674 1430 1728 quaedam,
1446 1684 1525 1712 erat
1541 1684 1668 1713 certa-

266 1757 357 1782 men
380 1743 482 1780 inter
502 1742 730 1780 clariffimos
753 1741 870 1779 duces
891 1757 898 1779 :
934 1741 1053 1779 multi
1075 1741 1325 1786 dubitabant,
1349 1740 1446 1793 quid
1467 1741 1668 1794 optimum

265 1809 378 1854 effet3
403 1809 538 1854 multi,
557 1808 654 1861 quid
671 1808 742 1846 fibi
759 1807 984 1860 expediret3
1008 1807 1144 1852 multi,
1163 1806 1260 1860 quid
1282 1807 1458 1852 deceret,
1484 1808 1670 1845 nonnulli

262 1877 402 1921 etiam,
426 1874 524 1928 quid
544 1875 695 1913 liceret.
730 1873 940 1912 Perfun&a
961 1872 1182 1926 respublica
1201 1873 1255 1911 est
1275 1872 1352 1911 hoc
1373 1873 1514 1911 misero
1536 1873 1668 1912 fatali-

263 1956 340 1996 que
361 1942 468 1980 bello
487 1956 496 1980 :
521 1941 618 1979 vicit
640 1941 687 1986 is,
720 1941 790 1994 qui
812 1954 890 1979 non
913 1939 1073 1978 fortuna
1094 1939 1357 1978 inflammaret
1377 1939 1516 1978 odium
1537 1939 1668 1986 suum,

266 2008 329 2048 sed
350 2009 527 2047 bonitate
548 2007 717 2054 leniret,
752 2021 822 2046 nec
845 2008 916 2060 qui
936 2019 1096 2053 omnes,
1128 2006 1275 2060 quibus
1298 2007 1418 2046 iratus
1439 2006 1551 2053 effet,
1583 2007 1668 2046 eos-

264 2075 354 2114 dem
382 2075 501 2114 etiam
529 2074 651 2112 exilio
680 2083 746 2112 aut
780 2082 908 2112 morte
940 2073 1082 2126 dignos
1109 2073 1321 2126 judicaret.
1356 2075 1480 2113 Arma
1505 2074 1553 2114 ab
1581 2074 1668 2113 aliis

265 2142 400 2194 pofita,
422 2142 509 2180 aliis
532 2151 663 2194 erepta
684 2141 787 2179 sunt.
820 2143 1000 2195 Ingratus
1023 2141 1076 2180 est
1097 2141 1340 2195 injustusque
1361 2142 1473 2188 civis,
1497 2142 1581 2195 qui,
1605 2155 1666 2180 ar-

266 2221 425 2245 morum
450 2207 626 2260 periculo
648 2206 835 2245 liberatus
852 2238 862 2253 ,
894 2208 1075 2246 animum
1106 2218 1238 2246 tamen
1270 2209 1412 2247 retinet
1441 2218 1664 2246 armatum:

266 2283 309 2311 ut
330 2274 448 2312 etiam
471 2272 538 2310 ille
560 2272 605 2310 fit
626 2273 792 2320 melior,
825 2275 892 2327 qui
927 2275 966 2312 in
989 2275 1070 2313 acie
1090 2275 1261 2319 cecidit,
1295 2275 1365 2327 qui
1386 2275 1427 2312 in
1450 2275 1560 2312 causa
1580 2274 1666 2312 ani-

267 2353 374 2378 mam
406 2337 600 2392 profudit.
634 2341 734 2392 Qae
763 2341 870 2381 enim
894 2341 1107 2394 pertinacia
1128 2341 1392 2393 quibusdam,
1424 2341 1557 2378 eadem
1580 2340 1666 2378 aliis

267 2406 497 2451 constantia,
531 2404 653 2443 videri
674 2407 812 2458 potest.
847 2407 919 2445 Sed
936 2409 1019 2460 jam
1041 2409 1171 2445 omnis
1194 2406 1314 2444 fracta
1333 2406 1510 2444 diffenfio
1530 2405 1582 2443 est
1604 2419 1664 2442 ar-

265 2473 356 2518 mis,
374 2480 413 2509 et
428 2471 600 2509 extincta
616 2472 796 2525 aequitate
818 2474 996 2512 vitiosis:
1017 2473 1144 2518 restat,
1169 2482 1211 2511 ut
1228 2485 1364 2511 omnes
1384 2486 1509 2510 unum
1526 2470 1664 2515 velint,

348 2538 599 2578 TOM.VL
1304 2538 1365 2575 Ii
