2076 2860
449 252 529 293 334
801 234 877 273 IN
937 233 1001 272 M.
1063 228 1492 271 ANTONIUM

503 343 555 380 V.
590 341 696 378 Cum
716 347 848 376 autem
869 337 999 375 omnis
1022 335 1184 374 servitus
1206 334 1259 373 est
1280 333 1445 379 misera;
1478 341 1566 371 tum
1587 344 1678 370 vero
1699 330 1847 370 intole=

447 408 569 447 rabile
589 406 641 444 est
658 405 796 444 servire
817 404 992 457 impuro,
1023 401 1244 456 impudico,
1272 400 1533 446 effoeminato,
1555 412 1776 452 nunquam,
1799 411 1851 436 ne

448 475 489 512 in
511 482 619 511 metu
642 471 820 525 quidem,
844 470 990 508 sobrio.
1013 470 1138 507 Hunc
1160 469 1282 520 igitur
1298 467 1368 519 qui
1391 466 1523 505 Gallia
1544 464 1745 519 prohibet,
1763 465 1848 518 pri-

448 549 537 578 vato
558 538 772 591 praesertim
789 536 967 581 consilio,
993 534 1163 588 judicat,
1195 533 1467 585 veriffimeque
1482 532 1652 585 judicat,
1675 545 1755 570 non
1776 531 1850 570 effe

448 605 666 643 consulem.
709 602 953 641 Faciendum
985 601 1039 638 est
1071 601 1194 653 igitur
1228 599 1357 644 nobis,
1391 599 1522 636 Patres
1544 597 1774 650 conscripti,
1805 606 1852 635 ut

448 673 504 710 D.
522 671 635 709 Bruti
656 669 854 723 privatum
876 667 1085 706 confilium
1101 666 1331 704 auctoritate
1347 664 1509 717 publica
1524 663 1850 716 comprobemus,

448 739 539 777 Nec
568 750 659 775 vero
689 736 753 774 M.
778 734 1004 773 Antonium
1037 732 1240 771 consulem
1265 730 1349 784 post
1371 730 1605 783 Lupercalia
1624 739 1760 783 putare
1781 729 1853 766 de-

450 805 604 843 buistis.
649 805 743 855 Qo
764 803 872 840 enim
902 801 970 839 ille
990 801 1068 845 die,
1100 795 1250 853 populo
1276 799 1460 837 Romano
1487 797 1742 850 inspectante,
1774 809 1852 834 nu-

451 872 547 917 dus,
580 872 746 915 unitus,
778 870 910 907 ebrius
941 868 994 906 est
1026 868 1300 910 concionatus,
1332 874 1371 903 et
1404 864 1443 902 id
1476 865 1579 917 egit,
1613 873 1657 902 ut
1691 862 1855 915 collegae

451 937 631 976 diadema
651 937 902 989 imponeret3
935 948 980 971 eo
1002 933 1064 971 die
1086 933 1121 970 se
1143 945 1221 970 non
1251 931 1371 969 modo
1392 930 1613 975 consulatu,
1645 929 1708 967 sed
1735 929 1856 967 etiam

452 1004 648 1048 libertate,
675 1002 872 1041 abdicavit
891 1016 899 1039 :
933 999 1024 1038 effet
1044 1000 1152 1037 enim
1173 998 1243 1051 ipfi
1266 1006 1369 1035 certe
1391 997 1521 1034 statim
1542 995 1804 1040 serviendum,
1827 994 1856 1033 fi

454 1070 579 1109 Caesar
599 1070 647 1107 ab
668 1083 714 1108 eo
735 1069 846 1121 regni
867 1067 1017 1119 insigne
1038 1066 1214 1118 accipere
1243 1063 1438 1101 voluisset.
1483 1063 1607 1100 Hunc
1638 1062 1761 1114 igitur
1781 1074 1856 1113 ego

453 1137 672 1182 consulem,
704 1134 813 1173 hunc
834 1135 963 1172 civem
984 1134 1230 1175 Romanum,
1261 1129 1369 1167 hunc
1391 1130 1578 1174 liberum,
1610 1128 1718 1167 hunc
1739 1128 1855 1167 denie-

454 1218 532 1258 que
552 1203 774 1248 hominem,
806 1210 944 1254 putem
962 1220 974 1245 3
1007 1200 1078 1253 qui
1099 1198 1206 1237 foedo
1228 1198 1299 1235 illo
1319 1207 1358 1235 et
1379 1196 1571 1249 flagitioso
1592 1197 1668 1241 die,
1700 1204 1739 1233 et
1759 1194 1857 1247 quid

456 1271 553 1324 pati,
586 1269 732 1308 Caesare
762 1269 866 1313 vivo,
900 1266 1036 1320 posset,
1069 1275 1107 1303 et
1136 1263 1248 1316 quid,
1280 1277 1326 1301 eo
1352 1271 1527 1307 mortuo,
1559 1262 1747 1314 consequi
1776 1260 1858 1314 ipse

457 1345 633 1389 cuperet,
665 1333 865 1373 ostendit?

514 1403 603 1441 Nec
623 1415 714 1440 vero
735 1400 781 1438 de
802 1400 963 1444 virtute,
993 1396 1224 1441 constantia,
1256 1405 1293 1433 et
1314 1395 1502 1447 gravitate
1523 1392 1735 1447 provinciae
1753 1390 1860 1431 Gal-

457 1470 521 1508 liae
542 1469 661 1507 taceri
682 1466 834 1520 potest:
868 1465 922 1503 est
942 1465 1050 1503 enim
1077 1464 1145 1502 ille
1167 1463 1237 1501 flos
1260 1462 1397 1507 Italiae,
1430 1461 1532 1499 illud
1562 1460 1861 1498 firmamentum

460 1535 618 1588 imperii
639 1533 778 1587 populi
801 1532 989 1577 Romani,
1022 1530 1125 1569 illud
1145 1537 1424 1568 ornamentum
1445 1528 1666 1580 dignitatis.
1703 1527 1862 1564 Tantus

459 1612 593 1641 autem
620 1600 673 1639 est
703 1599 910 1638 consensus
942 1597 1258 1650 municipiorum
1292 1595 1619 1646 coloniarumque
1649 1593 1863 1646 provinciae

461 1669 618 1714 Galliae,
638 1677 681 1706 ut
703 1680 839 1706 omnes
860 1666 908 1704 ad
927 1665 1200 1704 auctoritatem
1221 1662 1340 1715 hujus
1362 1661 1527 1706 ordinis,
1545 1659 1865 1713 majestatemque

463 1736 602 1789 populi
638 1735 826 1779 Romani,
859 1732 1146 1771 defendendam
1181 1728 1410 1782 conspirasse
1444 1728 1664 1766 videantur.
1704 1728 1863 1778 Qam-

463 1802 617 1846 obrem,
640 1799 816 1838 Tribuni
837 1798 980 1851 plebis,
999 1810 1227 1850 quanquam
1249 1808 1316 1833 vos
1338 1793 1441 1831 nihil
1462 1794 1586 1837 aliud,
1605 1793 1675 1831 nifi
1693 1792 1740 1830 de
1761 1805 1862 1844 prae-

465 1867 575 1911 fidi‘o,
608 1875 652 1903 ut
673 1865 850 1903 senatum
871 1873 959 1901 tuto
980 1862 1159 1900 consules
1180 1860 1369 1898 Kalendis
1392 1860 1587 1910 Januariis
1609 1858 1752 1896 habere
1772 1856 1864 1909 pos-

466 1933 564 1977 sent,
583 1929 791 1975 retulistis5
816 1938 948 1967 tamen
965 1928 1067 1966 mihi
1084 1926 1275 1966 videmini
1296 1939 1440 1977 magno
1460 1924 1640 1968 confilio,
1657 1932 1774 1975 atque
1790 1936 1863 1976 op-

466 1999 566 2036 tima
585 2005 732 2041 mente,
755 1994 987 2048 potestatem
1008 1994 1122 2031 nobis
1144 1993 1191 2030 de
1213 2000 1295 2029 tota
1315 1991 1518 2043 republica
1538 1989 1668 2028 feciffe
1688 1988 1863 2027 dicendi.

468 2065 576 2102 Cum
606 2063 714 2100 enim
744 2070 831 2099 tuto
862 2060 1039 2098 senatum
1068 2058 1203 2097 haberi
1234 2057 1311 2095 fine
1336 2057 1511 2110 praesidio
1532 2070 1611 2094 non
1634 2054 1736 2108 poffe
1752 2054 1866 2107 judi-

468 2129 650 2175 cavistis;
682 2128 784 2167 illud
806 2137 893 2166 tum
914 2126 1095 2165 statuistis
1117 2127 1251 2170 etiam,
1274 2125 1377 2162 intra
1396 2137 1530 2163 muros
1552 2122 1722 2161 Antonii
1743 2121 1869 2160 scelus

468 2197 752 2248 audaciamque
772 2194 926 2233 versari.

527 2264 601 2301 VI.
625 2261 899 2315 Qamobrem
920 2259 1054 2298 omnia
1073 2273 1158 2297 mea
1179 2258 1369 2296 sententia
1389 2256 1642 2309 complectar,
1665 2254 1793 2299 vobis,
1823 2261 1868 2291 ut

472 2330 670 2383 intelligo,
694 2342 773 2367 non
796 2327 946 2372 invitis,
969 2335 1013 2364 ut
1033 2335 1071 2363 et
1093 2324 1408 2378 praestantiffimis
1430 2323 1599 2361 ducibus
1621 2336 1641 2360 a
1662 2321 1776 2360 nobis
1797 2319 1867 2357 de-

474 2407 538 2437 tur
558 2396 782 2440 andtoritas,
813 2404 852 2434 et
872 2393 1092 2432 fortiffimis
1113 2392 1312 2430 militibus
1335 2391 1417 2443 spes
1439 2389 1662 2429 ostendatur
1683 2387 1867 2441 praemio-

474 2478 592 2510 rum3
624 2472 663 2501 et
678 2462 881 2517 judicetur
902 2474 982 2499 non
1002 2459 1138 2504 verbo,
1170 2458 1233 2496 sed
1263 2471 1317 2502 re,
1350 2471 1428 2495 non
1458 2456 1578 2495 modo
1609 2468 1688 2493 non
1715 2451 1868 2496 consul,

476 2530 539 2570 sed
571 2530 691 2569 etiam
721 2528 858 2574 hostis,
890 2526 1106 2567 Antonius.
1140 2525 1263 2570 Nam,
1296 2524 1321 2562 fi
1353 2524 1421 2562 ille
1453 2522 1605 2567 consul,
1637 2519 1871 2559 fustuarium
