2076 2860
496 160 570 213 382
847 154 923 192 IN
983 154 1046 191 M.
1109 152 1534 191 ANTONIUM

494 260 718 300 Antonium
739 256 938 300 videbitis,
957 255 1017 293 vel
1041 255 1172 306 potius
1194 254 1392 291 Antonios
1411 255 1422 291 ?
1446 254 1515 291 nisi
1537 253 1639 292 forte
1659 255 1885 293 contemni-

494 329 543 366 tis
566 327 753 365 Lucium.
796 324 884 374 Ego
906 335 952 358 ne
976 321 1117 358 Caium
1140 320 1315 372 quidem.
1359 320 1446 364 Sed,
1479 329 1522 357 ut
1542 320 1671 366 video,
1703 321 1886 359 domina-

493 394 600 431 bitur
622 391 786 429 Lucius.
821 387 889 426 Est
910 387 1017 425 enim
1039 395 1225 438 patronus
1250 400 1385 423 xxxv,
1411 386 1604 431 tribuum,
1632 401 1801 439 quarum
1821 388 1887 425 sua

491 459 591 509 lege,
623 469 700 508 qua
729 467 823 492 cum
853 454 902 491 C.
928 451 1075 490 Caesare
1100 451 1344 502 magistratus
1367 452 1532 503 partitus
1554 452 1621 497 est,
1652 452 1884 505 suffragium

490 522 671 565 sustulit3
709 529 896 573 patronus
932 518 1199 556 centuriarum
1235 518 1418 569 equitum
1453 518 1751 564 Romanorum,
1788 532 1885 571 quas

489 592 586 627 item
608 588 686 626 fine
707 586 891 638 suffragio
912 584 983 622 effe
1000 584 1147 627 voluit3
1171 592 1357 635 patronus
1375 597 1526 628 eorum,
1545 584 1614 636 qui
1631 583 1783 621 tribuni
1803 584 1883 622 mi-

488 656 618 693 litares
640 653 822 697 fuerunt;
847 660 1031 704 patronus
1049 650 1139 700 Jani
1156 649 1291 686 medii.
1317 650 1353 686 O
1373 649 1464 686 Dii!
1489 651 1578 702 quis
1600 649 1719 702 hujus
1740 658 1883 703 poten-

490 722 584 759 tiam
616 719 761 772 poterit
792 717 973 755 sustinere
995 718 1006 753 ?
1038 715 1251 768 praesertim
1279 729 1373 753 cum
1394 715 1550 753 eosdem
1571 716 1611 753 in
1633 729 1744 768 agros
1765 717 1884 754 etiam

489 787 709 826 deduxerit.
755 785 856 836 Qis
885 796 1060 836 unquam
1082 795 1218 819 omnes
1242 782 1367 819 tribus
1387 783 1400 819 Ρ
1433 783 1535 833 Qis
1557 782 1708 834 equites
1730 783 1883 820 Roma-

490 868 559 892 nos
580 856 592 892 ?
626 854 728 905 Qis
751 852 931 889 tribunos
953 849 1142 887 militares
1163 850 1174 885 ?
1209 848 1485 886 Gracchorum
1516 849 1735 900 potentiam
1754 849 1882 902 majo-

489 935 570 959 rem
588 920 699 958 fuiffe
715 917 977 961 arbitramini,
996 929 1115 967 quam
1133 914 1251 966 hujus
1273 914 1499 967 gladiatoris
1521 915 1653 952 futura
1670 915 1739 953 fit?
1762 928 1883 966 quem

487 987 745 1040 gladiatorem
775 998 854 1022 non
887 984 940 1021 ita
969 981 1177 1035 appellavi,
1211 990 1253 1019 ut
1283 981 1484 1019 interdum
1513 982 1632 1018 etiam
1659 982 1724 1019 M.
1748 982 1881 1019 Anto-

487 1055 575 1092 nius
606 1052 798 1105 gladiator
826 1050 1014 1103 appellari
1047 1048 1157 1093 solet,
1191 1048 1252 1085 sed
1286 1057 1330 1085 ut
1360 1047 1558 1099 appellant
1590 1048 1633 1092 ii,
1666 1048 1736 1100 qui
1766 1047 1883 1100 plane

485 1129 524 1158 et
545 1120 687 1158 Latine
707 1119 942 1170 loquuntur.
987 1114 1189 1152 Mirmillo
1211 1115 1251 1151 in
1273 1113 1362 1150 Afia
1382 1113 1635 1165 depugnavit.
1680 1114 1787 1151 Cum
1814 1127 1881 1152 or·-

486 1186 604 1224 naffet
625 1183 876 1223 Threcidicis
898 1181 1090 1219 comitem
1119 1190 1158 1218 et
1187 1179 1423 1217 familiarem
1452 1179 1581 1223 suum,
1613 1179 1731 1217 illum
1761 1179 1880 1218 mise-

486 1266 575 1290 rum
606 1250 827 1303 fugientem
851 1247 1079 1300 jugulavit:
1112 1245 1357 1283 luculentam
1384 1253 1513 1282 tamen
1535 1243 1615 1296 ipse
1635 1245 1793 1297 plagam
1813 1259 1880 1284 ac-

485 1319 606 1371 cepit,
639 1325 683 1354 ut
704 1315 873 1353 declarat
893 1312 1071 1365 cicatrix.

541 1384 625 1436 Qi
656 1381 892 1420 familiarem
919 1377 1128 1430 jugularit,
1160 1375 1258 1428 quid
1289 1374 1371 1420 hic,
1402 1375 1603 1413 occafione
1629 1375 1730 1421 data,
1761 1375 1881 1415 faciet

484 1449 683 1488 inimico?
715 1456 753 1485 et
782 1446 852 1499 qui
882 1443 984 1482 illud
1013 1443 1136 1481 animi
1166 1441 1277 1480 causa
1297 1440 1448 1487 fecerit,
1481 1441 1589 1479 hunc
1610 1442 1747 1494 praedae
1767 1442 1881 1480 causa

483 1516 581 1569 quid
607 1515 805 1553 facturum
826 1512 971 1565 putatis
992 1512 1005 1548 ?
1038 1524 1117 1548 non
1139 1508 1268 1547 rursus
1290 1508 1493 1561 improbos
1515 1508 1734 1546 decuriabit
1753 1509 1766 1546 ?
1798 1522 1881 1547 non

483 1580 712 1619 sollicitabit
734 1578 862 1616 rursus
883 1576 1077 1629 agrarios?
1100 1588 1179 1612 non
1196 1582 1342 1626 quaeret
1358 1573 1455 1611 urbe
1475 1573 1682 1626 expulsos?
1706 1573 1770 1612 M.
1785 1587 1879 1612 vero

481 1647 683 1686 Antonius
701 1659 781 1684 non
797 1645 829 1682 is
846 1644 935 1689 erit,
953 1642 1000 1680 ad
1017 1655 1137 1695 quem
1153 1641 1264 1680 omni
1282 1649 1394 1678 motu
1411 1640 1622 1678 concursus
1639 1639 1706 1678 fiat
1726 1640 1878 1679 civium

481 1713 760 1767 perditorum?
793 1712 852 1748 Ut
882 1723 998 1747 nemo
1029 1709 1075 1746 fit
1104 1708 1218 1753 alius,
1251 1707 1321 1744 nifi
1351 1707 1394 1751 ii,
1427 1707 1497 1758 qui
1529 1720 1606 1744 una
1635 1706 1740 1751 sunt,
1770 1714 1809 1744 et
1830 1706 1874 1752 ii,

481 1781 551 1831 qui
571 1778 638 1817 hic
654 1779 689 1816 ei
707 1790 812 1815 nunc
829 1784 959 1829 aperte
974 1774 1130 1820 favent3
1154 1786 1346 1826 parumne
1361 1782 1476 1810 erunt
1493 1773 1611 1810 multi
1627 1773 1639 1810 ?
1662 1772 1877 1825 praesertim

481 1858 575 1882 cum
603 1845 801 1881 bonorum
830 1841 1003 1894 praefidia
1031 1840 1223 1884 cesserint,
1255 1839 1316 1876 illi
1337 1839 1458 1890 parati
1481 1839 1555 1876 fint
1574 1838 1620 1876 ad
1642 1847 1786 1876 nutum
1806 1837 1875 1876 fu-

482 1911 592 1949 turi?
625 1911 714 1961 Ego
743 1921 835 1946 vero
864 1916 1023 1952 metuo,⁴
1047 1906 1072 1943 si
1102 1905 1179 1943 hoc
1210 1914 1386 1957 tempore
1413 1905 1576 1942 confilio
1597 1904 1689 1956 lapsl
1709 1905 1872 1950 erimus,

481 1990 530 2015 ne
561 1976 623 2014 illi
655 1974 763 2012 brevi
795 1983 971 2026 tempore
1002 1972 1121 2009 nimis
1149 1971 1268 2008 multi
1296 1970 1409 2007 nobis
1431 1970 1503 2008 effe
1522 1970 1741 2008 videantur.
1786 1970 1875 2008 Nec

479 2057 552 2096 ego
572 2055 710 2095 pacem
739 2040 860 2085 nolo;
894 2038 956 2077 sed
988 2039 1093 2091 pacis
1122 2038 1283 2075 nomine
1315 2036 1466 2074 bellum
1494 2037 1720 2074 involutum
1748 2035 1873 2074 refor-

481 2108 606 2147 mido.
639 2108 784 2158 Qare,
814 2107 839 2144 fi
862 2119 954 2158 pace
975 2104 1054 2143 frui
1075 2104 1258 2142 volumus
1277 2123 1288 2149 ς
1321 2103 1472 2141 bellum
1493 2103 1710 2155 gerendum
1732 2103 1812 2142 est:
1846 2102 1873 2140 fi

480 2175 635 2213 bellum
656 2173 886 2210 omittemus
905 2190 916 2216 ;
949 2184 1042 2224 pace
1064 2184 1267 2223 nunquam
1288 2169 1479 2207 fruemur.

537 2241 632 2279 VII.
656 2238 725 2277 Est
745 2246 876 2276 autem
897 2237 1010 2275 vestri
1031 2237 1198 2281 consilii,
1218 2237 1348 2274 Patres
1370 2235 1598 2287 conscripti,
1616 2235 1656 2272 in
1674 2233 1873 2288 posterum

481 2320 600 2361 quam
629 2304 853 2358 longiffime
883 2304 1100 2357 providere.
1147 2303 1301 2341 Idcirco
1331 2303 1372 2340 in
1400 2301 1473 2340 hac
1501 2301 1688 2346 custodia,
1719 2310 1757 2339 et
1780 2309 1870 2340 tan-⁴

481 2387 600 2428 quam
630 2374 671 2411 in
692 2371 862 2425 specula,
893 2370 1076 2409 collocati
1098 2370 1246 2414 sumus,
1279 2378 1323 2407 ut
1343 2383 1513 2407 vacuum
1533 2369 1643 2406 omni
1665 2376 1774 2406 metu
1794 2379 1870 2419 po-

480 2441 623 2495 pulum
654 2439 883 2478 Romanum
914 2437 1041 2477 nostra
1070 2436 1207 2489 vigilia
1237 2445 1275 2474 et
1306 2435 1585 2489 prospicientia
1604 2434 1867 2473 redderemus.
