2076 2860
428 198 505 230 220
901 178 1345 218 ORATIO

427 283 598 339 publici,
629 291 747 336 caput
780 280 903 325 urbis,
935 293 1041 318 aram
1072 278 1285 324 sociorum,
1316 287 1479 331 portum
1510 277 1695 317 omnium
1725 291 1825 332 gen-

428 351 547 397 tium,
578 349 707 388 sedem
738 347 786 386 ab
818 346 998 385 universo
1023 346 1174 400 populo
1206 346 1390 384 Romano
1418 344 1636 383 conceffam
1662 345 1734 383 uni
1760 358 1825 383 or-

429 417 529 462 dini,
561 413 812 458 inflammari,
834 411 1024 457 exscindi,
1047 411 1260 450 funestari?
1283 425 1411 464 neque
1432 411 1474 449 id
1493 410 1577 449 fieri
1597 425 1618 449 a
1637 410 1826 450 multitu-

429 483 520 521 dine
541 481 737 534 imperita‚
769 492 996 532 quanquam
1017 478 1107 516 effet
1128 478 1314 517 miserum
1336 477 1377 515 id
1398 477 1543 530 ipsum,
1565 477 1630 516 sed
1649 477 1698 515 ab
1719 490 1825 516 uno:

429 550 499 603 qui
520 562 612 587 cum
633 555 789 585 tantum
810 545 922 583 ausus
944 545 989 583 fit
1010 545 1116 583 ultor
1136 558 1208 597 pro
1228 553 1387 582 mortuo
1402 573 1413 589 ,
1445 544 1543 597 quid
1570 543 1730 596 fignifer
1757 557 1829 597 pro

429 616 518 654 vivo
550 627 631 652 non
662 613 753 652 effet
785 612 928 652 ausus?
962 613 1009 651 In
1037 612 1188 650 curiam
1214 611 1460 664 potiffimum
1486 611 1647 664 abjecit,
1678 619 1724 650 ut
1743 623 1830 649 eam

430 690 611 720 mortuus
632 678 873 724 incenderet,
905 691 1025 731 quam
1046 678 1157 715 vivus
1179 686 1381 715 everterat.

486 748 541 786 Et
573 746 664 785 sunt
696 745 766 798 qui
796 745 844 783 de
875 745 937 782 via
964 744 1096 797 Appia
1122 751 1351 796 querantur,
1383 750 1535 780 taceant
1555 741 1603 780 de
1622 742 1762 780 curia?
1793 749 1833 780 et

431 814 502 868 qui
533 813 581 852 ab
614 827 660 851 eo
692 812 860 865 spirante
888 811 1021 850 forum
1048 819 1190 864 putent
1217 809 1384 863 potuiffe
1411 807 1585 855 defendi,
1616 809 1730 861 cujus
1751 820 1833 846 non

433 879 615 918 restiterit
635 878 810 916 cadaveri
832 878 967 915 curia?
1001 876 1198 921 Excitate,
1221 876 1390 914 excitate
1410 889 1517 921 eum,
1540 874 1567 913 fi
1587 873 1763 928 potestis,
1785 873 1834 911 ab

433 945 586 984 inferis.
605 946 638 984 F
642 944 811 997 tangetis
833 944 1030 997 impetum
1046 943 1140 988 vivi,
1159 943 1271 996 cujus
1288 943 1354 980 vix
1372 941 1566 980 sustinetis
1587 940 1708 980 furias
1730 939 1833 978 inse-

433 1012 562 1066 pulti?
585 1011 657 1050 nisi
677 1024 767 1049 vero
787 1009 1019 1048 sustinuistis
1040 1022 1120 1054 eos,
1143 1009 1213 1060 qui
1234 1021 1327 1046 curn
1348 1007 1502 1046 facibus
1522 1006 1569 1045 ad
1589 1008 1741 1045 curiam
1762 1019 1835 1045 cu-

435 1086 657 1132 currerunt,
688 1091 783 1115 cum
803 1076 957 1114 facibus
983 1075 1030 1113 ad
1058 1074 1243 1119 Castoris,
1275 1087 1368 1112 cum
1388 1073 1529 1126 gladiis
1551 1082 1636 1112 toto
1655 1072 1743 1112 foro
1764 1085 1836 1110 vo-

433 1145 614 1184 litarunt.
649 1143 758 1183 Caedi
780 1143 928 1181 vidistis
950 1141 1146 1195 populum
1168 1142 1412 1185 Romanum,
1440 1140 1675 1179 concionem
1695 1138 1837 1192 gladiis

439 1210 661 1265 disturbari,
694 1223 787 1248 cum
808 1208 1008 1247 audiretur
1028 1207 1182 1245 silentio
1203 1207 1268 1245 Μ.
1293 1206 1454 1251 Caelius,
1487 1206 1670 1244 tribunus
1692 1204 1837 1258 plebis,

437 1278 497 1322 vir
517 1286 556 1314 et
575 1277 617 1315 in
638 1275 841 1330 republica
859 1273 1105 1318 fortissimus,
1131 1283 1170 1311 et
1190 1273 1231 1311 in
1252 1272 1427 1324 suscepta
1447 1271 1557 1309 causa
1577 1271 1836 1316 firmiffimus,

439 1353 478 1382 et
498 1344 696 1382 bonorum
717 1342 913 1380 voluntati
941 1350 979 1379 et
1007 1340 1228 1378 auctoritati
1255 1339 1408 1377 senatus
1430 1338 1585 1376 deditus
1601 1367 1613 1384 ,
1645 1347 1683 1376 et
1704 1338 1745 1376 in
1765 1336 1840 1376 hac

440 1410 610 1448 Milonis
633 1409 706 1447 five
726 1407 874 1446 invidia
888 1437 899 1453 ,
932 1407 1005 1445 five
1032 1406 1192 1445 fortuna
1213 1404 1423 1458 singulari,
1456 1404 1589 1442 divina
1607 1412 1647 1442 et
1667 1403 1841 1443 incredi—

440 1477 514 1514 bili
535 1476 625 1515 fide.

497 1542 694 1581 XXXIV.
728 1541 801 1579 Sed
816 1542 899 1594 jam
922 1540 1009 1578 satis
1031 1539 1158 1577 multa
1178 1538 1224 1576 de
1245 1538 1382 1576 causa-2
1415 1547 1525 1576 extra
1547 1537 1701 1576 causam
1721 1537 1841 1575 etiam

443 1610 562 1661 nimis
583 1608 737 1647 fortaffe
757 1608 897 1646 multa.
916 1606 1026 1659 Qid
1048 1606 1173 1651 restat,
1194 1605 1263 1643 nisi
1281 1614 1325 1643 ut
1345 1619 1469 1650 orem,
1492 1603 1738 1656 obtesterque
1759 1615 1843 1648 vos,

443 1674 619 1726 Judices,
653 1682 696 1712 ut
717 1687 803 1711 earn
823 1671 1133 1711 misericordiam
1154 1671 1336 1709 tribuatis
1364 1670 1573 1708 fortiffimo
1593 1669 1692 1714 viro,
1725 1681 1846 1722 quam

445 1741 523 1794 ipse
544 1755 624 1779 non
645 1740 855 1792 implorat,
889 1753 976 1791 ego,
1000 1740 1118 1777 etiam
1140 1747 1383 1791 repugnante
1404 1736 1496 1782 hoc,
1529 1746 1567 1774 et
1588 1735 1774 1789 imploro,
1807 1743 1847 1773 et

444 1806 612 1859 exposco
631 1806 644 1843 ?
677 1804 840 1849 Nolite,
873 1805 898 1841 fi
919 1805 960 1841 in
983 1803 1112 1841 nostro
1133 1804 1315 1841 omnium
1337 1803 1431 1840 fletu
1453 1802 1606 1839 null-am
1626 1801 1853 1853 lacrymam⁴

446 1871 670 1924 adspexistis
692 1870 884 1914 Milonis;
908 1869 933 1907 fi
951 1868 1108 1906 vultum
1126 1868 1275 1921 semper
1292 1868 1477 1912 eundem,
1496 1868 1522 1904 fi
1539 1881 1691 1911 vocem,
1710 1867 1736 1904 fi
1758 1879 1846 1904 ora-

448 1939 599 1977 tionem
616 1936 808 1981 stabilem,
827 1948 869 1973 ac
886 1948 966 1973 non
983 1943 1175 1972 mutatam
1196 1933 1352 1978 videtis,
1371 1932 1446 1971 hoc
1464 1933 1595 1970 minus
1617 1932 1652 1969 ei
1669 1945 1845 1984 parcere:

448 2013 566 2056 atque
586 2001 691 2040 haud
712 2001 806 2046 scio,
829 2014 876 2039 an
897 2000 1027 2039 multo
1044 2000 1163 2038 etiam
1180 1999 1224 2037 sit
1241 1998 1480 2051 adjuvandus
1503 1997 1643 2050 magis.
1667 1998 1849 2042 Etenim,

450 2069 476 2108 fi
498 2069 538 2106 in
559 2067 799 2120 gladiatoriis
821 2066 966 2120 pugnis
982 2096 992 2112 ,
1025 2075 1063 2105 et
1084 2066 1124 2104 in
1146 2065 1277 2104 infimi
1297 2065 1449 2118 generis
1472 2063 1685 2101 hominum
1707 2063 1849 2101 condi-

451 2136 558 2173 tione
588 2143 705 2186 atque
735 2132 909 2178 fortuna,
941 2132 1103 2171 timidos
1133 2141 1171 2170 et
1193 2131 1402 2185 supplices,
1435 2139 1473 2168 et
1504 2138 1547 2167 ut
1577 2129 1704 2167 vivere
1733 2129 1851 2167 liceat

451 2201 711 2245 obsecrantes,
743 2200 861 2238 etiam
892 2198 1011 2237 odiffe
1042 2198 1240 2244 solemus,
1273 2197 1394 2236 fortes
1427 2206 1465 2235 et
1496 2195 1713 2241 animosos,
1745 2205 1784 2233 et
1815 2195 1854 2234 se

452 2268 591 2306 acriter
611 2266 713 2319 ipsos
735 2267 855 2304 morti
876 2265 1100 2311 offerentes,
1132 2265 1276 2304 servare
1297 2265 1508 2317 cupimus5
1541 2275 1758 2315 eorumque
1779 2275 1851 2300 nos

452 2335 577 2386 magis
599 2331 770 2378 miseret,
788 2333 857 2385 qui
880 2331 1048 2371 nostram
1063 2331 1370 2370 misericordiam
1393 2344 1470 2368 non
1494 2330 1713 2381 requirunt,
1732 2342 1852 2381 quam

455 2401 525 2454 qui
546 2399 656 2437 illam
676 2397 920 2450 efflagitant:
953 2407 1102 2452 quanto
1127 2396 1205 2437 hoc
1236 2397 1360 2449 magis
1392 2397 1432 2435 in
1461 2395 1677 2434 fortiffimis
1699 2395 1854 2433 civibus

456 2466 581 2505 facere
601 2465 788 2504 debemus
809 2466 821 2502 ?
