<?xml version="1.0" encoding="UTF-8"?>
<!DOCTYPE html PUBLIC "-//W3C//DTD XHTML 1.0 Transitional//EN"
    "http://www.w3.org/TR/xhtml1/DTD/xhtml1-transitional.dtd">
<html xmlns="http://www.w3.org/1999/xhtml" xml:lang="en" lang="en">
 <head>
  <title>
</title>
<meta http-equiv="Content-Type" content="text/html;charset=utf-8" />
  <meta name='ocr-system' content='tesseract 3.04.00' />
  <meta name='ocr-capabilities' content='ocr_page ocr_carea ocr_par ocr_line ocrx_word'/>
</head>
<body>
  <div class='ocr_page' id='page_1' title='image "./operacumindicibu06ciceuoft_0314.png"; bbox 0 0 2076 2860; ppageno 0'>
   <div class='ocr_carea' id='block_1_1' title="bbox 491 180 1528 262">
    <p class='ocr_par' dir='ltr' id='par_1_1' title="bbox 491 180 1528 262">
     <span class='ocr_line' id='line_1_1' title="bbox 491 180 1528 262; baseline -0.007 -13"><span class='ocrx_word' id='word_1_1' title='bbox 491 224 568 262; x_wconf 48' lang='grc' dir='ltr'>Ἥ</span> <span class='ocrx_word' id='word_1_2' title='bbox 840 205 916 245; x_wconf 88' lang='lat' dir='ltr'><strong>IN</strong></span> <span class='ocrx_word' id='word_1_3' title='bbox 976 204 1040 243; x_wconf 88' lang='lat' dir='ltr'><strong>M.</strong></span> <span class='ocrx_word' id='word_1_4' title='bbox 1102 180 1528 243; x_wconf 66' lang='grc' dir='ltr'>ΑΝΤΟΝῙΠΜ</span> 
     </span>
    </p>
   </div>
   <div class='ocr_carea' id='block_1_2' title="bbox 490 243 509 264">
    <p class='ocr_par' dir='ltr' id='par_1_2' title="bbox 490 243 509 264">
     <span class='ocr_line' id='line_1_2' title="bbox 490 243 509 264; baseline 0 0"><span class='ocrx_word' id='word_1_5' title='bbox 490 243 509 264; x_wconf 72' lang='lat'><em>0</em></span> 
     </span>
    </p>
   </div>
   <div class='ocr_carea' id='block_1_3' title="bbox 449 303 1883 2541">
    <p class='ocr_par' dir='ltr' id='par_1_3' title="bbox 482 303 1883 876">
     <span class='ocr_line' id='line_1_3' title="bbox 485 303 1882 360; baseline -0.003 -10"><span class='ocrx_word' id='word_1_6' title='bbox 485 312 634 351; x_wconf 82' lang='lat' dir='ltr'><strong>viderat</strong></span> <span class='ocrx_word' id='word_1_7' title='bbox 649 340 659 354; x_wconf 96' lang='lat'>‚</span> <span class='ocrx_word' id='word_1_8' title='bbox 691 321 733 347; x_wconf 88' lang='lat' dir='ltr'><strong>ac</strong></span> <span class='ocrx_word' id='word_1_9' title='bbox 754 321 960 360; x_wconf 86' lang='lat' dir='ltr'><strong>nunquam</strong></span> <span class='ocrx_word' id='word_1_10' title='bbox 981 306 1209 345; x_wconf 86' lang='lat' dir='ltr'><strong>salutaverat</strong></span> <span class='ocrx_word' id='word_1_11' title='bbox 1224 335 1234 351; x_wconf 93' lang='lat'><strong>,</strong></span> <span class='ocrx_word' id='word_1_12' title='bbox 1267 304 1363 343; x_wconf 91' lang='lat' dir='ltr'><strong>fecit</strong></span> <span class='ocrx_word' id='word_1_13' title='bbox 1392 303 1590 343; x_wconf 85' lang='lat' dir='ltr'><strong>heredem.</strong></span> <span class='ocrx_word' id='word_1_14' title='bbox 1625 304 1759 344; x_wconf 85' lang='lat' dir='ltr'><strong>Velim</strong></span> <span class='ocrx_word' id='word_1_15' title='bbox 1780 306 1882 346; x_wconf 89' lang='lat' dir='ltr'><strong>mihi</strong></span> 
     </span>
     <span class='ocr_line' id='line_1_4' title="bbox 487 370 1883 426; baseline -0.004 -9"><span class='ocrx_word' id='word_1_16' title='bbox 487 379 617 422; x_wconf 83' lang='lat' dir='ltr'><strong>dicas,</strong></span> <span class='ocrx_word' id='word_1_17' title='bbox 650 376 720 414; x_wconf 90' lang='lat' dir='ltr'><strong>nis1</strong></span> <span class='ocrx_word' id='word_1_18' title='bbox 748 373 959 412; x_wconf 90' lang='lat' dir='ltr'><strong>molestum</strong></span> <span class='ocrx_word' id='word_1_19' title='bbox 988 373 1067 418; x_wconf 91' lang='lat' dir='ltr'><strong>est,</strong></span> <span class='ocrx_word' id='word_1_20' title='bbox 1101 373 1149 410; x_wconf 90' lang='lat' dir='ltr'><strong>L.</strong></span> <span class='ocrx_word' id='word_1_21' title='bbox 1174 371 1379 410; x_wconf 86' lang='lat' dir='ltr'><strong>Turselius</strong></span> <span class='ocrx_word' id='word_1_22' title='bbox 1402 385 1479 424; x_wconf 89' lang='lat' dir='ltr'><strong>qua</strong></span> <span class='ocrx_word' id='word_1_23' title='bbox 1497 370 1597 410; x_wconf 86' lang='lat' dir='ltr'><strong>facie</strong></span> <span class='ocrx_word' id='word_1_24' title='bbox 1627 370 1772 418; x_wconf 89' lang='lat' dir='ltr'><strong>fuerit,</strong></span> <span class='ocrx_word' id='word_1_25' title='bbox 1805 387 1883 426; x_wconf 85' lang='lat' dir='ltr'><strong>qua</strong></span> 
     </span>
     <span class='ocr_line' id='line_1_5' title="bbox 486 435 1881 493; baseline -0.003 -12"><span class='ocrx_word' id='word_1_26' title='bbox 486 444 640 486; x_wconf 82' lang='lat' dir='ltr'><strong>statura,</strong></span> <span class='ocrx_word' id='word_1_27' title='bbox 673 454 752 493; x_wconf 86' lang='lat' dir='ltr'><strong>quo</strong></span> <span class='ocrx_word' id='word_1_28' title='bbox 785 438 1023 491; x_wconf 90' lang='lat' dir='ltr'><strong>municipio,</strong></span> <span class='ocrx_word' id='word_1_29' title='bbox 1056 451 1134 490; x_wconf 82' lang='lat' dir='ltr'><strong>qua</strong></span> <span class='ocrx_word' id='word_1_30' title='bbox 1163 437 1284 475; x_wconf 89' lang='lat' dir='ltr'><strong>tribu.</strong></span> <span class='ocrx_word' id='word_1_31' title='bbox 1330 435 1449 475; x_wconf 89' lang='lat' dir='ltr'><strong>Nihil</strong></span> <span class='ocrx_word' id='word_1_32' title='bbox 1480 437 1572 482; x_wconf 91' lang='lat' dir='ltr'><strong>scio,</strong></span> <span class='ocrx_word' id='word_1_33' title='bbox 1606 437 1776 490; x_wconf 85' lang='lat' dir='ltr'><strong>inquies,</strong></span> <span class='ocrx_word' id='word_1_34' title='bbox 1809 439 1881 477; x_wconf 75' lang='lat' dir='ltr'><strong>nisi</strong></span> 
     </span>
     <span class='ocr_line' id='line_1_6' title="bbox 485 501 1883 561; baseline -0.002 -16"><span class='ocrx_word' id='word_1_35' title='bbox 485 523 570 561; x_wconf 79' lang='lat' dir='ltr'><strong>quae</strong></span> <span class='ocrx_word' id='word_1_36' title='bbox 603 506 746 559; x_wconf 82' lang='lat' dir='ltr'><strong>praedia</strong></span> <span class='ocrx_word' id='word_1_37' title='bbox 771 504 968 542; x_wconf 85' lang='lat' dir='ltr'><strong>habuerit.</strong></span> <span class='ocrx_word' id='word_1_38' title='bbox 1012 504 1140 555; x_wconf 87' lang='lat' dir='ltr'><strong>Igitur</strong></span> <span class='ocrx_word' id='word_1_39' title='bbox 1167 502 1329 541; x_wconf 87' lang='lat' dir='ltr'><strong>fratrem</strong></span> <span class='ocrx_word' id='word_1_40' title='bbox 1359 501 1613 548; x_wconf 83' lang='lat' dir='ltr'><strong>exheredans,</strong></span> <span class='ocrx_word' id='word_1_41' title='bbox 1646 513 1683 541; x_wconf 88' lang='lat' dir='ltr'><strong>te</strong></span> <span class='ocrx_word' id='word_1_42' title='bbox 1712 503 1883 542; x_wconf 79' lang='lat' dir='ltr'><strong>faciebat</strong></span> 
     </span>
     <span class='ocr_line' id='line_1_7' title="bbox 483 568 1879 622; baseline -0.002 -11"><span class='ocrx_word' id='word_1_43' title='bbox 483 572 683 612; x_wconf 85' lang='lat' dir='ltr'><strong>heredem.</strong></span> <span class='ocrx_word' id='word_1_44' title='bbox 722 572 768 609; x_wconf 93' lang='lat' dir='ltr'><strong>In</strong></span> <span class='ocrx_word' id='word_1_45' title='bbox 799 570 943 608; x_wconf 90' lang='lat' dir='ltr'><strong>multas</strong></span> <span class='ocrx_word' id='word_1_46' title='bbox 976 578 1158 622; x_wconf 89' lang='lat' dir='ltr'><strong>praeterea</strong></span> <span class='ocrx_word' id='word_1_47' title='bbox 1187 568 1371 621; x_wconf 86' lang='lat' dir='ltr'><strong>pecunias</strong></span> <span class='ocrx_word' id='word_1_48' title='bbox 1401 568 1724 606; x_wconf 77' lang='lat' dir='ltr'><strong>alieniffimorum</strong></span> <span class='ocrx_word' id='word_1_49' title='bbox 1744 568 1879 608; x_wconf 90' lang='lat' dir='ltr'><strong>homi-</strong></span> 
     </span>
     <span class='ocr_line' id='line_1_8' title="bbox 483 624 1878 691; baseline -0.002 -14"><span class='ocrx_word' id='word_1_50' title='bbox 483 653 607 683; x_wconf 87' lang='lat' dir='ltr'><strong>num,</strong></span> <span class='ocrx_word' id='word_1_51' title='bbox 644 637 775 691; x_wconf 68' lang='lat' dir='ltr'><strong>ejectis</strong></span> <span class='ocrx_word' id='word_1_52' title='bbox 808 636 907 674; x_wconf 90' lang='lat' dir='ltr'><strong>veris</strong></span> <span class='ocrx_word' id='word_1_53' title='bbox 940 634 1178 679; x_wconf 87' lang='lat' dir='ltr'><strong>heredibus,</strong></span> <span class='ocrx_word' id='word_1_54' title='bbox 1215 643 1403 685; x_wconf 83' lang='lat' dir='ltr'><strong>tanquam</strong></span> <span class='ocrx_word' id='word_1_55' title='bbox 1435 632 1545 671; x_wconf 88' lang='lat' dir='ltr'><strong>heres</strong></span> <span class='ocrx_word' id='word_1_56' title='bbox 1578 624 1878 679; x_wconf 42' lang='lat' dir='ltr'><strong>effetsinvafit.</strong></span> 
     </span>
     <span class='ocr_line' id='line_1_9' title="bbox 483 699 1878 757; baseline -0.002 -15"><span class='ocrx_word' id='word_1_57' title='bbox 483 706 725 757; x_wconf 85' lang='lat' dir='ltr'><strong>Qanquam</strong></span> <span class='ocrx_word' id='word_1_58' title='bbox 755 701 832 740; x_wconf 91' lang='lat' dir='ltr'><strong>hoc</strong></span> <span class='ocrx_word' id='word_1_59' title='bbox 863 702 1035 739; x_wconf 85' lang='lat' dir='ltr'><strong>maxime</strong></span> <span class='ocrx_word' id='word_1_60' title='bbox 1060 700 1273 738; x_wconf 85' lang='lat' dir='ltr'><strong>admiratus</strong></span> <span class='ocrx_word' id='word_1_61' title='bbox 1296 699 1382 736; x_wconf 88' lang='lat' dir='ltr'><strong>sum</strong></span> <span class='ocrx_word' id='word_1_62' title='bbox 1397 728 1408 744; x_wconf 92' lang='lat'><strong>,</strong></span> <span class='ocrx_word' id='word_1_63' title='bbox 1441 700 1686 738; x_wconf 86' lang='lat' dir='ltr'><strong>mentionem</strong></span> <span class='ocrx_word' id='word_1_64' title='bbox 1709 709 1745 738; x_wconf 93' lang='lat' dir='ltr'><strong>te</strong></span> <span class='ocrx_word' id='word_1_65' title='bbox 1765 699 1878 739; x_wconf 90' lang='lat' dir='ltr'><strong>here-</strong></span> 
     </span>
     <span class='ocr_line' id='line_1_10' title="bbox 483 764 1880 819; baseline -0.001 -11"><span class='ocrx_word' id='word_1_66' title='bbox 483 771 655 809; x_wconf 84' lang='lat' dir='ltr'><strong>ditatum</strong></span> <span class='ocrx_word' id='word_1_67' title='bbox 684 769 821 807; x_wconf 88' lang='lat' dir='ltr'><strong>ausum</strong></span> <span class='ocrx_word' id='word_1_68' title='bbox 848 767 919 806; x_wconf 82' lang='lat' dir='ltr'><strong>effe</strong></span> <span class='ocrx_word' id='word_1_69' title='bbox 940 766 1092 812; x_wconf 88' lang='lat' dir='ltr'><strong>facere,</strong></span> <span class='ocrx_word' id='word_1_70' title='bbox 1127 780 1220 805; x_wconf 90' lang='lat' dir='ltr'><strong>cum</strong></span> <span class='ocrx_word' id='word_1_71' title='bbox 1250 765 1331 818; x_wconf 89' lang='lat' dir='ltr'><strong>ipse</strong></span> <span class='ocrx_word' id='word_1_72' title='bbox 1359 764 1619 804; x_wconf 85' lang='lat' dir='ltr'><strong>hereditatem</strong></span> <span class='ocrx_word' id='word_1_73' title='bbox 1649 768 1769 819; x_wconf 87' lang='lat' dir='ltr'><strong>patris</strong></span> <span class='ocrx_word' id='word_1_74' title='bbox 1799 780 1880 806; x_wconf 86' lang='lat' dir='ltr'><strong>non</strong></span> 
     </span>
     <span class='ocr_line' id='line_1_11' title="bbox 482 837 631 876; baseline 0.007 -2"><span class='ocrx_word' id='word_1_75' title='bbox 482 837 631 876; x_wconf 84' lang='lat' dir='ltr'><strong>adisses.</strong></span> 
     </span>
    </p>

    <p class='ocr_par' dir='ltr' id='par_1_4' title="bbox 481 898 1881 1485">
     <span class='ocr_line' id='line_1_12' title="bbox 539 898 1879 953; baseline -0.004 -12"><span class='ocrx_word' id='word_1_76' title='bbox 539 903 676 942; x_wconf 91' lang='lat' dir='ltr'><strong>XVII.</strong></span> <span class='ocrx_word' id='word_1_77' title='bbox 711 902 810 940; x_wconf 77' lang='lat' dir='ltr'><strong>Haec</strong></span> <span class='ocrx_word' id='word_1_78' title='bbox 842 910 885 939; x_wconf 92' lang='lat' dir='ltr'><strong>ut</strong></span> <span class='ocrx_word' id='word_1_79' title='bbox 914 900 1147 953; x_wconf 83' lang='lat' dir='ltr'><strong>colligeres,</strong></span> <span class='ocrx_word' id='word_1_80' title='bbox 1179 898 1301 937; x_wconf 89' lang='lat' dir='ltr'><strong>homo</strong></span> <span class='ocrx_word' id='word_1_81' title='bbox 1330 899 1614 944; x_wconf 82' lang='lat' dir='ltr'><strong>amentiffime,</strong></span> <span class='ocrx_word' id='word_1_82' title='bbox 1648 907 1706 937; x_wconf 92' lang='lat' dir='ltr'><strong>tot</strong></span> <span class='ocrx_word' id='word_1_83' title='bbox 1726 899 1807 937; x_wconf 89' lang='lat' dir='ltr'><strong>dies</strong></span> <span class='ocrx_word' id='word_1_84' title='bbox 1838 899 1879 937; x_wconf 89' lang='lat' dir='ltr'><strong>in</strong></span> 
     </span>
     <span class='ocr_line' id='line_1_13' title="bbox 482 964 1878 1018; baseline -0.004 -11"><span class='ocrx_word' id='word_1_85' title='bbox 482 970 608 1008; x_wconf 83' lang='lat' dir='ltr'><strong>aliena</strong></span> <span class='ocrx_word' id='word_1_86' title='bbox 627 968 722 1007; x_wconf 86' lang='lat' dir='ltr'><strong>villa</strong></span> <span class='ocrx_word' id='word_1_87' title='bbox 741 967 964 1005; x_wconf 87' lang='lat' dir='ltr'><strong>declamasti</strong></span> <span class='ocrx_word' id='word_1_88' title='bbox 982 968 995 1004; x_wconf 90' lang='lat'>?</span> <span class='ocrx_word' id='word_1_89' title='bbox 1071 979 1269 1018; x_wconf 85' lang='lat' dir='ltr'><strong>uanquam</strong></span> <span class='ocrx_word' id='word_1_90' title='bbox 1290 974 1332 1003; x_wconf 88' lang='lat' dir='ltr'><strong>tu</strong></span> <span class='ocrx_word' id='word_1_91' title='bbox 1354 965 1532 1018; x_wconf 91' lang='lat' dir='ltr'><strong>quidem,</strong></span> <span class='ocrx_word' id='word_1_92' title='bbox 1563 974 1605 1003; x_wconf 91' lang='lat' dir='ltr'><strong>ut</strong></span> <span class='ocrx_word' id='word_1_93' title='bbox 1627 966 1685 1003; x_wconf 90' lang='lat' dir='ltr'><strong>tui</strong></span> <span class='ocrx_word' id='word_1_94' title='bbox 1704 964 1878 1003; x_wconf 88' lang='lat' dir='ltr'><strong>familia-</strong></span> 
     </span>
     <span class='ocr_line' id='line_1_14' title="bbox 484 1031 1881 1083; baseline -0.004 -9"><span class='ocrx_word' id='word_1_95' title='bbox 484 1036 621 1074; x_wconf 87' lang='lat' dir='ltr'><strong>riffimi</strong></span> <span class='ocrx_word' id='word_1_96' title='bbox 646 1035 854 1079; x_wconf 62' lang='lat' dir='ltr'><strong>dictitant,</strong></span> <span class='ocrx_word' id='word_1_97' title='bbox 886 1033 969 1071; x_wconf 90' lang='lat' dir='ltr'><strong>vini</strong></span> <span class='ocrx_word' id='word_1_98' title='bbox 996 1031 1230 1076; x_wconf 85' lang='lat' dir='ltr'><strong>exhalandi,</strong></span> <span class='ocrx_word' id='word_1_99' title='bbox 1263 1045 1341 1069; x_wconf 89' lang='lat' dir='ltr'><strong>non</strong></span> <span class='ocrx_word' id='word_1_100' title='bbox 1369 1032 1521 1083; x_wconf 86' lang='lat' dir='ltr'><strong>ingenii</strong></span> <span class='ocrx_word' id='word_1_101' title='bbox 1547 1031 1739 1076; x_wconf 87' lang='lat' dir='ltr'><strong>acuendi,</strong></span> <span class='ocrx_word' id='word_1_102' title='bbox 1769 1031 1881 1069; x_wconf 87' lang='lat' dir='ltr'><strong>causa</strong></span> 
     </span>
     <span class='ocr_line' id='line_1_15' title="bbox 483 1096 1877 1149; baseline -0.004 -9"><span class='ocrx_word' id='word_1_103' title='bbox 483 1102 692 1140; x_wconf 85' lang='lat' dir='ltr'><strong>declamas.</strong></span> <span class='ocrx_word' id='word_1_104' title='bbox 722 1101 775 1138; x_wconf 87' lang='lat' dir='ltr'><strong>Et</strong></span> <span class='ocrx_word' id='word_1_105' title='bbox 796 1113 886 1138; x_wconf 89' lang='lat' dir='ltr'><strong>vero</strong></span> <span class='ocrx_word' id='word_1_106' title='bbox 907 1097 1068 1137; x_wconf 88' lang='lat' dir='ltr'><strong>adhibes</strong></span> <span class='ocrx_word' id='word_1_107' title='bbox 1085 1098 1168 1149; x_wconf 91' lang='lat' dir='ltr'><strong>joci</strong></span> <span class='ocrx_word' id='word_1_108' title='bbox 1189 1096 1301 1134; x_wconf 88' lang='lat' dir='ltr'><strong>causa</strong></span> <span class='ocrx_word' id='word_1_109' title='bbox 1320 1097 1564 1149; x_wconf 85' lang='lat' dir='ltr'><strong>magistrum,</strong></span> <span class='ocrx_word' id='word_1_110' title='bbox 1587 1096 1772 1149; x_wconf 85' lang='lat' dir='ltr'><strong>suffragio</strong></span> <span class='ocrx_word' id='word_1_111' title='bbox 1794 1106 1877 1142; x_wconf 91' lang='lat' dir='ltr'><strong>tuo,</strong></span> 
     </span>
     <span class='ocr_line' id='line_1_16' title="bbox 481 1162 1875 1220; baseline -0.004 -14"><span class='ocrx_word' id='word_1_112' title='bbox 481 1177 521 1206; x_wconf 89' lang='lat' dir='ltr'><strong>et</strong></span> <span class='ocrx_word' id='word_1_113' title='bbox 542 1175 822 1220; x_wconf 90' lang='lat' dir='ltr'><strong>compotorum</strong></span> <span class='ocrx_word' id='word_1_114' title='bbox 854 1174 1036 1209; x_wconf 89' lang='lat' dir='ltr'><strong>tuorum,</strong></span> <span class='ocrx_word' id='word_1_115' title='bbox 1070 1163 1295 1201; x_wconf 87' lang='lat' dir='ltr'><strong>rhetorem:</strong></span> <span class='ocrx_word' id='word_1_116' title='bbox 1327 1163 1394 1200; x_wconf 90' lang='lat' dir='ltr'><strong>cui</strong></span> <span class='ocrx_word' id='word_1_117' title='bbox 1415 1162 1655 1208; x_wconf 86' lang='lat' dir='ltr'><strong>conceffisti,</strong></span> <span class='ocrx_word' id='word_1_118' title='bbox 1687 1172 1732 1200; x_wconf 89' lang='lat' dir='ltr'><strong>ut</strong></span> <span class='ocrx_word' id='word_1_119' title='bbox 1758 1163 1800 1200; x_wconf 90' lang='lat' dir='ltr'><strong>in</strong></span> <span class='ocrx_word' id='word_1_120' title='bbox 1822 1173 1875 1208; x_wconf 92' lang='lat' dir='ltr'><strong>te,</strong></span> 
     </span>
     <span class='ocr_line' id='line_1_17' title="bbox 483 1228 1879 1286; baseline -0.005 -14"><span class='ocrx_word' id='word_1_121' title='bbox 483 1248 570 1286; x_wconf 80' lang='lat' dir='ltr'><strong>quae</strong></span> <span class='ocrx_word' id='word_1_122' title='bbox 602 1233 734 1277; x_wconf 91' lang='lat' dir='ltr'><strong>vellet,</strong></span> <span class='ocrx_word' id='word_1_123' title='bbox 767 1231 927 1269; x_wconf 86' lang='lat' dir='ltr'><strong>diceret.</strong></span> <span class='ocrx_word' id='word_1_124' title='bbox 973 1229 1124 1267; x_wconf 86' lang='lat' dir='ltr'><strong>Salsum</strong></span> <span class='ocrx_word' id='word_1_125' title='bbox 1155 1229 1320 1266; x_wconf 87' lang='lat' dir='ltr'><strong>omnino</strong></span> <span class='ocrx_word' id='word_1_126' title='bbox 1352 1228 1584 1266; x_wconf 83' lang='lat' dir='ltr'><strong>hominem!</strong></span> <span class='ocrx_word' id='word_1_127' title='bbox 1622 1228 1686 1265; x_wconf 90' lang='lat' dir='ltr'><strong>sed</strong></span> <span class='ocrx_word' id='word_1_128' title='bbox 1717 1229 1879 1266; x_wconf 89' lang='lat' dir='ltr'><strong>materia</strong></span> 
     </span>
     <span class='ocr_line' id='line_1_18' title="bbox 482 1293 1879 1342; baseline -0.004 -5"><span class='ocrx_word' id='word_1_129' title='bbox 482 1299 611 1337; x_wconf 82' lang='lat' dir='ltr'><strong>facilis</strong></span> <span class='ocrx_word' id='word_1_130' title='bbox 632 1298 685 1337; x_wconf 89' lang='lat' dir='ltr'><strong>est</strong></span> <span class='ocrx_word' id='word_1_131' title='bbox 706 1299 746 1335; x_wconf 93' lang='lat' dir='ltr'><strong>in</strong></span> <span class='ocrx_word' id='word_1_132' title='bbox 769 1307 821 1342; x_wconf 85' lang='lat' dir='ltr'><strong>te,</strong></span> <span class='ocrx_word' id='word_1_133' title='bbox 852 1306 891 1334; x_wconf 87' lang='lat' dir='ltr'><strong>et</strong></span> <span class='ocrx_word' id='word_1_134' title='bbox 913 1297 953 1334; x_wconf 91' lang='lat' dir='ltr'><strong>in</strong></span> <span class='ocrx_word' id='word_1_135' title='bbox 975 1305 1079 1339; x_wconf 84' lang='lat' dir='ltr'><strong>tuos,</strong></span> <span class='ocrx_word' id='word_1_136' title='bbox 1111 1294 1214 1331; x_wconf 70' lang='lat' dir='ltr'><strong>dicta</strong></span> <span class='ocrx_word' id='word_1_137' title='bbox 1234 1294 1376 1331; x_wconf 87' lang='lat' dir='ltr'><strong>dicere.</strong></span> <span class='ocrx_word' id='word_1_138' title='bbox 1416 1293 1517 1330; x_wconf 91' lang='lat' dir='ltr'><strong>Vide</strong></span> <span class='ocrx_word' id='word_1_139' title='bbox 1537 1301 1685 1338; x_wconf 90' lang='lat' dir='ltr'><strong>autem,</strong></span> <span class='ocrx_word' id='word_1_140' title='bbox 1717 1294 1820 1331; x_wconf 86' lang='lat' dir='ltr'><strong>inter</strong></span> <span class='ocrx_word' id='word_1_141' title='bbox 1839 1303 1879 1333; x_wconf 90' lang='lat' dir='ltr'><strong>te</strong></span> 
     </span>
     <span class='ocr_line' id='line_1_19' title="bbox 481 1358 1877 1414; baseline -0.004 -9"><span class='ocrx_word' id='word_1_142' title='bbox 481 1376 521 1404; x_wconf 87' lang='lat' dir='ltr'><strong>et</strong></span> <span class='ocrx_word' id='word_1_143' title='bbox 541 1380 657 1404; x_wconf 86' lang='lat' dir='ltr'><strong>avum</strong></span> <span class='ocrx_word' id='word_1_144' title='bbox 679 1374 794 1403; x_wconf 88' lang='lat' dir='ltr'><strong>tuum</strong></span> <span class='ocrx_word' id='word_1_145' title='bbox 821 1362 920 1414; x_wconf 89' lang='lat' dir='ltr'><strong>quid</strong></span> <span class='ocrx_word' id='word_1_146' title='bbox 952 1360 1116 1399; x_wconf 87' lang='lat' dir='ltr'><strong>interfit.</strong></span> <span class='ocrx_word' id='word_1_147' title='bbox 1161 1360 1235 1398; x_wconf 89' lang='lat' dir='ltr'><strong>Ille</strong></span> <span class='ocrx_word' id='word_1_148' title='bbox 1255 1359 1393 1398; x_wconf 86' lang='lat' dir='ltr'><strong>senfim</strong></span> <span class='ocrx_word' id='word_1_149' title='bbox 1416 1358 1570 1397; x_wconf 87' lang='lat' dir='ltr'><strong>dicebat</strong></span> <span class='ocrx_word' id='word_1_150' title='bbox 1585 1388 1597 1404; x_wconf 91' lang='lat'><em>‚</em></span> <span class='ocrx_word' id='word_1_151' title='bbox 1629 1360 1737 1412; x_wconf 88' lang='lat' dir='ltr'><strong>quod</strong></span> <span class='ocrx_word' id='word_1_152' title='bbox 1757 1359 1877 1400; x_wconf 87' lang='lat' dir='ltr'><strong>causae</strong></span> 
     </span>
     <span class='ocr_line' id='line_1_20' title="bbox 481 1426 1221 1485; baseline -0.008 -14"><span class='ocrx_word' id='word_1_153' title='bbox 481 1431 671 1485; x_wconf 84' lang='lat' dir='ltr'><strong>prodeffet</strong></span> <span class='ocrx_word' id='word_1_154' title='bbox 688 1450 701 1476; x_wconf 65' lang='grc' dir='ltr'>ς</span> <span class='ocrx_word' id='word_1_155' title='bbox 734 1439 776 1467; x_wconf 90' lang='lat' dir='ltr'><strong>tu</strong></span> <span class='ocrx_word' id='word_1_156' title='bbox 799 1428 941 1467; x_wconf 79' lang='lat' dir='ltr'><strong>cursim</strong></span> <span class='ocrx_word' id='word_1_157' title='bbox 962 1427 1061 1465; x_wconf 88' lang='lat' dir='ltr'><strong>dicis</strong></span> <span class='ocrx_word' id='word_1_158' title='bbox 1082 1426 1221 1465; x_wconf 88' lang='lat' dir='ltr'><strong>aliena.</strong></span> 
     </span>
    </p>

    <p class='ocr_par' dir='ltr' id='par_1_5' title="bbox 477 1492 1877 2344">
     <span class='ocr_line' id='line_1_21' title="bbox 537 1492 1877 1550; baseline -0.003 -14"><span class='ocrx_word' id='word_1_159' title='bbox 537 1501 593 1536; x_wconf 90' lang='lat' dir='ltr'><strong>At</strong></span> <span class='ocrx_word' id='word_1_160' title='bbox 621 1506 766 1550; x_wconf 87' lang='lat' dir='ltr'><strong>quanta</strong></span> <span class='ocrx_word' id='word_1_161' title='bbox 792 1509 941 1534; x_wconf 87' lang='lat' dir='ltr'><strong>merces</strong></span> <span class='ocrx_word' id='word_1_162' title='bbox 970 1494 1118 1533; x_wconf 87' lang='lat' dir='ltr'><strong>rhetori</strong></span> <span class='ocrx_word' id='word_1_163' title='bbox 1146 1492 1233 1531; x_wconf 87' lang='lat' dir='ltr'><strong>data</strong></span> <span class='ocrx_word' id='word_1_164' title='bbox 1253 1492 1336 1531; x_wconf 86' lang='lat' dir='ltr'><strong>est?</strong></span> <span class='ocrx_word' id='word_1_165' title='bbox 1370 1493 1534 1538; x_wconf 79' lang='lat' dir='ltr'><strong>Audite,</strong></span> <span class='ocrx_word' id='word_1_166' title='bbox 1566 1492 1710 1539; x_wconf 84' lang='lat' dir='ltr'><strong>audite,</strong></span> <span class='ocrx_word' id='word_1_167' title='bbox 1744 1494 1877 1532; x_wconf 86' lang='lat' dir='ltr'><strong>Patres</strong></span> 
     </span>
     <span class='ocr_line' id='line_1_22' title="bbox 480 1559 1875 1616; baseline -0.004 -13"><span class='ocrx_word' id='word_1_168' title='bbox 480 1565 710 1616; x_wconf 86' lang='lat' dir='ltr'><strong>conscripti,</strong></span> <span class='ocrx_word' id='word_1_169' title='bbox 734 1572 771 1601; x_wconf 87' lang='lat' dir='ltr'><strong>et</strong></span> <span class='ocrx_word' id='word_1_170' title='bbox 793 1561 1018 1614; x_wconf 86' lang='lat' dir='ltr'><strong>cognoscite</strong></span> <span class='ocrx_word' id='word_1_171' title='bbox 1039 1559 1268 1613; x_wconf 69' lang='lat' dir='ltr'><strong>reipublicae</strong></span> <span class='ocrx_word' id='word_1_172' title='bbox 1288 1559 1462 1598; x_wconf 87' lang='lat' dir='ltr'><strong>vulnera.</strong></span> <span class='ocrx_word' id='word_1_173' title='bbox 1496 1560 1591 1597; x_wconf 92' lang='lat' dir='ltr'><strong>Duo</strong></span> <span class='ocrx_word' id='word_1_174' title='bbox 1612 1560 1875 1612; x_wconf 85' lang='lat' dir='ltr'><strong>milliajuge-</strong></span> 
     </span>
     <span class='ocr_line' id='line_1_23' title="bbox 480 1624 1877 1682; baseline -0.004 -13"><span class='ocrx_word' id='word_1_175' title='bbox 480 1645 570 1669; x_wconf 86' lang='lat' dir='ltr'><strong>rum</strong></span> <span class='ocrx_word' id='word_1_176' title='bbox 591 1630 722 1682; x_wconf 80' lang='lat' dir='ltr'><strong>campi</strong></span> <span class='ocrx_word' id='word_1_177' title='bbox 743 1628 933 1667; x_wconf 90' lang='lat' dir='ltr'><strong>Leontini</strong></span> <span class='ocrx_word' id='word_1_178' title='bbox 956 1628 1044 1666; x_wconf 86' lang='lat' dir='ltr'><strong>Sex.</strong></span> <span class='ocrx_word' id='word_1_179' title='bbox 1069 1625 1215 1665; x_wconf 91' lang='lat' dir='ltr'><strong>Clodio</strong></span> <span class='ocrx_word' id='word_1_180' title='bbox 1236 1624 1384 1663; x_wconf 90' lang='lat' dir='ltr'><strong>rhetori</strong></span> <span class='ocrx_word' id='word_1_181' title='bbox 1405 1624 1595 1678; x_wconf 86' lang='lat' dir='ltr'><strong>affignasti</strong></span> <span class='ocrx_word' id='word_1_182' title='bbox 1610 1655 1621 1670; x_wconf 95' lang='lat'><strong>,</strong></span> <span class='ocrx_word' id='word_1_183' title='bbox 1653 1634 1692 1663; x_wconf 90' lang='lat' dir='ltr'><strong>et</strong></span> <span class='ocrx_word' id='word_1_184' title='bbox 1713 1625 1877 1678; x_wconf 87' lang='lat' dir='ltr'><strong>quidem</strong></span> 
     </span>
     <span class='ocr_line' id='line_1_24' title="bbox 479 1691 1876 1747; baseline -0.004 -11"><span class='ocrx_word' id='word_1_185' title='bbox 479 1698 700 1741; x_wconf 80' lang='lat' dir='ltr'><strong>immunia,</strong></span> <span class='ocrx_word' id='word_1_186' title='bbox 733 1705 777 1733; x_wconf 90' lang='lat' dir='ltr'><strong>ut</strong></span> <span class='ocrx_word' id='word_1_187' title='bbox 810 1708 881 1747; x_wconf 91' lang='lat' dir='ltr'><strong>pro</strong></span> <span class='ocrx_word' id='word_1_188' title='bbox 914 1703 1021 1732; x_wconf 89' lang='lat' dir='ltr'><strong>tanta</strong></span> <span class='ocrx_word' id='word_1_189' title='bbox 1051 1692 1230 1732; x_wconf 87' lang='lat' dir='ltr'><strong>mercede</strong></span> <span class='ocrx_word' id='word_1_190' title='bbox 1261 1691 1365 1730; x_wconf 89' lang='lat' dir='ltr'><strong>nihil</strong></span> <span class='ocrx_word' id='word_1_191' title='bbox 1392 1692 1521 1746; x_wconf 88' lang='lat' dir='ltr'><strong>sapere</strong></span> <span class='ocrx_word' id='word_1_192' title='bbox 1548 1691 1727 1730; x_wconf 83' lang='lat' dir='ltr'><strong>disceres.</strong></span> <span class='ocrx_word' id='word_1_193' title='bbox 1761 1692 1876 1731; x_wconf 90' lang='lat' dir='ltr'><strong>Num</strong></span> 
     </span>
     <span class='ocr_line' id='line_1_25' title="bbox 479 1757 1877 1807; baseline -0.005 -5"><span class='ocrx_word' id='word_1_194' title='bbox 479 1764 600 1802; x_wconf 89' lang='lat' dir='ltr'><strong>etiam</strong></span> <span class='ocrx_word' id='word_1_195' title='bbox 620 1762 718 1807; x_wconf 92' lang='lat' dir='ltr'><strong>hoc,</strong></span> <span class='ocrx_word' id='word_1_196' title='bbox 750 1760 873 1799; x_wconf 91' lang='lat' dir='ltr'><strong>homo</strong></span> <span class='ocrx_word' id='word_1_197' title='bbox 893 1760 1161 1804; x_wconf 79' lang='lat' dir='ltr'><strong>audaciffime,</strong></span> <span class='ocrx_word' id='word_1_198' title='bbox 1193 1773 1240 1798; x_wconf 89' lang='lat' dir='ltr'><strong>ex</strong></span> <span class='ocrx_word' id='word_1_199' title='bbox 1263 1758 1421 1797; x_wconf 82' lang='lat' dir='ltr'><strong>Caesaris</strong></span> <span class='ocrx_word' id='word_1_200' title='bbox 1442 1758 1738 1797; x_wconf 87' lang='lat' dir='ltr'><strong>commentariis</strong></span> <span class='ocrx_word' id='word_1_201' title='bbox 1757 1759 1770 1796; x_wconf 85' lang='lat'>?</span> <span class='ocrx_word' id='word_1_202' title='bbox 1803 1757 1877 1796; x_wconf 89' lang='lat' dir='ltr'><strong>Sed</strong></span> 
     </span>
     <span class='ocr_line' id='line_1_26' title="bbox 479 1825 1875 1877; baseline -0.004 -10"><span class='ocrx_word' id='word_1_203' title='bbox 479 1829 611 1869; x_wconf 88' lang='lat' dir='ltr'><strong>dicam</strong></span> <span class='ocrx_word' id='word_1_204' title='bbox 637 1828 714 1866; x_wconf 87' lang='lat' dir='ltr'><strong>alio</strong></span> <span class='ocrx_word' id='word_1_205' title='bbox 743 1828 832 1864; x_wconf 92' lang='lat' dir='ltr'><strong>loco</strong></span> <span class='ocrx_word' id='word_1_206' title='bbox 858 1835 897 1864; x_wconf 91' lang='lat' dir='ltr'><strong>et</strong></span> <span class='ocrx_word' id='word_1_207' title='bbox 925 1825 972 1863; x_wconf 92' lang='lat' dir='ltr'><strong>de</strong></span> <span class='ocrx_word' id='word_1_208' title='bbox 1005 1826 1203 1863; x_wconf 89' lang='lat' dir='ltr'><strong>Leontino</strong></span> <span class='ocrx_word' id='word_1_209' title='bbox 1231 1838 1338 1876; x_wconf 87' lang='lat' dir='ltr'><strong>agro,</strong></span> <span class='ocrx_word' id='word_1_210' title='bbox 1370 1833 1408 1862; x_wconf 91' lang='lat' dir='ltr'><strong>et</strong></span> <span class='ocrx_word' id='word_1_211' title='bbox 1435 1825 1482 1862; x_wconf 90' lang='lat' dir='ltr'><strong>de</strong></span> <span class='ocrx_word' id='word_1_212' title='bbox 1511 1826 1742 1877; x_wconf 83' lang='lat' dir='ltr'><strong>Campano:</strong></span> <span class='ocrx_word' id='word_1_213' title='bbox 1776 1838 1875 1877; x_wconf 90' lang='lat' dir='ltr'><strong>quos</strong></span> 
     </span>
     <span class='ocr_line' id='line_1_27' title="bbox 479 1890 1875 1946; baseline -0.004 -13"><span class='ocrx_word' id='word_1_214' title='bbox 479 1895 549 1933; x_wconf 85' lang='lat' dir='ltr'><strong>iste</strong></span> <span class='ocrx_word' id='word_1_215' title='bbox 569 1907 704 1946; x_wconf 84' lang='lat' dir='ltr'><strong>agros,</strong></span> <span class='ocrx_word' id='word_1_216' title='bbox 737 1901 889 1944; x_wconf 89' lang='lat' dir='ltr'><strong>ereptos</strong></span> <span class='ocrx_word' id='word_1_217' title='bbox 913 1891 1163 1943; x_wconf 72' lang='lat' dir='ltr'><strong>reipublicae,</strong></span> <span class='ocrx_word' id='word_1_218' title='bbox 1197 1890 1424 1942; x_wconf 67' lang='lat' dir='ltr'><strong>turpissimis</strong></span> <span class='ocrx_word' id='word_1_219' title='bbox 1447 1890 1715 1942; x_wconf 82' lang='lat' dir='ltr'><strong>poffefforibus</strong></span> <span class='ocrx_word' id='word_1_220' title='bbox 1737 1892 1875 1942; x_wconf 86' lang='lat' dir='ltr'><strong>inqui-</strong></span> 
     </span>
     <span class='ocr_line' id='line_1_28' title="bbox 479 1946 1876 2010; baseline -0.003 -11"><span class='ocrx_word' id='word_1_221' title='bbox 479 1961 601 1999; x_wconf 87' lang='lat' dir='ltr'><strong>navit.</strong></span> <span class='ocrx_word' id='word_1_222' title='bbox 634 1961 724 2010; x_wconf 90' lang='lat' dir='ltr'><strong>Jam</strong></span> <span class='ocrx_word' id='word_1_223' title='bbox 745 1958 876 2003; x_wconf 90' lang='lat' dir='ltr'><strong>enim,</strong></span> <span class='ocrx_word' id='word_1_224' title='bbox 909 1946 1097 2010; x_wconf 85' lang='lat' dir='ltr'><strong>quoniam</strong></span> <span class='ocrx_word' id='word_1_225' title='bbox 1119 1956 1354 1994; x_wconf 85' lang='lat' dir='ltr'><strong>criminibus</strong></span> <span class='ocrx_word' id='word_1_226' title='bbox 1376 1957 1459 2008; x_wconf 85' lang='lat' dir='ltr'><strong>ejus</strong></span> <span class='ocrx_word' id='word_1_227' title='bbox 1481 1955 1568 1993; x_wconf 85' lang='lat' dir='ltr'><strong>satis</strong></span> <span class='ocrx_word' id='word_1_228' title='bbox 1592 1955 1795 2008; x_wconf 88' lang='lat' dir='ltr'><strong>respondi,</strong></span> <span class='ocrx_word' id='word_1_229' title='bbox 1828 1956 1876 1995; x_wconf 87' lang='lat' dir='ltr'><strong>de</strong></span> 
     </span>
     <span class='ocr_line' id='line_1_29' title="bbox 477 2021 1873 2080; baseline -0.003 -16"><span class='ocrx_word' id='word_1_230' title='bbox 477 2027 562 2080; x_wconf 88' lang='lat' dir='ltr'><strong>ipso</strong></span> <span class='ocrx_word' id='word_1_231' title='bbox 578 2025 826 2064; x_wconf 85' lang='lat' dir='ltr'><strong>emendatore</strong></span> <span class='ocrx_word' id='word_1_232' title='bbox 842 2032 881 2062; x_wconf 90' lang='lat' dir='ltr'><strong>et</strong></span> <span class='ocrx_word' id='word_1_233' title='bbox 897 2025 1111 2062; x_wconf 68' lang='lat' dir='ltr'><strong>corre&amp;ore</strong></span> <span class='ocrx_word' id='word_1_234' title='bbox 1129 2022 1258 2060; x_wconf 91' lang='lat' dir='ltr'><strong>nostro</strong></span> <span class='ocrx_word' id='word_1_235' title='bbox 1274 2021 1453 2074; x_wconf 81' lang='lat' dir='ltr'><strong>quaedam</strong></span> <span class='ocrx_word' id='word_1_236' title='bbox 1470 2021 1635 2059; x_wconf 88' lang='lat' dir='ltr'><strong>dicenda</strong></span> <span class='ocrx_word' id='word_1_237' title='bbox 1655 2021 1758 2060; x_wconf 89' lang='lat' dir='ltr'><strong>sunt.</strong></span> <span class='ocrx_word' id='word_1_238' title='bbox 1784 2022 1873 2060; x_wconf 91' lang='lat' dir='ltr'><strong>Nec</strong></span> 
     </span>
     <span class='ocr_line' id='line_1_30' title="bbox 478 2088 1872 2142; baseline -0.004 -11"><span class='ocrx_word' id='word_1_239' title='bbox 478 2094 586 2132; x_wconf 90' lang='lat' dir='ltr'><strong>enim</strong></span> <span class='ocrx_word' id='word_1_240' title='bbox 608 2093 742 2130; x_wconf 84' lang='lat' dir='ltr'><strong>omnia</strong></span> <span class='ocrx_word' id='word_1_241' title='bbox 761 2091 976 2135; x_wconf 81' lang='lat' dir='ltr'><strong>effundam,</strong></span> <span class='ocrx_word' id='word_1_242' title='bbox 1009 2099 1073 2135; x_wconf 91' lang='lat' dir='ltr'><strong>ut,</strong></span> <span class='ocrx_word' id='word_1_243' title='bbox 1106 2090 1132 2128; x_wconf 89' lang='lat' dir='ltr'><strong>fi</strong></span> <span class='ocrx_word' id='word_1_244' title='bbox 1154 2090 1290 2142; x_wconf 69' lang='lat' dir='ltr'><strong>saepius</strong></span> <span class='ocrx_word' id='word_1_245' title='bbox 1313 2088 1592 2126; x_wconf 83' lang='lat' dir='ltr'><strong>decertandum</strong></span> <span class='ocrx_word' id='word_1_246' title='bbox 1614 2089 1680 2133; x_wconf 91' lang='lat' dir='ltr'><strong>s1t,</strong></span> <span class='ocrx_word' id='word_1_247' title='bbox 1712 2097 1756 2126; x_wconf 90' lang='lat' dir='ltr'><strong>ut</strong></span> <span class='ocrx_word' id='word_1_248' title='bbox 1777 2089 1872 2134; x_wconf 91' lang='lat' dir='ltr'><strong>erit,</strong></span> 
     </span>
     <span class='ocr_line' id='line_1_31' title="bbox 479 2154 1872 2212; baseline -0.003 -15"><span class='ocrx_word' id='word_1_249' title='bbox 479 2160 630 2212; x_wconf 88' lang='lat' dir='ltr'><strong>semper</strong></span> <span class='ocrx_word' id='word_1_250' title='bbox 651 2171 774 2196; x_wconf 89' lang='lat' dir='ltr'><strong>novus</strong></span> <span class='ocrx_word' id='word_1_251' title='bbox 795 2158 951 2195; x_wconf 80' lang='lat' dir='ltr'><strong>veniam</strong></span> <span class='ocrx_word' id='word_1_252' title='bbox 969 2171 977 2195; x_wconf 74' lang='grc' dir='ltr'>ε</span> <span class='ocrx_word' id='word_1_253' title='bbox 1011 2170 1130 2209; x_wconf 77' lang='lat' dir='ltr'><strong>quam</strong></span> <span class='ocrx_word' id='word_1_254' title='bbox 1152 2155 1380 2194; x_wconf 83' lang='lat' dir='ltr'><strong>facultatem</strong></span> <span class='ocrx_word' id='word_1_255' title='bbox 1402 2154 1503 2193; x_wconf 85' lang='lat' dir='ltr'><strong>mihi</strong></span> <span class='ocrx_word' id='word_1_256' title='bbox 1525 2154 1743 2193; x_wconf 87' lang='lat' dir='ltr'><strong>multitudo</strong></span> <span class='ocrx_word' id='word_1_257' title='bbox 1764 2154 1872 2193; x_wconf 84' lang='lat' dir='ltr'><strong>istius</strong></span> 
     </span>
     <span class='ocr_line' id='line_1_32' title="bbox 479 2221 1872 2277; baseline -0.004 -13"><span class='ocrx_word' id='word_1_258' title='bbox 479 2226 668 2264; x_wconf 88' lang='lat' dir='ltr'><strong>vitiorum</strong></span> <span class='ocrx_word' id='word_1_259' title='bbox 697 2232 1028 2277; x_wconf 81' lang='lat' dir='ltr'><strong>peccatorumque</strong></span> <span class='ocrx_word' id='word_1_260' title='bbox 1055 2223 1233 2274; x_wconf 81' lang='lat' dir='ltr'><strong>largitur.</strong></span> <span class='ocrx_word' id='word_1_261' title='bbox 1266 2222 1385 2260; x_wconf 91' lang='lat' dir='ltr'><strong>Visne</strong></span> <span class='ocrx_word' id='word_1_262' title='bbox 1409 2222 1530 2273; x_wconf 81' lang='lat' dir='ltr'><strong>igitur</strong></span> <span class='ocrx_word' id='word_1_263' title='bbox 1556 2230 1591 2259; x_wconf 92' lang='lat' dir='ltr'><strong>te</strong></span> <span class='ocrx_word' id='word_1_264' title='bbox 1619 2221 1872 2273; x_wconf 88' lang='lat' dir='ltr'><strong>inspiciamus</strong></span> 
     </span>
     <span class='ocr_line' id='line_1_33' title="bbox 479 2289 1465 2344; baseline -0.004 -15"><span class='ocrx_word' id='word_1_265' title='bbox 479 2305 500 2329; x_wconf 83' lang='lat' dir='ltr'><strong>a</strong></span> <span class='ocrx_word' id='word_1_266' title='bbox 520 2305 640 2344; x_wconf 90' lang='lat' dir='ltr'><strong>puero</strong></span> <span class='ocrx_word' id='word_1_267' title='bbox 661 2292 673 2328; x_wconf 89' lang='lat'>?</span> <span class='ocrx_word' id='word_1_268' title='bbox 707 2290 768 2327; x_wconf 91' lang='lat' dir='ltr'><strong>Sic</strong></span> <span class='ocrx_word' id='word_1_269' title='bbox 790 2290 931 2341; x_wconf 89' lang='lat' dir='ltr'><strong>opinor</strong></span> <span class='ocrx_word' id='word_1_270' title='bbox 950 2304 958 2327; x_wconf 92' lang='lat'>:</span> <span class='ocrx_word' id='word_1_271' title='bbox 991 2303 1012 2326; x_wconf 87' lang='lat' dir='ltr'><strong>a</strong></span> <span class='ocrx_word' id='word_1_272' title='bbox 1032 2289 1230 2341; x_wconf 86' lang='lat' dir='ltr'><strong>principio</strong></span> <span class='ocrx_word' id='word_1_273' title='bbox 1251 2289 1465 2326; x_wconf 77' lang='lat' dir='ltr'><strong>ordiamur.</strong></span> 
     </span>
    </p>

    <p class='ocr_par' dir='ltr' id='par_1_6' title="bbox 449 2354 1870 2541">
     <span class='ocr_line' id='line_1_34' title="bbox 535 2354 1870 2407; baseline -0.004 -11"><span class='ocrx_word' id='word_1_274' title='bbox 535 2358 694 2396; x_wconf 93' lang='lat' dir='ltr'><strong>XVIII.</strong></span> <span class='ocrx_word' id='word_1_275' title='bbox 718 2356 896 2395; x_wconf 90' lang='lat' dir='ltr'><strong>Tenesne</strong></span> <span class='ocrx_word' id='word_1_276' title='bbox 913 2357 1116 2400; x_wconf 83' lang='lat' dir='ltr'><strong>memoria,</strong></span> <span class='ocrx_word' id='word_1_277' title='bbox 1136 2364 1410 2407; x_wconf 69' lang='lat' dir='ltr'><strong>praetextatum</strong></span> <span class='ocrx_word' id='word_1_278' title='bbox 1433 2364 1470 2392; x_wconf 90' lang='lat' dir='ltr'><strong>te</strong></span> <span class='ocrx_word' id='word_1_279' title='bbox 1491 2354 1706 2393; x_wconf 75' lang='lat' dir='ltr'><strong>decoxisse?</strong></span> <span class='ocrx_word' id='word_1_280' title='bbox 1730 2354 1870 2399; x_wconf 87' lang='lat' dir='ltr'><strong>Patris,</strong></span> 
     </span>
     <span class='ocr_line' id='line_1_35' title="bbox 449 2419 1869 2477; baseline -0.005 -14"><span class='ocrx_word' id='word_1_281' title='bbox 449 2426 454 2431; x_wconf 47' lang='lat'>²</span> <span class='ocrx_word' id='word_1_282' title='bbox 476 2424 650 2477; x_wconf 79' lang='lat' dir='ltr'><strong>inquies,</strong></span> <span class='ocrx_word' id='word_1_283' title='bbox 674 2423 742 2460; x_wconf 84' lang='lat' dir='ltr'><strong>ista</strong></span> <span class='ocrx_word' id='word_1_284' title='bbox 761 2423 878 2475; x_wconf 81' lang='lat' dir='ltr'><strong>culpa</strong></span> <span class='ocrx_word' id='word_1_285' title='bbox 897 2423 964 2461; x_wconf 91' lang='lat' dir='ltr'><strong>est.</strong></span> <span class='ocrx_word' id='word_1_286' title='bbox 999 2422 1186 2460; x_wconf 89' lang='lat' dir='ltr'><strong>Concedo</strong></span> <span class='ocrx_word' id='word_1_287' title='bbox 1204 2437 1212 2459; x_wconf 94' lang='lat'>:</span> <span class='ocrx_word' id='word_1_288' title='bbox 1246 2423 1393 2459; x_wconf 85' lang='lat' dir='ltr'><strong>etenim</strong></span> <span class='ocrx_word' id='word_1_289' title='bbox 1414 2421 1467 2459; x_wconf 88' lang='lat' dir='ltr'><strong>est</strong></span> <span class='ocrx_word' id='word_1_290' title='bbox 1488 2421 1644 2473; x_wconf 87' lang='lat' dir='ltr'><strong>pietatis</strong></span> <span class='ocrx_word' id='word_1_291' title='bbox 1666 2421 1781 2472; x_wconf 88' lang='lat' dir='ltr'><strong>plena</strong></span> <span class='ocrx_word' id='word_1_292' title='bbox 1800 2419 1869 2457; x_wconf 89' lang='lat' dir='ltr'><strong>de·-</strong></span> 
     </span>
     <span class='ocr_line' id='line_1_36' title="bbox 475 2484 1870 2541; baseline -0.005 -11"><span class='ocrx_word' id='word_1_293' title='bbox 475 2490 616 2531; x_wconf 77' lang='lat' dir='ltr'><strong>fensio.</strong></span> <span class='ocrx_word' id='word_1_294' title='bbox 650 2489 757 2529; x_wconf 90' lang='lat' dir='ltr'><strong>Illud</strong></span> <span class='ocrx_word' id='word_1_295' title='bbox 779 2499 909 2528; x_wconf 83' lang='lat' dir='ltr'><strong>tamen</strong></span> <span class='ocrx_word' id='word_1_296' title='bbox 930 2488 1098 2528; x_wconf 72' lang='lat' dir='ltr'><strong>audacia:</strong></span> <span class='ocrx_word' id='word_1_297' title='bbox 1121 2498 1208 2534; x_wconf 69' lang='lat' dir='ltr'><strong>tuce,</strong></span> <span class='ocrx_word' id='word_1_298' title='bbox 1233 2488 1339 2541; x_wconf 91' lang='lat' dir='ltr'><strong>quod</strong></span> <span class='ocrx_word' id='word_1_299' title='bbox 1361 2487 1487 2526; x_wconf 89' lang='lat' dir='ltr'><strong>sedisti</strong></span> <span class='ocrx_word' id='word_1_300' title='bbox 1508 2487 1548 2525; x_wconf 88' lang='lat' dir='ltr'><strong>in</strong></span> <span class='ocrx_word' id='word_1_301' title='bbox 1571 2484 1870 2540; x_wconf 81' lang='lat' dir='ltr'><strong>quatuordecim</strong></span> 
     </span>
    </p>
   </div>
  </div>
 </body>
</html>
