2076 2860
667 155 803 196 PRO
864 151 928 190 M.
991 141 1248 185 CAELIO.
1617 143 1667 183 93

262 277 357 304 cum
378 258 553 300 maxima
583 251 698 292 laude
729 246 986 297 conjungere.
1020 235 1142 288 Qod
1163 234 1190 272 fi
1212 231 1338 270 facere
1362 228 1523 271 vellem,
1553 222 1675 261 multi

265 347 286 371 a
306 344 370 370 me
391 323 538 366 summi
558 330 676 372 atque
693 309 927 353 ornatiffimi
948 305 1021 345 viri
1039 302 1345 357 praedicarentur
1362 316 1373 342 ;
1397 305 1570 348 quorum
1586 303 1675 343 par—

268 399 344 436 tim
379 392 504 432 nimia
533 387 693 426 libertas
729 382 770 419 in
803 372 1079 416 adolescentia,
1115 368 1260 422 partim
1292 361 1451 418 profusa
1484 357 1678 400 luxuries,

269 458 506 515 magnitudo
527 454 611 494 aeris
632 449 766 492 alieni,
782 446 978 496 sumptus,
1002 437 1206 480 libidines,
1230 431 1553 472 nominarentur:
1578 438 1680 478 quae‚

270 529 411 570 multis
433 524 563 580 postea
577 516 795 559 virtutibus
818 511 988 554 obteeta,
1011 501 1297 546 adolescentiae,
1313 498 1385 551 qui
1404 495 1539 539 vellet,
1558 505 1683 530 excu-

274 598 422 636 satione
442 588 685 631 defenderet.

331 662 449 702 XIX.
483 660 539 697 At
560 668 652 694 vero
674 653 715 690 in
738 649 802 688 M.
828 644 953 684 Caelio
991 640 1141 694 (dicam
1165 636 1274 674 enim
1302 634 1387 685 jam
1420 625 1688 668 confidentius

277 731 326 769 de
347 728 483 768 studiis
505 726 589 776 ejus
611 717 799 760 honestis,
835 711 1026 766 quoniam
1047 705 1171 744 audeo
1193 700 1388 754 quaedam,
1423 695 1548 734 fretus
1570 692 1693 730 vestra

279 795 482 850 sapientia,
497 790 620 829 libere
641 780 842 831 confiteri)
861 777 971 816 nulla
991 771 1169 812 luxuries
1192 761 1537 820 reperietur,nulli
1555 759 1692 810 sump-

281 874 362 909 tus,
377 861 539 900 nullum
555 868 603 894 aes
620 852 811 892 alienum,
826 844 937 884 nulla
952 838 1231 880 conviviorum
1247 847 1291 871 ac
1309 831 1524 869 lustrorum
1540 825 1668 864 libido
1683 839 1692 861 z

285 929 394 984 quod
415 924 579 980 quidem
599 919 745 958 vitium
766 911 913 952 ventris
935 919 974 947 et
995 904 1169 960 gutturis
1192 915 1272 940 non
1294 897 1415 937 modo
1447 908 1526 933 non
1549 891 1698 930 minuit

287 1007 376 1037 aetas
397 990 648 1033 hominibus,
667 983 731 1024 sed
751 982 872 1020 etiam
891 984 1024 1029 auget.
1049 975 1218 1011 Amores
1240 976 1388 1010 autem,
1411 973 1450 1002 et
1471 961 1531 1000 hae
1548 958 1700 998 deliciae

288 1077 376 1118 quae
396 1066 603 1100 vocantur,
620 1066 706 1106 quae
725 1048 900 1088 firmiore
916 1043 1051 1082 animo
1069 1036 1245 1092 praeditis
1263 1032 1415 1071 diutius
1432 1026 1604 1068 molestae
1621 1038 1706 1063 non

291 1129 417 1169 solent
449 1124 536 1169 effe,
576 1124 748 1173 (mature
777 1113 888 1152 enim
915 1119 955 1148 et
976 1106 1157 1146 celeriter
1178 1095 1458 1147 deflorescunt)
1496 1104 1709 1144 nunquam

292 1196 401 1235 hunc
423 1198 665 1242 occupatum
686 1180 1010 1235 impeditumque
1031 1178 1261 1211 tenuerunt.

352 1258 547 1302 Audistis,
569 1267 665 1293 cum
687 1263 758 1304 pro
780 1248 816 1286 se
837 1245 986 1283 diceret
1005 1257 1014 1280 :
1038 1237 1197 1277 audistis
1220 1242 1346 1277 antea,
1369 1242 1464 1268 cum
1485 1224 1705 1264 accusaret:

301 1323 561 1383 (defendendi
580 1321 664 1360 haec
687 1316 812 1361 causa,
831 1327 912 1352 non
934 1306 1146 1363 gIOtiandi,
1170 1299 1332 1355 loquor)
1357 1309 1481 1351 genus
1504 1290 1709 1334 orationis,

300 1395 548 1436 facultatem,
585 1387 743 1440 copiam
770 1378 1056 1421 sententiarum
1085 1383 1202 1425 atque
1224 1367 1452 1408 verborum,
1485 1374 1571 1414 quae
1592 1356 1714 1396 vestra

302 1461 512 1518 prudentia
532 1457 600 1503 est,
633 1448 897 1508 perspexistis.
929 1447 1066 1496 Atque
1087 1441 1129 1478 in
1161 1451 1207 1476 eo
1241 1448 1321 1473 non
1343 1432 1472 1471 solum
1506 1425 1716 1480 ingenium

303 1531 458 1570 elucere
478 1527 562 1579 ejus
582 1519 798 1562 videbati33
823 1513 932 1568 quod
954 1511 1064 1562 saepe,
1084 1507 1205 1545 etiam
1222 1503 1248 1540 fi
1270 1498 1460 1539 industria
1480 1509 1559 1533 non
1581 1492 1716 1532 alitur,

306 1596 409 1635 valet
430 1604 563 1631 tamen
585 1588 715 1640 ipsum
738 1584 816 1621 suis
837 1579 1013 1618 viribus:
1038 1573 1101 1612 sed
1124 1573 1263 1613 inerat,
1288 1565 1357 1604 nifi
1381 1577 1444 1602 me
1465 1569 1626 1614 propter
1647 1557 1718 1594 be-

309 1658 576 1701 nevolentiam
598 1653 701 1692 forte
731 1647 909 1690 fallebat,
942 1642 1040 1680 ratio
1069 1648 1107 1676 et
1138 1635 1254 1674 bonis
1275 1631 1426 1670 artibus
1455 1627 1649 1668 instituta,
1683 1630 1724 1659 et

312 1741 406 1768 cura
426 1735 465 1764 et
484 1721 635 1775 vigiliis
658 1717 868 1756 elaborata.
903 1712 1039 1761 Atque
1060 1705 1214 1747 scitote,
1238 1699 1416 1752 Judices,
1438 1708 1499 1733 eas
1521 1690 1723 1744 cupidita-

316 1805 389 1840 tes,
420 1805 507 1846 quae
528 1786 777 1840 objiciuntur
809 1779 949 1822 Caelio,
986 1784 1104 1826 atque
1125 1770 1209 1809 haec
1231 1766 1371 1810 studia,
1406 1763 1453 1800 de
1475 1760 1622 1814 quibus
1645 1756 1726 1794 dis-

317 1871 430 1916 puto,
464 1870 543 1896 non
565 1853 682 1893 facile
704 1852 744 1888 in
767 1847 906 1887 eodem
928 1841 1094 1882 homine
1123 1837 1196 1876 effe
1224 1833 1343 1888 poffe.
1376 1830 1483 1869 Fieri
1504 1827 1613 1866 enim
1649 1837 1729 1862 non

319 1926 459 1982 potest,
483 1933 527 1962 ut
547 1921 705 1959 animus
726 1913 889 1954 libidini
911 1909 1083 1952 deditus,
1107 1916 1254 1947 amore,
1273 1897 1476 1941 defiderio,
1495 1891 1729 1946 cupiditate,

321 1994 417 2046 saepe
439 1989 563 2029 nimia
583 1985 710 2038 copia,
744 1980 878 2033 inopia
899 1977 1019 2015 etiam
1041 1979 1348 2021 nonnunquam,
1371 1960 1605 2015 impeditus,
1637 1956 1730 2000 hoc,

323 2056 523 2115 quidquid
543 2054 611 2099 est,
637 2049 746 2105 quod
768 2060 838 2085 nos
860 2044 1029 2083 facimus
1052 2041 1093 2077 in
1116 2034 1300 2079 dicendo,
1324 2045 1404 2070 non
1425 2027 1546 2067 modo
1566 2023 1733 2078 agendo,

322 2139 462 2167 verum
481 2124 601 2162 etiam
623 2114 852 2169 cogitando,
884 2109 999 2164 poffit
1020 2106 1219 2145 sustinere.
1256 2102 1321 2139 An
1343 2111 1410 2138 vos
1442 2095 1560 2133 aliam
1581 2090 1736 2130 causam

326 2194 400 2234 effe
421 2192 545 2231 ullam
568 2185 730 2241 putatis,
753 2196 838 2226 cur,
862 2180 902 2217 in
925 2176 1045 2216 tantis
1067 2171 1239 2227 praemiis
1261 2164 1514 2219 eloquentiae,
1539 2169 1646 2198 tanta
1666 2170 1736 2194 vo—

329 2263 483 2313 luptate
504 2253 678 2297 dicendi,
697 2259 805 2288 tanta
823 2246 952 2291 laude,
968 2252 1076 2282 tanta
1095 2239 1233 2293 gratia,
1258 2245 1367 2274 tanto
1383 2232 1549 2273 honore,
1569 2237 1649 2264 tam
1667 2224 1741 2262 sint

334 2327 464 2382 pauci,
488 2324 719 2375 semperque
740 2316 904 2359 fuerint,
937 2312 1007 2365 qui
1029 2311 1070 2348 in
1091 2308 1169 2346 hoc
1191 2305 1324 2344 labore
1344 2299 1546 2339 versentur
1565 2296 1576 2332 ?
1611 2292 1749 2330 Obte-

336 2392 464 2433 rendae
489 2390 575 2428 sunt
596 2398 734 2425 omnes
756 2381 977 2434 voluptates
995 2397 1007 2423 3
1032 2370 1290 2427 relinquenda
1311 2366 1436 2406 studia
1457 2357 1742 2401 delcetationis,

336 2460 471 2503 ludus,
482 2458 614 2510 jOCUS,
630 2451 882 2493 convivium,
902 2447 1027 2484 sermo
1041 2442 1094 2480 est
1108 2453 1206 2494 pene
1218 2433 1477 2476 familiarium
1489 2423 1718 2468 deserendus
1734 2437 1743 2460 :
