2076 2860
877 141 1110 201 [345]

935 346 952 383 1
1003 346 1042 382 N

349 538 468 616 M.
575 525 1639 611 ANTONIUM

675 759 782 798 AD
847 750 1313 808 QUIRITES

627 957 1203 1004 PHILIPPICA
1285 955 1367 995 IV.

305 1175 338 1213 Ι.
361 1170 451 1275 F
471 1174 509 1212 R
526 1173 559 1211 E
578 1173 672 1224 QU
691 1171 724 1209 E
742 1170 783 1208 N
802 1170 840 1207 T
859 1168 875 1206 I
893 1168 930 1206 A
969 1164 1140 1204 vestrum
1179 1160 1425 1202 incredibilis
1441 1190 1453 1207 ‚
1490 1159 1667 1213 Qirites
1684 1187 1695 1203 ,

485 1239 706 1290 concioque
735 1244 864 1278 tanta,
896 1241 1085 1286 quantam
1115 1228 1335 1269 meminisse
1368 1241 1449 1267 non
1479 1226 1629 1271 videor,
1659 1233 1699 1264 et

304 1307 545 1345 alacritatem
578 1303 681 1342 mihi
716 1302 910 1340 summam
944 1297 1197 1336 defendendae
1231 1295 1460 1348 reipublicae
1494 1292 1627 1337 affert,
1659 1300 1699 1330 et

306 1373 414 1426 spem
435 1369 720 1424 recuperandae.
749 1370 989 1420 Qanquam
1009 1364 1164 1402 animus
1186 1361 1349 1415 quidem
1369 1360 1472 1399 mihi
1494 1371 1700 1412 nunquam

306 1439 448 1484 defuit,
468 1447 644 1490 tempora
664 1435 897 1474 defuerunt:
922 1445 1007 1484 quae
1028 1430 1142 1468 simul
1163 1443 1205 1466 ac
1227 1428 1404 1481 primum
1425 1426 1577 1479 aliquid
1597 1424 1699 1463 lucis

305 1506 504 1544 ostendere
524 1504 602 1542 visa
621 1503 724 1547 sunt,
758 1501 940 1554 princeps
970 1497 1099 1536 vestrae
1128 1495 1321 1534 libertatis
1348 1492 1603 1532 defendendae
1623 1490 1700 1529 fui.

309 1571 430 1623 Qod
460 1570 485 1608 fi
516 1579 604 1607 ante
634 1567 759 1606 facere
789 1574 950 1603 conatus
980 1562 1110 1605 essem,
1143 1573 1250 1598 nunc
1282 1558 1406 1597 facere
1435 1571 1514 1595 non
1535 1555 1699 1609 poffem.

309 1638 516 1676 Hodierno
543 1636 652 1672 enim
679 1634 755 1677 die,
788 1631 981 1683 Qirites,
1014 1642 1061 1666 ne
1083 1627 1324 1665 mediocrem
1346 1638 1429 1662 rem
1450 1625 1573 1661 astam
1593 1622 1699 1660 arbi-

311 1703 485 1747 tremini,
515 1700 772 1738 fundamenta
787 1699 888 1750 *inusta
908 1696 998 1734 sunt
1018 1695 1258 1745 reliquarum
1279 1691 1504 1729 afflonum:
1537 1702 1628 1726 nam
1649 1687 1704 1726 est

309 1769 430 1808 hostis
453 1781 472 1805 a
494 1767 625 1805 senatu
646 1765 824 1803 nondum
846 1762 964 1800 verbo
986 1759 1218 1813 appellatus,
1245 1757 1308 1795 sed
1330 1770 1368 1794 re
1384 1757 1467 1808 jam
1483 1754 1701 1807 judicatus,

311 1835 526 1873 Antonius.

367 1900 491 1939 Nunc
512 1911 601 1935 vero
623 1896 753 1934 multo
774 1894 858 1932 sum
880 1892 1055 1935 erectior,
1074 1888 1181 1942 quod
1202 1901 1269 1925 vos
1291 1899 1450 1939 quoque
1472 1884 1588 1922 illum
1609 1882 1702 1923 hos-

314 1977 393 2004 tem
413 1965 486 2003 effe
508 1973 617 2001 tanto
637 1960 839 2004 consensu,
864 1968 1049 2010 tantoque
1071 1956 1255 1998 clamore,
1288 1950 1582 2005 approbavistis.
1616 1951 1703 1988 Nc·-

313 2047 389 2086 que
410 2033 530 2075 enim,
565 2030 756 2081 Qirites‚
789 2026 871 2064 fieri
895 2023 1031 2078 potest,
1064 2032 1108 2060 ut
1130 2035 1208 2059 non
1229 2029 1295 2057 aut
1323 2019 1350 2057 ii
1379 2018 1452 2056 sint
1473 2017 1605 2069 impii,
1636 2016 1705 2069 qui

315 2108 449 2136 contra
470 2096 672 2134 consulem
693 2093 886 2131 exercitus
910 2097 1255 2141 c‹)mp·.1rave1·unt;
1280 2094 1345 2122 aut
1368 2084 1434 2122 ille
1451 2082 1586 2127 hostis,
1605 2096 1703 2120 con-

318 2174 373 2201 tra
394 2176 513 2214 quem
529 2163 617 2213 jure
638 2172 744 2196 arma
771 2157 923 2208 sumpta
955 2155 1055 2192 sunt.
1103 2154 1218 2191 Hanc
1247 2151 1368 2203 igitur
1398 2149 1704 2191 dubitationem,

317 2240 543 2280 quanquam
565 2225 673 2262 nulla
692 2234 785 2267 erat,
818 2232 962 2265 tamen,
996 2234 1042 2258 nc
1072 2233 1149 2272 qua
1178 2217 1299 2270 poffet
1329 2215 1414 2260 effe,
1449 2215 1598 2252 senatus
1629 2212 1704 2250 ho-

319 2295 454 2331 dierno
476 2292 537 2328 die
560 2290 724 2328 sustulit.
759 2291 806 2326 C.
833 2288 971 2331 Cacsar,
1004 2286 1073 2338 qui
1095 2283 1382 2337 rempublicam
1405 2281 1706 2329 lilrwrtatemque

320 2360 480 2397 vestram
503 2358 569 2394 suo
592 2355 730 2400 studio,
749 2354 924 2398 coniilio,
950 2351 1187 2405 patrimonio
1209 2348 1392 2399 denique,
1411 2356 1558 2384 tutatus
1580 2344 1645 2387 est,
1669 2353 1707 2379 ct

322 2436 498 2467 tutatum
532 2422 714 2460 maximis
737 2421 885 2459 senatus
908 2419 1089 2457 Ituxalibi122
1113 2426 1269 2453 ornatu.)
1291 2414 1357 2450 cst.

404 2493 478 2529 To
498 2502 546 2527 M.
583 2488 653 2526 VI.
1318 2479 1350 2515 >Q
1384 2491 1405 2513 „x
