2076 2860
398 225 473 252 202
875 207 1315 246 ORATIO

397 312 624 365 conquievit
643 312 655 348 ?
688 310 786 348 Haec
817 308 1007 346 intentata
1027 308 1140 345 nobis
1163 307 1215 344 est
1234 322 1241 344 :
1276 305 1370 344 huic
1392 319 1464 359 ego
1485 319 1551 344 vos
1573 306 1695 359 objici
1715 320 1794 359 pro,

396 391 460 416 me
492 391 570 415 non
604 377 688 414 sum
720 373 872 426 paffus:
905 372 987 411 haec
1020 373 1196 411 insidiata
1227 373 1418 424 Pompeio
1450 372 1529 410 est:
1562 372 1645 410 haec
1675 372 1788 410 istam

397 443 590 496 Appiam,
624 448 928 478 monumentum
950 438 1007 476 sui
1029 439 1224 483 nominis,
1255 452 1349 476 nece
1371 439 1516 490 Papirii
1537 439 1756 476 cruentavit
1774 453 1783 476 ε

397 508 480 546 haec
496 537 506 552 ‚
538 506 619 544 haec
647 504 780 541 eadem
796 532 806 548 ‚
838 504 959 555 longo
980 503 1186 541 intervallo
1207 502 1389 541 conversa
1409 503 1536 540 rursus
1558 503 1611 540 est
1631 503 1671 540 in
1693 516 1784 541 me:

397 585 521 624 nuper
542 569 717 624 quidem,
749 578 793 606 ut
815 568 935 613 scitis,
967 582 1030 606 me
1051 568 1097 606 ad
1118 568 1264 620 regiam
1285 581 1383 620 pene
1404 567 1591 606 confecit.

453 637 563 689 Qid
584 635 707 674 fimile
729 635 897 672 Milonis
917 635 930 671 ?
962 634 1075 686 cujus
1097 634 1154 671 vis
1175 634 1304 671 omnis
1325 632 1407 672 haec
1430 634 1578 686 semper
1603 631 1681 670 fuit
1697 661 1707 677 ,
1739 646 1788 670 ne

398 704 442 741 P.
468 701 649 746 Clodius,
681 714 774 739 cum
805 701 845 738 in
873 699 1073 752 judicium
1104 698 1256 736 detrahi
1288 712 1366 737 non
1394 699 1530 751 poffet,
1559 699 1599 737 vi
1627 697 1786 750 oppres-

396 770 476 808 sam
497 769 697 807 civitatem
718 776 880 805 teneret.
914 767 1047 818 Qem
1076 765 1103 803 fi
1133 764 1353 803 interficere
1371 765 1549 803 voluiffet
1564 794 1574 809 ,
1607 774 1760 816 quantae
1774 793 1786 810 ‚

398 837 552 889 quoties
585 834 816 878 occasiones,
849 845 968 885 quam
1000 832 1204 885 praeclarae,
1236 831 1397 870 fuerunt
1417 833 1428 869 ?
1463 831 1663 875 Potuitne,
1695 843 1790 868 cum

398 902 563 940 domum
594 914 637 938 ac
671 901 776 938 Deos
809 907 965 952 penates
998 898 1106 943 suos,
1138 897 1209 935 illo
1240 906 1514 950 oppugnante,
1547 895 1787 941 defenderet,

392 970 481 1021 jure
509 968 544 1005 se
572 966 740 1005 ulcisci?
774 965 974 1009 Potuitne,
1005 964 1091 1002 cive
1116 964 1274 1016 egregio
1305 974 1344 1002 et
1374 965 1458 1001 viro
1485 962 1707 1007 fortifiimo,
1741 963 1788 1000 P.

399 1034 552 1079 Sextio,
584 1033 735 1085 collega
755 1031 846 1077 suo,
878 1031 1111 1069 vulnerato?
1145 1030 1354 1075 Potuitne,
1389 1029 1673 1081 QFabricio,
1704 1029 1791 1066 viro

398 1101 574 1153 optim0,
605 1112 699 1137 cum
720 1098 766 1135 de
788 1097 914 1135 reditu
936 1109 1024 1134 meo
1044 1096 1173 1148 legem
1194 1095 1332 1140 ferret,
1364 1095 1496 1148 pulso,
1528 1093 1790 1132 crudeliffima

399 1168 440 1204 in
461 1165 548 1204 foro
568 1164 671 1204 caede
691 1163 791 1202 facta
809 1165 821 1201 ἲ
855 1162 1055 1208 Potuitne,
1088 1162 1136 1200 L.
1162 1161 1329 1206 Caecilii,
1349 1161 1547 1213 justiffimi
1568 1159 1789 1198 fortiffimi-

399 1246 476 1284 que
508 1231 703 1284 praetoris,
734 1238 960 1282 oppugnata
989 1228 1140 1266 domo?
1174 1228 1360 1265 Potuitne
1391 1227 1461 1264 illo
1493 1226 1576 1271 die,
1608 1239 1702 1264 cum
1736 1225 1790 1262 est

400 1297 478 1335 lata
495 1297 560 1336 lex
581 1295 628 1333 de
649 1309 712 1333 me
731 1296 744 1332 ?
776 1308 868 1332 cum
890 1294 1010 1332 totius
1034 1293 1155 1331 Italiae
1176 1292 1385 1330 concursus
1399 1321 1410 1336 ,
1442 1305 1560 1344 quem
1582 1290 1668 1328 mea
1688 1289 1792 1328 salus

400 1363 614 1401 concitarat
628 1390 639 1406 ,
671 1360 762 1398 fasti
784 1360 891 1398 illius
912 1359 1079 1412 gloriam
1100 1358 1226 1396 libens
1248 1357 1459 1410 agnovisset
1477 1376 1487 1401 ;
1521 1366 1564 1394 ut
1579 1386 1590 1401 ‚
1621 1356 1741 1393 etiam
1762 1355 1790 1393 fi

401 1428 441 1466 id
462 1428 568 1466 Milo
588 1425 748 1471 fecisset,
772 1427 912 1463 cunita
930 1425 1066 1462 civitas
1087 1437 1171 1462 eam
1192 1424 1346 1461 laudem
1368 1437 1438 1475 pro
1460 1422 1524 1460 sua
1543 1421 1787 1460 vindicaret?

455 1495 547 1532 XV.
581 1493 708 1545 Atqui
728 1502 806 1530 erat
823 1492 862 1530 id
879 1491 1066 1543 temporis
1087 1490 1315 1528 clarissimus
1332 1499 1369 1527 et
1386 1488 1614 1527 fortiffimus
1636 1486 1787 1532 consul,

402 1560 585 1597 inimicus
609 1558 766 1602 Clodio,
791 1558 836 1595 P.
853 1557 1064 1601 Lentulus,
1083 1556 1187 1594 ultor
1208 1555 1359 1593 sceleris
1383 1555 1504 1599 illius,
1522 1562 1790 1606 propugnator

399 1624 565 1668 senatus,
584 1622 761 1660 defensor
781 1621 909 1659 vestrae
930 1620 1158 1665 voluntatis,
1181 1629 1367 1672 patronus
1389 1620 1496 1656 illius
1519 1619 1671 1670 publici
1692 1631 1790 1655 con-

398 1689 526 1728 sensus
542 1718 552 1734 ,
585 1687 782 1726 restitutor
810 1686 942 1724 salutis
963 1700 1058 1725 meae
1077 1701 1086 1724 :
1119 1685 1266 1737 septem
1287 1694 1468 1738 praetores
1485 1714 1495 1729 ,
1527 1685 1615 1721 octo
1638 1683 1790 1721 tribuni

397 1756 539 1808 plebis,
563 1755 669 1792 illius
690 1753 905 1796 adversarii,
929 1751 1146 1789 defensores
1168 1752 1271 1789 mei:
1305 1752 1383 1789 Cn.
1408 1751 1635 1803 Pompeius,
1657 1751 1791 1787 auetor

399 1830 437 1858 et
459 1820 538 1858 dux
559 1819 637 1857 mei
658 1819 819 1862 reditus,
842 1817 950 1854 illius
971 1816 1117 1854 hostis:
1141 1817 1252 1867 cujus
1275 1816 1506 1854 sententiam
1528 1816 1678 1853 senatus
1699 1829 1787 1853 om—

402 1886 462 1923 nis
484 1875 530 1922 de
552 1884 670 1921 salute
691 1896 776 1920 mea
795 1881 1053 1934 graviffimam
1075 1890 1113 1917 et
1133 1881 1411 1918 ornatiffimam
1433 1880 1586 1918 secutus
1606 1880 1658 1917 est
1677 1895 1685 1916 :
1719 1880 1787 1931 qui

402 1951 596 2004 populum
626 1950 852 1987 Romanum
878 1946 1105 1984 cohortatus
1133 1945 1212 1984 est:
1246 1947 1329 1998 qui,
1361 1959 1452 1983 cum
1481 1946 1527 1983 de
1559 1958 1622 1983 me
1653 1944 1794 1982 decre-⁷

405 2026 492 2054 tum
521 2016 663 2067 Capuae
691 2013 801 2057 fecit,
833 2012 912 2064 ipse
939 2013 1087 2050 cunctae
1121 2012 1241 2049 Italiae
1272 2012 1463 2063 cupienti,
1496 2020 1533 2048 et
1561 2011 1642 2062 ejus
1671 2009 1791 2048 fidem

404 2081 647 2134 imploranti,
670 2079 822 2131 signum
844 2078 965 2122 dedit,
984 2087 1027 2115 ut
1047 2077 1092 2114 ad
1114 2091 1176 2115 me
1198 2077 1476 2114 restituendum
1499 2077 1668 2114 Romam
1691 2090 1788 2113 con-

405 2156 618 2185 currerent.
653 2145 800 2184 Omnia
821 2154 906 2181 tum
928 2143 1096 2195 denique
1116 2144 1156 2181 in
1178 2144 1294 2180 illum
1315 2143 1403 2180 odia
1429 2143 1576 2180 civium
1604 2142 1790 2179 ardebant

405 2213 590 2251 desiderio
611 2212 688 2249 mei
707 2226 715 2248 :
749 2224 868 2263 quem
889 2210 958 2262 qui
980 2219 1066 2247 tum
1088 2209 1352 2254 interemiffet,
1387 2223 1463 2247 non
1485 2208 1531 2247 de
1552 2208 1788 2260 impunitate

405 2280 503 2332 ejus,
534 2277 597 2316 sed
617 2277 664 2314 de
685 2276 869 2329 praemiis,
901 2276 1150 2327 cogitaretur.

462 2346 616 2382 Tamen
638 2343 673 2380 se
694 2342 804 2380 Milo
825 2341 1023 2379 continuit
1039 2370 1048 2386 ,
1081 2350 1118 2378 et
1140 2341 1183 2378 P.
1209 2341 1397 2378 Clodium
1419 2339 1679 2392 adjudicium
1702 2339 1760 2376 bis
1777 2368 1789 2383 ,

406 2410 453 2448 ad
475 2410 555 2447 vim
577 2422 778 2460 nunquam
795 2438 804 2452 ‚
836 2407 1002 2445 vocavit.
1037 2407 1145 2457 Qid
1166 2408 1177 2443 ?
1211 2407 1359 2458 privato
1382 2406 1537 2443 Milone
1553 2436 1562 2451 ,
1594 2415 1631 2444 et
1660 2419 1723 2443 reo
1744 2405 1791 2441 ad

409 2476 622 2530 populum,
655 2474 855 2513 accusante
889 2474 932 2511 l'.
958 2473 1124 2516 Clodio,
1156 2486 1248 2510 cum
1281 2474 1321 2511 in
1353 2476 1429 2511 Cn.
1457 2473 1689 2525 Pompeium
1721 2483 1791 2524 pro
