2076 2860
385 202 461 229 110
703 187 807 226 DE
879 185 1458 227 PROVINCIIS

381 289 557 327 maximo
578 298 744 325 numero
764 284 922 323 nullum
942 283 1146 323 haberent.
1165 284 1286 336 Qod
1302 284 1442 324 fanum
1463 286 1504 324 in
1526 284 1690 332 Achaia,
1706 286 1778 340 qui

380 355 506 399 locus,
529 363 595 392 aut
615 354 742 397 lucus,
761 352 803 388 in
825 352 981 389 Graecia
999 360 1083 389 tota
1101 361 1183 390 tam
1203 351 1355 389 sanctus
1376 351 1469 398 fuit,
1492 352 1534 391 in
1550 366 1631 405 quo
1647 353 1779 391 ullum

381 422 647 466 simulacrum,
671 419 801 457 ullum
821 427 1115 464 ornamentum,
1133 418 1333 471 reliquum
1350 418 1396 456 sit
1413 420 1425 457 ?
1445 419 1587 458 Emisti
1603 433 1624 457 a
1639 417 1780 458 foedis-⁶

380 488 476 526 fimo
498 488 659 525 tribuno
679 486 830 539 plebi8‚
863 494 950 523 tum
972 486 1012 524 in
1034 485 1106 523 illo
1126 484 1331 538 naufragio
1351 484 1472 538 hujus
1493 486 1627 532 urbis,
1658 500 1779 539 quam

381 563 423 592 tu
455 554 585 597 idem,
617 553 687 605 qui
716 552 933 604 gubernare
963 551 1165 597 debueras,
1197 561 1384 590 everteras
1402 571 1413 597 ;
1447 562 1558 598 tum,
1590 554 1778 606 inquam,

380 620 505 658 emisti
526 619 664 671 grandi
685 619 877 671 pecunia,
910 626 956 655 ut
977 618 1052 655 tibi
1073 616 1120 655 de
1140 619 1322 670 pecuniis
1347 616 1507 657 creditis
1523 620 1589 671 jus
1611 619 1656 659 in,
1674 619 1780 657 libe-

380 699 440 724 ros
461 686 630 739 populos
652 684 788 723 contra
808 683 1215 722 senatus-consultum
1231 713 1241 729 ‚
1272 693 1312 722 et
1339 695 1476 723 contra
1495 680 1624 738 legem
1645 686 1780 738 generi

379 754 464 797 tui,
496 754 625 790 dicere
645 752 795 790 liceret.
841 752 886 790 Id
913 760 1096 804 emptum
1123 751 1178 789 ita
1197 751 1431 797 vendidisti,
1464 761 1509 790 ut
1528 762 1595 791 aut
1609 754 1676 804 jus
1697 766 1778 792 non

378 819 541 864 diceres,
573 828 639 856 aut
660 818 775 856 bonis
796 819 899 856 cives
923 819 1125 856 Romanos
1146 826 1350 857 everteres.

435 887 620 938 Qorum
652 899 725 937 ego
760 884 862 922 nihil
896 898 1028 929 nunc,
1061 885 1192 922 Patres
1225 884 1465 937 conscripti,
1497 886 1539 923 in
1571 884 1780 926 hominem

380 952 508 1005 ipsum
526 971 537 997 ς
571 951 618 989 de
638 952 841 1004 provincia
861 951 1032 1003 disputo.
1076 952 1214 1003 Itaque
1235 951 1369 993 omnia
1389 951 1457 988 illa
1471 980 1482 996 ‚
1514 965 1602 1004 quae
1622 944 1661 989 et
1682 951 1781 1005 saepe

378 1017 551 1063 audistis,
574 1027 612 1055 et
633 1018 774 1055 tenetis
795 1017 954 1062 animis,
985 1018 1104 1055 etiam
1126 1016 1153 1054 fi
1174 1030 1254 1055 non
1275 1016 1456 1062 audiatis,
1488 1019 1747 1070 praetermitto
1766 1032 1780 1056 r

378 1083 480 1121 nihil
502 1083 549 1121 de
569 1082 642 1121 hac
662 1084 745 1135 ejus
775 1083 946 1128 urbana,
979 1096 1099 1135 quam
1128 1082 1196 1120 ille
1225 1082 1389 1135 praesens
1421 1084 1462 1120 in
1490 1083 1617 1121 oculis
1645 1083 1778 1122 vestris

380 1149 658 1202 mentibusque
678 1149 816 1188 defixit
830 1179 842 1194 ‚
874 1149 1033 1187 audacia
1051 1149 1196 1201 loquor
1214 1164 1223 1187 :
1256 1148 1359 1187 nihil
1382 1149 1428 1187 de
1449 1149 1643 1202 superbia,
1675 1149 1778 1188 nihil

378 1215 425 1252 de
445 1216 709 1260 contumacia,
734 1214 835 1253 nihil
857 1215 904 1253 de
924 1215 1170 1260 crudelitate,
1197 1214 1369 1268 disputo.
1403 1216 1570 1253 Lateant
1590 1215 1779 1254 libidines

377 1283 460 1334 ejus
482 1282 560 1320 illae
581 1282 856 1326 tenebricosae,
889 1295 983 1334 quas
1016 1281 1147 1319 fronte
1178 1290 1217 1319 et
1249 1281 1484 1334 supercilio,
1517 1295 1598 1320 non
1628 1282 1781 1335 pudore

377 1358 417 1386 et
438 1349 709 1402 temperantia,
741 1348 1000 1400 contegebat:
1033 1348 1080 1386 de
1100 1349 1317 1401 provincia,
1340 1347 1449 1400 quod
1468 1349 1612 1400 agitur,
1636 1348 1677 1386 id
1697 1348 1780 1387 dis-

378 1424 489 1467 puto.
524 1416 634 1453 Huic
655 1429 722 1453 vos
744 1429 823 1453 non
845 1415 1101 1452 summittetis
1122 1416 1134 1452 ?
1166 1413 1275 1452 hunc
1300 1414 1450 1452 diutius
1472 1427 1629 1452 manere
1649 1416 1777 1468 patie-

377 1482 477 1519 mini
497 1482 510 1518 ?
542 1482 670 1533 cujus,
704 1490 747 1519 ut
767 1482 1012 1534 provinciam
1033 1481 1180 1533 tetigit,
1213 1480 1264 1518 fic
1285 1479 1445 1518 fortuna
1465 1494 1558 1518 cum
1579 1481 1777 1533 improbi-

378 1556 454 1585 tate
486 1548 674 1593 certavit,
708 1557 751 1585 ut
783 1561 900 1586 nemo
931 1547 1079 1600 posset,
1112 1555 1248 1586 utrum
1279 1546 1468 1600 posterior
1499 1561 1548 1585 an
1579 1547 1782 1587 infelicior

374 1613 480 1659 effet,
506 1613 697 1665 judicare.

432 1680 497 1716 An
518 1693 608 1716 vero
630 1680 669 1716 in
693 1678 799 1730 Syria
820 1678 970 1716 diutius
991 1678 1045 1716 est
1066 1679 1291 1716 Semiramis
1313 1678 1382 1716 illa
1402 1678 1635 1717 retinenda?
1664 1679 1782 1732 cuj-us

378 1746 450 1782 iter
471 1746 510 1782 in
533 1745 777 1796 provinciam
799 1744 877 1781 fuit
897 1744 1115 1795 ejusmodi,
1149 1753 1193 1781 ut
1225 1758 1291 1782 rex
1319 1745 1607 1783 Ariobarzanes
1633 1745 1778 1783 corisu-

376 1810 455 1847 lem
486 1810 657 1847 vestrum
688 1809 734 1846 ad
766 1807 913 1846 caedem
946 1808 1192 1853 faciendam,
1226 1818 1415 1861 tanquam
1442 1810 1617 1862 aliquem
1643 1810 1777 1849 Thre-

376 1890 463 1913 cem
479 1871 499 1920 ,i
522 1875 774 1913 conduceret.
808 1874 964 1912 Deinde
990 1874 1179 1912 adventus
1207 1874 1248 1911 in
1276 1875 1425 1925 Syriam
1445 1876 1598 1926 primus
1620 1877 1775 1928 equita-

377 1952 439 1979 tus
462 1940 601 1979 habuit
622 1942 854 1978 interitum:
887 1940 971 1993 post
992 1940 1156 1979 concisae
1178 1940 1267 1978 sunt
1287 1940 1448 1993 optimae
1468 1940 1666 1980 cohortes.
1691 1942 1776 1995 Igi-

378 2017 441 2045 tur
462 2009 502 2044 in
526 2008 632 2058 Syria
646 2036 657 2052 ‚
689 2007 924 2059 imperatore
945 2006 1016 2044 illo
1031 2035 1042 2052 ,
1076 2006 1177 2044 nihil
1198 2006 1305 2044 aliud
1326 2008 1456 2044 aecum
1477 2006 1531 2044 est
1546 2036 1556 2053 ,
1590 2008 1659 2045 nifi
1681 2021 1776 2061 pac-

378 2075 502 2111 tiones
536 2072 793 2124 pecuniarum
827 2085 918 2110 cum
948 2073 1137 2124 tyrannis,
1170 2071 1398 2118 decisiones,
1430 2072 1686 2125 direptiones,
1718 2073 1778 2111 la-

378 2138 568 2182 trocinia,
601 2138 748 2182 caedes,
780 2151 873 2175 cum
902 2137 1030 2190 palam
1062 2137 1201 2190 populi
1234 2138 1407 2175 Romani
1439 2140 1677 2191 imperator,
1710 2139 1776 2176 in-

376 2205 520 2243 structo
540 2205 730 2249 exercitu,
748 2203 947 2242 dexteram
970 2204 1148 2249 tendens,
1167 2218 1245 2241 non
1268 2204 1314 2241 ad
1336 2204 1495 2243 laudem·
1509 2205 1657 2243 milites
1680 2204 1775 2243 hor-

377 2282 536 2316 taretur,
569 2271 632 2308 scd
651 2272 786 2308 omnia
805 2271 875 2309 fibi
897 2281 935 2309 et
955 2280 1101 2323 empta,
1133 2280 1171 2309 et
1193 2271 1371 2316 emenda,
1403 2272 1476 2310 effe
1496 2272 1697 2311 clamaret.

432 2339 483 2375 V.
507 2338 596 2388 Jam
613 2351 703 2374 vero
719 2336 953 2390 publicanos
970 2337 1130 2375 miseros
1151 2338 1233 2389 (me
1249 2337 1368 2374 etiam
1386 2337 1588 2383 miserum,
1612 2338 1781 2376 illorum*

377 2407 430 2443 ita
449 2404 496 2442 de
517 2417 580 2442 me
601 2405 832 2443 meritorum
856 2403 1020 2441 miseriis
1048 2417 1092 2441 ac
1121 2403 1274 2454 dolore)
1306 2404 1465 2442 tradidit
1486 2405 1527 2442 in
1549 2405 1775 2444 servitutem

375 2471 537 2523 Judaeis,
560 2479 599 2508 et
620 2471 739 2523 Syris,
763 2470 991 2510 nationibus
1010 2472 1111 2509 natis
1133 2470 1324 2510 servituti.
1350 2471 1494 2510 Statuit
1514 2471 1562 2509 ab
1583 2471 1714 2516 initio,
1737 2479 1782 2508 et⁴
