2076 2860
685 148 1365 197 PHILIPPICAI.
1646 144 1724 199 283

326 275 407 305 tam
429 260 585 318 proprie
607 259 687 298 dici
717 258 831 312 poffit
860 258 992 295 actum
1021 255 1132 307 ejus,
1164 252 1234 305 qui
1265 258 1421 303 togatus
1453 248 1493 286 in
1525 245 1728 300 republica

325 346 421 371 cum
441 329 629 384 potestate
649 325 898 379 imperioque
918 322 1086 361 versatus
1110 320 1169 365 sit,
1202 331 1321 372 quam
1348 317 1411 354 lex
1432 317 1444 354 ?
1478 316 1620 366 Qaere
1647 314 1727 350 aaa

327 395 528 437 Gracchi:
559 395 663 446 leges
686 390 925 445 Semproniae
947 386 1209 442 proferentur.
1244 387 1385 436 Qaere
1407 382 1547 434 Syllae:
1571 381 1726 418 Corne-2

326 464 403 502 liae.
427 461 565 514 Qid?
590 461 667 498 Cn.
683 457 866 510 Pompeii
887 457 1025 494 tertius
1047 452 1271 491 consulatus
1294 451 1334 488 in
1356 449 1502 502 quibus
1519 448 1611 485 actis
1629 459 1727 484 con-

327 529 426 568 stitit
446 530 458 566 ?
491 540 632 579 nempe
654 525 694 562 in
716 523 886 576 legibus.
919 522 957 560 A
979 520 1126 559 Caesare
1146 517 1229 570 ipso
1251 517 1276 555 s1
1299 528 1503 569 quaerereS,
1535 511 1728 566 quidnam

328 595 462 648 egiffet
478 594 518 631 in
540 593 637 630 urbe
652 600 690 629 et
706 600 816 642 toga;
840 589 944 641 leges
962 586 1106 625 multas
1124 582 1371 637 responderet
1388 581 1438 626 se,
1456 589 1493 618 et
1512 579 1725 632 praeclaras,

329 660 480 700 tuliffe:
504 657 765 710 chirographa
784 669 875 694 vero
896 663 962 692 aut
983 660 1168 695 mutaret,
1185 659 1252 688 aut
1273 662 1352 686 non
1373 647 1494 691 daret,
1512 655 1592 691 aut,
1611 645 1637 682 fi
1659 644 1729 682 de-

331 728 457 773 difl'et,
489 740 568 765 non
591 725 676 763 istas
699 737 756 762 res
779 724 819 760 in
840 721 933 759 actis
956 720 1032 758 suis
1054 719 1228 756 duceret.
1267 715 1339 753 Sed
1360 727 1403 752 ea
1424 712 1504 766 ipsa
1523 711 1698 750 concedo
1718 727 1728 749 :

332 793 567 846 quibusdam
589 792 629 829 in
651 790 766 828 rebus
787 788 906 826 etiam
927 785 1120 824 conniveo
1139 798 1147 821 ε
1182 784 1222 820 in
1251 780 1435 819 maximis
1465 791 1556 816 vero
1587 778 1702 815 rebus
1719 805 1730 821 ‚

332 859 372 898 id
392 859 445 897 est
465 857 636 911 legibus,
667 857 749 893 acta
770 853 928 892 Caesaris
950 850 1118 895 diffolvi,
1147 847 1355 886 ferendum
1378 859 1455 884 non
1478 853 1590 897 puto,

388 926 506 963 VIII.
531 925 629 975 Qae
645 922 709 959 lex
725 920 880 964 melior,
898 917 1049 961 utilior,
1068 915 1219 968 optima
1239 914 1358 951 etiam
1376 911 1578 964 republica
1594 909 1731 962 saepius

334 991 519 1043 flagitata,
542 1001 661 1042 quam
684 1001 731 1024 ne
752 984 940 1039 praetoriae
963 982 1173 1035 provinciae
1194 979 1283 1032 plus
1305 992 1425 1031 quam
1446 990 1610 1021 annum,
1637 987 1734 1012 neve

333 1057 424 1111 plus
445 1069 566 1109 quam
586 1053 794 1092 biennium
810 1048 1046 1093 consulares,
1068 1045 1368 1085 obtinerentur?
1394 1044 1481 1081 Hac
1499 1043 1584 1094 lege
1600 1041 1734 1078 subla-

334 1132 388 1169 ta,
410 1121 645 1160 videnturne
663 1118 775 1157 vobis
796 1118 878 1154 asta
899 1114 1056 1153 Caesaris
1078 1111 1216 1150 servari
1234 1112 1246 1148 ?
1279 1109 1391 1161 Qid
1409 1110 1422 1146 ?
1453 1121 1496 1146 ea
1516 1107 1617 1159 lege,
1648 1119 1736 1158 quae

336 1187 588 1243 promulgata
607 1185 660 1224 est
680 1185 727 1222 de
748 1184 863 1222 tertia
882 1181 1040 1219 decuria
1054 1179 1240 1232 judicum
1256 1206 1267 1222 ‚
1300 1189 1431 1214 nonne
1461 1187 1597 1212 omnes
1623 1172 1735 1225 judi-

338 1257 466 1294 ciariae
484 1254 590 1306 leges
612 1251 771 1290 Caesaris
799 1247 1091 1287 diffolvuntur?
1124 1246 1178 1283 Et
1205 1257 1272 1282 vos
1301 1245 1382 1281 aem
1410 1241 1568 1279 Caesaris
1596 1238 1736 1277 defen-

339 1321 460 1366 ditis,
492 1319 563 1372 qui
595 1318 699 1370 leges
730 1317 812 1368 ejus
843 1313 1048 1352 evertitis?
1082 1310 1169 1349 Nifi
1199 1308 1326 1353 forte,
1359 1308 1385 1345 fi
1414 1306 1511 1360 quid
1537 1305 1738 1344 memoriae

337 1387 452 1426 causa
471 1385 607 1424 retulit
627 1383 667 1421 in
688 1381 889 1425 libellum,
921 1379 962 1417 id
982 1376 1255 1416 numerabitur
1275 1375 1316 1413 in
1337 1373 1445 1418 acris,
1477 1382 1530 1417 et,
1557 1371 1737 1425 quamvis

340 1455 528 1507 iniquum
547 1460 586 1489 et
606 1449 750 1488 inutile
770 1448 830 1492 fit,
852 1445 1104 1484 defendetur:
1128 1442 1236 1495 quod
1256 1440 1302 1478 ad
1323 1440 1518 1493 populum
1538 1437 1739 1476 centuria-

342 1521 394 1558 tis
415 1518 590 1557 comitiis
612 1516 720 1559 tulit,
753 1514 793 1551 id
814 1514 855 1551 in
876 1512 968 1550 a&is
991 1510 1150 1548 Caesaris
1174 1521 1251 1545 non
1273 1506 1499 1544 habebitur.

400 1587 456 1623 At
477 1597 562 1636 quae
583 1581 635 1619 est
658 1581 726 1618 ista
745 1579 858 1617 tertia
878 1576 1062 1615 decuria?
1087 1573 1395 1615 Centurionum,
1418 1570 1565 1621 inquit.
1598 1569 1739 1622 Qid?

343 1651 406 1690 isti
427 1649 556 1688 ordini
572 1647 772 1700 judicatus
795 1645 880 1697 lege
901 1642 1028 1694 Julia,
1060 1640 1179 1678 etiam
1199 1648 1287 1676 ante
1310 1636 1520 1688 Pompeia,
1553 1635 1739 1679 Aurelia,

347 1731 427 1756 non
443 1715 623 1769 patebat?
644 1711 792 1751 Census
811 1708 1113 1764 praefiniebatur‚
1132 1705 1278 1757 inquit.
1298 1704 1393 1742 Non
1410 1702 1633 1740 centurioni
1649 1702 1743 1754 qui-

347 1785 439 1823 dem
459 1783 587 1821 solum
602 1811 613 1826 ‚
646 1779 709 1818 sed
729 1777 856 1831 equiti
876 1777 995 1814 etiam
1017 1775 1215 1812 Romano.
1261 1772 1397 1822 Itaque
1422 1769 1496 1806 viri
1517 1767 1714 1806 fortissimi
1731 1797 1742 1813 ‚

346 1860 466 1904 atque
485 1845 766 1890 honestiffimi,
798 1844 868 1898 qui
897 1842 1052 1881 ordines
1079 1840 1302 1882 duxerunt,
1334 1849 1392 1874 res
1413 1834 1674 1887 etjudicant,
1706 1843 1747 1873 et

342 1917 636 1971 judicaverunt.
680 1913 777 1952 Non
808 1922 953 1963 quaero,
985 1906 1132 1960 inquit,
1164 1904 1282 1942 istos:
1316 1903 1545 1955 quicunque
1565 1900 1747 1939 ordinem

348 1984 480 2027 duxit,
505 1980 673 2035 judicet.
707 1979 762 2016 At
784 1976 809 2015 fi
831 1975 998 2018 ferretis,
1021 1973 1251 2025 quicunque
1271 1982 1374 2021 equo
1395 1966 1607 2012 meruisset,
1639 1966 1748 2019 quod

350 2049 404 2088 est
434 2048 656 2091 laudatius,
688 2043 839 2082 nemini
871 2039 1115 2094 probaretis:
1149 2038 1189 2075 in
1218 2036 1352 2089 judice
1382 2033 1491 2072 enirn
1523 2033 1682 2086 spectari
1709 2042 1749 2072 et

354 2115 514 2153 fortuna
533 2113 664 2157 debet,
687 2120 726 2148 et
747 2108 932 2161 dignitas.
951 2106 1048 2144 Non
1069 2118 1214 2157 quoero,
1233 2102 1379 2155 inquit,
1398 2100 1490 2139 ista:
1514 2099 1613 2138 addo
1629 2100 1750 2139 etiam

348 2180 504 2233 judices
526 2177 787 2230 manipulares
808 2187 855 2212 ex
876 2173 1031 2225 legione
1053 2170 1296 2208 Alaudarum
1315 2183 1324 2206 ε
1357 2166 1469 2204 aliter
1495 2167 1602 2204 enim
1630 2165 1751 2203 nostri

356 2255 500 2299 negant
532 2244 634 2297 pofl‘e
667 2242 702 2280 se
734 2241 856 2279 salvos
887 2238 973 2277 effe.
1019 2238 1055 2275 O
1090 2233 1424 2274 contumeliosum
1450 2232 1642 2270 honorem
1675 2231 1722 2269 iis
1737 2259 1748 2275 ,

357 2325 457 2365 quos
485 2310 531 2347 ad
554 2306 815 2362 judicandum
837 2318 907 2343 nec
929 2304 1134 2357 opinantes
1156 2301 1303 2339 vocatis
1324 2299 1331 2337 ἔ
1364 2298 1430 2337 hic
1452 2298 1559 2335 enim
1580 2296 1632 2334 est
1653 2296 1750 2347 legis

359 2378 492 2422 index,
512 2386 555 2414 ut
571 2376 598 2413 ii
620 2387 677 2412 res
695 2375 734 2411 in
753 2372 864 2410 tertia
880 2369 1242 2422 decuriajudicent,
1262 2366 1330 2418 qui
1348 2365 1469 2402 libere
1480 2365 1493 2416 j
1503 2364 1655 2401 udicare
1672 2374 1752 2398 non

359 2444 541 2484 audeant.
587 2443 631 2481 In
661 2453 740 2494 quo
767 2447 936 2493 quantus
959 2436 1011 2475 est
1031 2449 1160 2480 error,
1194 2434 1264 2472 Dii
1287 2431 1528 2469 immortales
1549 2430 1555 2465 !
1589 2441 1751 2474 eorum,

1303 2498 1342 2535 N
1375 2510 1398 2534 ιι
1432 2509 1452 2533 2
