2076 2860
733 198 809 236 IN
870 198 919 235 L.
982 194 1337 234 PISONEM,
1664 207 1734 245 1:5⁴,

336 295 413 333 tuti
434 295 506 333 esse
536 293 745 347 poffemuS.
779 293 868 342 Ego
899 290 975 328 tela
1003 297 1182 327 extremo
1213 287 1345 326 mense
1375 286 1599 324 consulatus
1631 284 1735 329 mei,

334 360 654 414 intentajugulis
677 358 864 402 civitatis,
892 356 939 393 de
960 356 1258 408 conjuratorum
1280 353 1439 392 nefariis
1462 352 1646 390 manibus
1667 364 1736 388 ex-

334 428 438 466 torfi.
464 428 552 479 Ego
572 425 691 470 faces,
709 425 794 477 jam
815 422 991 461 accensas
1013 421 1060 460 ad
1080 421 1200 474 hujus
1222 421 1330 459 urbis
1352 419 1599 463 incendium,
1622 431 1735 456 com-

332 492 539 546 prehendi,
571 491 735 546 protuli,
766 489 934 528 extinxi.

390 561 467 599 III.
501 560 573 598 Me
590 555 842 612 QCatuluS,
861 556 1044 608 princeps
1061 553 1180 606 hujus
1197 553 1361 597 ordinis,
1380 561 1418 590 et
1435 553 1567 590 auCtor
1583 550 1736 604 publici

333 627 502 672 confini,
520 624 834 679 frequentiffimo
852 623 984 660 senatu
1001 630 1203 674 parentem
1220 620 1353 672 patriae
1372 617 1606 656 nominavit.
1628 615 1737 654 Mihi

333 692 401 732 hic
422 693 482 731 vir
502 692 748 735 clariffimus,
768 690 837 743 qui
858 698 1019 742 propter
1036 696 1072 725 te
1090 686 1207 731 sedet,
1227 687 1276 723 L.
1292 685 1465 729 Gellius,
1488 683 1550 722 his
1573 682 1736 721 audien-

335 760 443 798 tibus
459 790 469 805 ,
501 759 671 797 civicam
691 770 878 795 coronam
899 754 1033 792 deberi
1055 767 1076 790 a
1098 751 1301 805 republica
1320 750 1438 788 dixit.
1471 749 1583 787 Mihi
1605 757 1739 801 togato

334 826 502 872 senatus,
526 840 620 871 non,
643 834 688 863 ut
708 823 863 867 multis,
887 822 986 859 bene
1006 820 1133 872 gestae,
1154 818 1231 863 sed,
1254 826 1299 855 ut
1320 816 1487 861 nemini,
1506 815 1737 854 conservatae

336 893 586 946 reipublicae,
620 889 803 942 fingulari
835 900 976 940 genere
1009 884 1307 938 supplicationis
1322 913 1332 929 ‚
1366 884 1547 921 Deorum
1569 882 1736 920 immor-

336 959 477 997 talium
499 956 646 1009 templa
666 953 868 1008 patefecit.
902 954 1005 1004 Ego,
1029 965 1122 989 cum
1144 951 1184 988 in
1206 949 1413 993 concione,
1437 947 1570 985 abiens
1594 946 1738 999 magis-

336 1033 455 1069 tratu,
487 1023 616 1061 dicere
645 1036 666 1059 a
695 1020 857 1059 tribuno
888 1018 1015 1071 plebis
1047 1015 1292 1070 prohiberer,
1324 1029 1410 1067 quae
1444 1013 1737 1058 constitueram,

335 1104 509 1143 cumque
531 1090 562 1128 is
585 1087 687 1126 mihi
710 1084 989 1125 tantummodo
1011 1093 1055 1122 ut
1071 1085 1246 1136 jurarem
1268 1081 1539 1134 permitteret3
1564 1080 1643 1118 fine
1660 1079 1740 1117 ulla

335 1157 583 1195 dubitatione
599 1155 744 1208 juravi,
778 1151 1069 1205 rempublicam
1090 1159 1208 1202 atque
1228 1147 1330 1186 hanc
1352 1147 1493 1185 urbem
1515 1160 1601 1184 mea
1621 1145 1738 1184 unius

335 1237 452 1276 opera
471 1222 543 1260 effe
560 1222 717 1260 salvam.
738 1219 848 1258 Mihi
864 1217 1036 1271 populus
1055 1218 1260 1254 Romanus
1279 1213 1479 1252 universus
1497 1213 1566 1250 illa
1581 1213 1622 1250 in
1639 1226 1737 1250 con-

337 1290 450 1327 cione
472 1301 552 1326 non
574 1287 691 1325 unius
713 1286 791 1323 diei
821 1283 1127 1336 gratulationem
1143 1311 1153 1327 ‚
1186 1280 1250 1319 sed
1280 1279 1539 1318 aeternitatem
1569 1277 1737 1316 immor-

337 1356 624 1407 talitatemque,
643 1353 818 1397 donavit,
837 1365 930 1389 cum
947 1347 1391 1401 meumjusjurandum,
1415 1346 1491 1383 tale
1512 1354 1630 1397 atque
1652 1354 1739 1382 tan-

339 1431 440 1467 tum,
464 1422 619 1474 juratus
641 1419 735 1472 ipse,
769 1431 843 1455 una
865 1430 960 1454 voce
981 1424 1020 1453 et
1041 1413 1230 1453 consensu
1251 1412 1496 1466 approbavit.
1531 1413 1625 1463 Qo
1646 1411 1738 1464 qui-

335 1488 427 1526 dem
448 1497 626 1539 tempore
646 1486 678 1523 is
700 1497 810 1523 meus
834 1483 1000 1521 domum
1016 1480 1096 1519 fuit
1111 1494 1132 1518 e
1153 1479 1240 1519 foro
1262 1479 1424 1523 reditus,
1447 1487 1492 1515 ut
1513 1491 1644 1521 nemo,
1669 1476 1739 1514 nifi

337 1555 407 1607 qui
429 1567 588 1591 mecum
609 1551 699 1589 effet
715 1581 725 1595 ‚
757 1551 908 1587 civium
929 1548 1001 1586 effe
1026 1548 1067 1584 in
1089 1560 1256 1584 numero
1276 1545 1487 1582 videretur.
1529 1544 1665 1595 Atque
1686 1542 1741 1579 ita

337 1621 390 1658 est
411 1635 431 1657 a
452 1633 515 1657 me
535 1618 759 1656 consulatus
782 1617 973 1668 peractus,
1003 1622 1045 1650 ut
1067 1611 1169 1649 nihil
1191 1611 1268 1648 fine
1289 1610 1452 1647 confilio
1473 1609 1641 1653 senatus,
1674 1608 1738 1646 ni-

337 1686 397 1724 hil
428 1698 507 1722 non
537 1682 778 1736 approbante
808 1680 958 1732 populo
990 1679 1199 1721 Romano,
1231 1676 1408 1728 egerim3
1443 1684 1487 1712 ut
1517 1674 1668 1726 semper
1697 1673 1739 1711 in

339 1751 488 1790 Rostris
511 1750 675 1793 curiam,
699 1748 739 1785 in
762 1747 895 1784 senatu
915 1743 1128 1798 populum,
1152 1741 1420 1786 defenderim3
1444 1749 1489 1778 ut
1504 1739 1737 1778 multitudi-

340 1831 429 1856 nem
451 1830 545 1854 cum
566 1814 814 1868 principibus
832 1842 841 1857 ,
873 1810 1092 1863 equestrem
1122 1808 1303 1846 ordinem
1331 1821 1425 1845 cum
1447 1807 1580 1844 senatu
1598 1836 1607 1850 ,
1639 1819 1737 1844 con-

332 1883 551 1937 junxerim.
585 1880 762 1934 Exposui
784 1879 954 1917 breviter
974 1876 1224 1915 consulatum
1245 1888 1396 1912 meum.

396 1950 468 1988 IV.
503 1948 617 1986 Aude
640 1960 760 1991 nunc,
795 1946 831 1983 O
853 1944 970 1989 furia,
993 1943 1040 1980 de
1063 1953 1131 1980 tuo
1152 1942 1305 1979 dicere:
1340 1941 1452 1992 cujus
1476 1938 1554 1976 fuit
1575 1938 1738 1976 initium

339 2016 424 2054 ludi
446 2013 718 2066 Compitalitii
736 2042 746 2057 ‚
780 2021 867 2048 tum
889 2010 1066 2062 primum
1089 2007 1180 2045 facti
1202 2007 1287 2060 post
1309 2007 1357 2044 L.
1383 2005 1600 2043 Metellum
1622 2013 1660 2041 et
1683 2005 1749 2055 Q

338 2081 540 2120 Marcium
561 2078 755 2122 consules,
773 2085 910 2114 contra
929 2074 1200 2112 auctoritatem
1222 2072 1341 2124 hujus
1363 2071 1536 2109 ordinis:
1560 2083 1659 2122 quos
1683 2070 1748 2120 Q

339 2147 531 2185 Metellus
552 2144 673 2197 (facio
690 2143 875 2195 injuriam
896 2140 1105 2179 fortisfimo
1121 2140 1205 2178 viro
1227 2147 1401 2183 mortuo,
1420 2137 1489 2190 qui
1511 2137 1645 2180 illum,
1663 2149 1736 2173 cu-

322 2215 399 2265 ›jus
422 2225 564 2265 paucos
587 2223 694 2263 pares
716 2208 799 2246 haec
820 2208 958 2246 civitas
979 2206 1073 2244 tulit
1088 2236 1099 2251 ,
1131 2219 1225 2244 cum
1255 2204 1328 2243 hac
1359 2204 1587 2256 importuna
1609 2201 1737 2240 bellua

339 2277 558 2326 conferam)
579 2275 642 2314 sed
663 2275 731 2313 ille
747 2275 966 2327 designatus
983 2273 1135 2318 consul,
1154 2285 1248 2310 cum
1265 2270 1428 2324 quidam
1445 2270 1628 2308 tribunus
1650 2268 1734 2320 ple-

342 2345 401 2383 bis
423 2344 491 2381 suo
507 2342 656 2381 auxilio
672 2340 874 2394 magistros
892 2340 1004 2378 ludos
1026 2348 1164 2377 contra
1184 2335 1591 2376 senatus-consultum
1612 2333 1739 2371 facere

336 2409 522 2465 justitiet,
555 2409 727 2461 prIVatus
761 2407 844 2445 fieri
876 2408 1030 2451 vetuit;
1062 2415 1180 2458 atque
1213 2405 1278 2450 id,
1311 2402 1419 2456 quod
1451 2401 1630 2440 nondum
1663 2412 1736 2451 po-

341 2476 474 2516 testate
506 2483 658 2528 poterat
674 2503 684 2519 ,
715 2473 893 2513 obtinuit
925 2471 1167 2511 auctoritate,
1212 2473 1278 2509 Tu
1296 2499 1305 2515 ‚
1338 2482 1431 2507 cum
1466 2468 1506 2505 in
1544 2464 1738 2504 Kalendas

425 2544 492 2582 To
505 2555 557 2582 M.
590 2541 665 2580 VI.
1401 2534 1435 2569 V
