2076 2860
643 171 1222 212 PHILIPPICA
1299 173 1419 214 XIII.
1655 189 1736 229 455

333 276 485 316 hostem
501 274 711 327 justiffimo
732 274 839 313 bello
861 275 1039 327 persequi
1059 277 1071 314 ?
1103 277 1164 315 At
1184 276 1355 315 militibus
1374 277 1513 329 inclzfis
1532 287 1627 331 opem
1641 280 1735 331 fer-

334 344 396 382 tis.
437 341 549 381 Nihil
572 355 689 379 moror
708 355 761 379 eos
776 341 904 393 salvos
933 341 1005 394 effe,
1036 351 1071 381 et
1098 342 1153 381 ire
1183 357 1248 395 quo
1265 343 1403 394 jubetis
1418 362 1430 388 ;
1447 345 1490 396 st
1519 354 1637 383 tamen
1661 355 1733 398 pa·

336 410 485 449 tiuntur
496 408 622 461 perire
640 422 731 452 eum,
763 407 827 460 qui
842 409 987 446 meruit.
1026 409 1163 461 Qam
1185 410 1355 462 benigne
1375 411 1382 447 Ι
1417 411 1587 464 denique
1609 413 1663 450 ufi
1685 413 1737 450 li-

339 475 541 514 beralitate
574 474 743 512 Antonii
776 474 925 512 milites
957 475 1237 527 imperatorem
1269 476 1530 529 reliquerunt‚
1564 487 1602 516 et
1632 478 1669 517 se
1693 479 1739 516 ad

339 541 493 581 hostem
513 550 624 580 metu
645 541 843 592 perterriti
863 541 1121 580 contulerunt
1140 558 1148 581 z
1182 556 1251 595 per
1280 557 1379 596 quos
1410 544 1437 581 fi
1466 558 1543 582 non
1566 545 1738 592 stetiffet,

339 622 420 646 non
455 607 666 645 Dolabella
695 608 803 659 prIus
836 608 1065 660 imperatori
1100 608 1193 654 suo,
1226 622 1347 660 quam
1384 611 1586 649 Antonius
1621 613 1742 650 etiam

338 675 515 726 collegae,
549 672 791 726 parentaffet.

398 739 606 779 Concordiae
620 740 770 792 factam
800 739 860 793 effi>
888 740 1095 779 mentionem
1109 740 1278 793 scribitis
1307 740 1344 779 in
1360 742 1511 793 st’natu,
1544 752 1579 781 et
1612 744 1745 795 legatos

342 805 405 859 effe
424 806 621 860 consulares
650 806 816 859 quinque.
857 806 1016 859 Dffcile
1044 805 1088 858 cst
1120 805 1272 851 credere,
1303 821 1369 852 eos,
1401 807 1467 860 qui
1492 823 1545 846 me
1569 810 1744 862 praecipi-

344 884 416 912 tem
435 873 588 926 egerint,
618 873 826 926 cequiffimas
854 872 1064 912 conditiones
1079 874 1277 926 ferentem,
1309 882 1345 911 et
1371 882 1493 913 tamen
1521 890 1564 914 ex
1591 876 1647 914 his
1673 877 1746 915 ali-

345 939 435 994 quid
449 939 632 978 remittere
651 940 880 992 cogitantem,
905 948 1044 992 putare
1071 939 1210 993 aliquid
1236 935 1415 979 moderate
1431 951 1499 980 aut
1517 941 1669 981 humane
1687 943 1748 997 este

332 1007 522 1060 facturos·
557 1006 629 1045 Vix
655 1006 763 1044 etiam
792 1006 979 1057 verg'fimile
1008 1006 1067 1059 est,
1098 1007 1163 1060 qui
1177 1007 1433 1058 judicaverint
1465 1009 1589 1062 hostem
1623 1010 1747 1049 Dola-

345 1072 475 1113 bellam
508 1071 549 1111 ob
587 1072 808 1124 reflg'ffi'mum
831 1073 1001 1125 facinus,
1043 1072 1169 1126 easdem
1206 1073 1303 1112 nobis
1333 1083 1488 1126 parcere
1518 1075 1624 1129 poffe,
1663 1076 1751 1116 idem

333 1137 587 1194 sentientibus.
633 1138 829 1176 Parumne
868 1138 1024 1177 videtur
1058 1140 1242 1177 omnium
1280 1138 1505 1178 facinorum
1546 1142 1618 1180 fibi
1657 1156 1753 1181 cum

350 1204 563 1244 Dolabella
582 1203 810 1242 societatem
830 1205 971 1243 initam
992 1205 1203 1243 confiteri?
1235 1219 1368 1244 nonne
1388 1207 1564 1252 cernitis,
1596 1221 1644 1246 ex
1672 1223 1753 1249 uno

349 1270 463 1311 fonte
483 1270 619 1309 omnia
638 1269 780 1309 scelera
800 1284 955 1309 manare
972 1272 984 1308 ?
1012 1271 1098 1323 Ipse
1119 1270 1289 1323 denique
1308 1271 1468 1318 fatetur,
1491 1272 1568 1312 hoc
1588 1274 1753 1326 quidem

351 1337 441 1376 satis
463 1345 590 1381 acute,
622 1349 703 1374 non
735 1335 839 1388 poffe
870 1350 951 1381 eos,
983 1336 1053 1388 qui
1084 1335 1238 1375 hostem
1271 1337 1525 1377 Dolabellam
1545 1340 1752 1391 judicave-

352 1404 434 1443 rint
465 1402 517 1440 ob
549 1401 805 1441 rectiffimum
837 1401 1007 1448 facinus,
1043 1403 1115 1455 (ita
1143 1403 1253 1442 enim
1282 1403 1438 1443 videtur
1457 1406 1657 1457 Antonio)
1681 1407 1753 1446 fibi

353 1483 524 1524 parcere,
555 1469 663 1508 idem
683 1470 882 1509 sentienti.

410 1537 570 1576 XVIII.
594 1536 705 1588 Qid
726 1535 822 1575 huic
843 1536 976 1582 facias,
998 1538 1067 1589 qui
1088 1535 1171 1575 haec
1192 1536 1317 1575 literis
1339 1539 1619 1591 memoriaeque
1638 1553 1753 1577 man-

353 1603 472 1648 darit,
495 1603 549 1641 ita
569 1603 640 1640 fibi
661 1603 880 1641 convenisse
901 1617 995 1641 curn
1017 1603 1241 1648 Dolabella,
1261 1613 1304 1642 ut
1324 1604 1393 1642 ille
1415 1605 1681 1651 Trebonium,
1700 1616 1752 1652 et,

356 1670 384 1708 fi
406 1668 542 1723 posset,
565 1670 684 1707 etiam
707 1670 891 1715 Brutum,
916 1669 1104 1715 Caffium,
1126 1669 1380 1708 discruciatos
1401 1681 1571 1717 necaret,
1597 1673 1754 1711 eadem-

357 1750 435 1788 que
457 1735 655 1773 inhiberet
674 1735 868 1788 supplicia
888 1736 1028 1774 nobis?
1053 1735 1349 1774 conservandus
1367 1737 1464 1775 civis
1482 1751 1576 1775 cum
1592 1747 1672 1775 tam
1690 1739 1756 1791 pio

352 1803 538 1856 justoque
558 1801 719 1841 foedere.
748 1804 785 1841 Is
807 1804 926 1841 etiam
947 1803 1126 1855 queritur
1146 1804 1394 1842 conditiones
1417 1805 1499 1842 suas
1521 1805 1755 1857 repudiatas,

360 1883 488 1922 aequas
509 1869 673 1922 quidem
695 1879 732 1907 et
753 1869 1006 1914 verecundas,
1029 1878 1072 1907 ut
1094 1870 1252 1908 haberet
1270 1870 1446 1908 Galliam
1468 1871 1668 1917 ultimam,
1687 1886 1756 1925 ap-

362 1935 548 1974 tiffimam
569 1935 615 1973 ad
636 1935 789 1973 bellum
812 1936 1079 1974 renovandum
1101 1936 1453 1989 instruendumque
1482 1939 1727 1990 provinciam
1745 1958 1757 1985 3

360 2011 406 2039 ut
435 2001 597 2040 Alaudae
630 2002 670 2040 in
704 2002 817 2040 tertia
849 2003 1006 2040 decuria
1031 2002 1271 2054 judicarent,
1304 2003 1344 2040 id
1365 2002 1432 2048 est,
1465 2013 1509 2042 ut
1531 1994 1760 2057 perfugium

364 2068 554 2106 scelerum
574 2067 664 2106 effet
686 2081 779 2105 cum
801 2068 1030 2120 turpissimis
1053 2068 1281 2121 reipublicae
1302 2069 1506 2116 sordibus3
1532 2080 1575 2109 ut
1595 2073 1676 2108 aaa
1696 2072 1763 2110 sua

365 2142 445 2171 rata
463 2133 597 2179 effent,
620 2134 733 2185 cujus
755 2133 914 2171 nullum
936 2143 1109 2172 remanet
1128 2135 1353 2174 consulatus
1375 2135 1598 2189 vestigium.
1634 2139 1761 2176 Cave-

366 2200 433 2237 bat
457 2199 577 2236 etiam
608 2200 658 2237 L.
683 2199 877 2245 Antonio,
909 2200 977 2252 qui
1008 2199 1136 2239 fuerat
1168 2202 1405 2254 aequiffimus
1437 2203 1519 2255 agri
1550 2203 1693 2256 privati
1723 2213 1762 2242 et

367 2265 520 2318 publici
541 2264 855 2317 decempedator,
887 2266 1050 2305 Nucula
1070 2276 1108 2306 et
1130 2268 1310 2307 Lentone
1330 2269 1497 2322 collega.

425 2330 661 2382 Qamobrem
692 2345 756 2370 vos
782 2332 904 2384 potius
937 2332 1233 2380 animadvertite,
1265 2344 1389 2374 utrum
1405 2336 1463 2386 fit
1480 2335 1692 2388 elegantius,
1724 2343 1760 2373 et

362 2397 535 2450 partibus
555 2397 691 2441 utilius,
724 2394 892 2436 Trebonii
906 2408 1052 2437 mortem
1073 2401 1250 2453 persequi,
1280 2416 1329 2440 an
1360 2402 1515 2455 Caesaris
1530 2417 1543 2440 :
1575 2410 1610 2439 et
1638 2411 1764 2439 utrum

356 2464 410 2515 fit
446 2464 595 2518 aequius,
626 2478 838 2503 concurrere
866 2479 940 2510 nos,
976 2481 1042 2518 quo
1055 2466 1211 2518 facilius
1239 2467 1439 2520 reviviscat
1470 2467 1764 2520 Pompeianorum

369 2531 487 2583 calfit,
519 2531 622 2571 toties
645 2531 850 2583 jugulata5
883 2546 930 2572 an
961 2532 1168 2587 consentire,
1198 2547 1241 2573 ne
1279 2532 1428 2573 ludibrio
1447 2534 1563 2585 fimus
1598 2533 1762 2574 inimicis.
