2076 2860
668 195 1241 242 PH1L1PP10A
1317 193 1375 234 11.
1637 202 1713 243 291

330 317 412 347 tam
431 305 504 345 effe
524 303 756 343 criminatus
777 301 853 347 est,
883 300 992 355 quod
1010 312 1083 352 ego
1103 296 1369 351 graviffimum
1389 294 1540 333 crimen
1554 292 1720 346 judico,

329 386 452 427 pauca
471 372 615 410 dicam.

387 440 442 478 ΙΙ,
476 439 625 476 Contra
651 449 734 474 rem
761 434 868 473 suam
894 431 1036 471 venisse
1063 444 1126 469 me
1146 429 1276 468 nescio
1296 427 1452 482 quando
1473 425 1628 478 questus
1649 425 1719 463 est.

330 507 396 545 An
418 519 491 558 ego
512 517 591 543 non
611 503 786 541 venirem
807 509 944 539 contra
962 499 1136 536 alienum
1157 510 1227 549 pro
1247 494 1432 533 familiari
1453 502 1491 531 et
1514 491 1723 530 neceffario

331 585 421 611 meo
441 573 453 609 ?
485 584 563 609 non
585 570 760 608 venirem
781 576 917 606 contra
936 565 1116 618 gratiam,
1148 576 1227 600 non
1248 561 1404 600 virtutis
1426 560 1504 612 spe,
1536 558 1599 596 sed
1629 567 1721 596 aeta-

332 638 383 676 tis
405 637 522 682 flore,
553 635 759 674 collectam
777 635 790 672 ?
824 646 901 671 non
923 631 1097 670 venirem
1117 639 1254 667 contra
1274 627 1479 679 injuriam,
1515 638 1634 677 quam
1655 623 1724 661 iste

334 703 591 742 intercefforis
613 700 845 754 iniquiffimi
866 697 1059 737 beneficio
1079 695 1269 739 obtinuit,
1301 706 1381 731 non
1400 693 1488 744 jure
1510 689 1690 743 praetorio
1708 690 1722 725 ?

335 771 408 808 Sed
428 769 505 808 hoc
527 769 675 807 idcirco
695 774 1053 806 commemoratum
1073 776 1093 800 a
1114 771 1151 800 te
1171 771 1283 814 puto,
1313 768 1357 797 ut.
1377 768 1415 796 te
1435 757 1575 795 infimo
1595 756 1725 794 ordini

334 836 645 880 commendares,
676 847 769 872 cum
790 841 827 870 te
847 843 983 869 omnes
1005 827 1298 867 recordarentur
1317 824 1495 863 libertini
1519 836 1724 875 generum,

335 912 374 941 et
395 903 538 940 liberos
561 911 648 939 tuos
671 908 830 952 nepotes
856 895 1061 949 QFadii,
1094 893 1272 932 libertini
1292 890 1482 935 hominis,
1514 888 1641 926 fuiffe.

392 971 448 1007 At
463 969 570 1006 enim
586 976 623 1004 te
644 966 684 1003 in
702 964 951 1017 disciplinam
968 975 1097 1000 meam
1114 959 1342 998 tradideras:
1367 970 1458 995 nam
1481 956 1553 1008 (ita
1573 954 1724 1004 dixisti)

336 1034 503 1072 domum
523 1045 652 1070 meam
671 1031 894 1068 ventitaras.
939 1029 1014 1066 Nae
1035 1036 1098 1071 tu,
1131 1026 1156 1063 fi
1179 1025 1219 1063 id
1240 1023 1403 1067 feciffes,
1435 1020 1577 1060 melius
1598 1019 1727 1064 famae,

336 1100 479 1138 melius
500 1097 701 1151 pudicitiae
723 1105 812 1140 tuae,
844 1091 1111 1132 consuluifl‘es.
1145 1090 1218 1128 Sed
1239 1103 1310 1127 nec
1331 1087 1471 1132 fecisti,
1495 1099 1581 1132 nec,
1608 1085 1634 1124 fi
1655 1099 1728 1123 cu-

337 1179 462 1219 peres,
493 1164 568 1202 tibi
590 1163 630 1201 id
651 1176 719 1215 per
740 1162 789 1199 C.
813 1159 1031 1198 Curionem
1051 1157 1177 1195 facere
1197 1154 1379 1194 licuiffet.

395 1232 623 1282 Auguratus
644 1228 879 1280 petitionem
906 1224 1009 1263 mihi
1039 1233 1076 1261 te
1106 1221 1325 1261 conceffiffe
1354 1218 1500 1258 dixisti.
1535 1220 1571 1256 O
1600 1217 1730 1256 incre-

339 1297 506 1335 dibilem
533 1295 735 1334 audaciam
755 1294 761 1331 !
797 1294 833 1330 O
856 1291 1145 1345 impudentiam
1167 1288 1451 1342 praedicandam
1471 1286 1478 1324 !
1513 1287 1605 1337 Qo
1625 1285 1733 1323 enim

341 1374 519 1416 ternpore
540 1375 602 1400 me
622 1373 812 1413 augurem
831 1373 851 1396 a
872 1368 955 1396 toto
977 1357 1147 1408 collegio
1167 1355 1389 1408 expetitum
1417 1354 1494 1391 Cn.
1519 1351 1732 1404 Pompeius

339 1439 380 1468 et
401 1428 714 1481 QHortenfius
736 1425 1064 1468 nominaverunt,
1099 1424 1245 1474 (neque
1265 1421 1373 1458 enim
1394 1419 1538 1457 licebat
1564 1432 1585 1455 a
1604 1418 1734 1470 pluri-

341 1495 416 1534 bus
448 1493 662 1543 nominari)
698 1502 741 1530 tu
774 1505 844 1529 nec
878 1489 1062 1528 solvendo
1093 1501 1188 1532 eras,
1222 1501 1292 1524 nec
1321 1495 1358 1524 te
1386 1486 1469 1523 u'llo
1497 1484 1631 1528 modo,
1663 1483 1735 1520 nifi

341 1561 470 1601 eversa
490 1559 716 1612 republica,
748 1557 993 1595 incolumem
1023 1554 1106 1592 fore
1135 1552 1314 1606 putabas.
1358 1551 1516 1588 Poteras
1537 1558 1668 1587 autem
1689 1561 1736 1586 eo

344 1637 522 1679 tempore
553 1633 787 1676 auguratum
820 1632 970 1675 petere,
1001 1634 1094 1658 cum
1127 1620 1168 1656 in
1202 1618 1315 1656 Italia
1346 1616 1470 1654 Curio
1501 1629 1581 1654 non
1612 1614 1735 1652 effet?

344 1703 412 1731 aut
434 1702 519 1730 tum
533 1721 544 1737 ,
576 1704 669 1728 cum
690 1703 729 1728 es
750 1689 874 1728 factus
888 1717 899 1733 ,
931 1700 1050 1725 unam
1077 1685 1228 1723 tribum
1249 1683 1327 1721 fine
1348 1682 1522 1720 Curione
1542 1680 1641 1719 ferre
1661 1693 1735 1733 po-

346 1759 503 1798 tuiffes?
526 1758 639 1810 cujus
655 1757 774 1795 etiam
795 1755 1006 1793 familiares
1027 1752 1075 1790 de
1095 1751 1134 1789 vi
1154 1748 1406 1789 condemnati
1427 1748 1531 1793 sunt,
1549 1745 1658 1800 quod
1679 1746 1737 1785 tui

347 1826 466 1865 nimis
487 1824 643 1862 studiosi
664 1822 836 1861 fuiffent.

376 1893 452 1931 III.
477 1892 532 1929 At
553 1889 745 1928 beneficio
766 1889 852 1927 sum
868 1886 958 1925 usus
974 1894 1058 1924 tuo.
1083 1885 1201 1936 Qo?
1224 1895 1451 1936 quanquam
1471 1879 1573 1919 illud
1593 1879 1738 1932 ipsum,

346 1956 456 2011 quod
482 1968 783 2001 commemoras,
815 1953 964 2005 semper
991 1965 1067 2005 prae
1095 1963 1158 1989 me
1185 1949 1275 1988 tuli.
1318 1947 1450 1986 Malui
1476 1960 1545 1984 me
1566 1945 1642 1984 tibi
1669 1945 1739 1982 dc-

349 2023 440 2061 bere
460 2021 656 2067 confiteri,
687 2034 807 2074 quam
831 2019 1019 2071 cuiquam
1039 2017 1172 2054 minus
1193 2013 1378 2068 prudenti
1399 2026 1479 2050 non
1500 2011 1588 2050 satis
1608 2020 1740 2064 gratus

350 2088 487 2126 videri.
526 2087 598 2125 Sed
619 2100 699 2138 quo
720 2084 912 2123 beneficio
931 2084 944 2120 ?
976 2081 1084 2134 quod
1104 2095 1167 2120 me
1188 2079 1396 2119 Brundusii
1417 2092 1496 2116 non
1517 2077 1706 2116 occideris
1726 2078 1740 2113 ?

349 2154 487 2206 Qem
507 2153 586 2205 ipse
607 2153 753 2196 victor,
784 2150 854 2202 qui
875 2149 973 2193 tibi,
1006 2157 1050 2186 ut
1070 2158 1154 2186 tute
1174 2147 1333 2200 gloriari
1354 2144 1517 2189 solebas,
1549 2143 1742 2181 detulerat

351 2232 400 2257 ex
422 2218 638 2256 latronibus
661 2217 737 2254 suis
758 2215 1042 2268 principatum,
1061 2214 1209 2252 salvum
1225 2212 1296 2250 effe
1312 2211 1505 2255 voluiss‘et,
1524 2210 1564 2247 in
1587 2209 1743 2247 Italiam

354 2285 408 2321 ire
424 2283 584 2336 jussiffet
598 2312 609 2327 ,
640 2296 732 2320 eum
754 2291 797 2320 tu
817 2280 1013 2319 occideres
1034 2281 1046 2318 ?
1079 2281 1157 2318 Fac
1179 2277 1358 2332 potuifl‘e.
1397 2275 1518 2328 Qod
1537 2275 1591 2312 est
1611 2273 1715 2311 aliud
1729 2302 1740 2318 ‚

355 2351 485 2388 Patres
507 2348 733 2401 conscripti,
766 2346 1005 2385 beneficium
1026 2346 1239 2390 latronum,
1272 2343 1342 2381 nifi
1364 2351 1408 2380 ut
1435 2353 1743 2379 commemorare

356 2415 525 2469 poflint,
557 2415 604 2451 iis
633 2413 668 2451 se
688 2413 829 2451 dediffe
848 2414 993 2457 vitam,
1026 2412 1172 2464 quibus
1194 2424 1272 2448 non
1294 2408 1510 2447 ademerint
1530 2409 1542 2444 ?
1575 2405 1694 2456 Qod
1718 2404 1741 2441 fi

352 2481 445 2520 esset
468 2479 720 2526 beneficium,
753 2492 956 2533 nunquam
978 2478 1026 2524 ii,
1058 2477 1128 2529 qui
1149 2476 1266 2514 illum
1288 2472 1592 2517 interfecerunt,
1624 2483 1643 2507 a
1664 2482 1744 2522 quo

1307 2542 1343 2577 O
1366 2553 1388 2576 o
1421 2552 1441 2576 2
