2076 2860
365 227 412 267 32
839 210 1280 248 ORATIO

363 313 535 351 referciri
550 342 561 358 ,
593 326 612 350 e
634 311 718 349 foro
740 310 912 363 spongiis
933 310 1069 362 effingi
1090 309 1319 362 sanguinem
1334 339 1344 355 ‚
1376 317 1420 347 ut
1441 322 1577 348 omnes
1600 317 1750 348 tantam

362 379 472 417 illam
494 379 647 431 copiam
663 407 673 423 ‚
705 387 743 415 et
765 386 844 414 tam
866 376 1124 428 magnificum
1154 385 1382 429 apparatum
1397 406 1408 421 ,
1440 390 1520 414 non
1550 377 1749 429 privatum

361 455 428 482 aut
448 445 663 497 plebeium,
697 442 758 480 sed
779 442 992 494 patricium
1013 451 1051 480 et
1071 443 1314 495 praetorium,
1346 442 1417 480 esse
1438 443 1718 481 arbitrarentur
1736 458 1744 481 ε

362 510 543 562 nihilque
565 523 687 562 neque
709 518 796 546 ante
817 507 894 546 hoc
916 517 1072 561 tempus
1088 539 1099 554 ,
1132 523 1258 561 neque
1284 508 1361 547 hoc
1383 509 1466 562 ipso
1488 509 1747 548 turbulentis-

359 576 454 614 fimo
475 576 550 621 die,
583 575 869 613 criminationis
891 574 963 612 effe
984 574 1024 611 in
1047 575 1239 613 Sextium.

416 643 611 681 XXXVI.
645 642 771 694 Atqui
791 642 848 680 vis
871 642 911 679 in
933 640 1020 679 foro
1040 641 1185 678 versata
1204 641 1270 679 est.
1299 641 1439 680 Certe:
1461 641 1619 694 quando
1640 641 1749 680 enim

359 711 484 762 major
502 711 514 748 ?
548 709 822 761 Lapidationes
844 707 1009 761 persaepe
1029 706 1201 746 vidimus
1219 726 1229 752 ;
1263 720 1342 745 non
1364 708 1418 745 ita
1438 707 1532 760 saepe
1547 738 1558 753 ,
1590 707 1653 746 sed
1683 708 1747 746 ni·-

359 777 489 814 mium
510 786 640 815 tamen
662 776 771 828 saepe,
802 774 951 827 gladios
972 790 979 812 ε
1013 774 1157 812 caedem
1179 787 1269 812 vero
1291 782 1453 818 tantam,
1486 783 1614 812 tantos
1639 787 1747 812 acer-

361 856 427 881 vos
449 856 660 895 corporum
680 843 892 885 extructos,
916 841 986 879 nisi
1007 839 1108 878 forte
1130 839 1200 877 illo
1222 840 1404 878 Cinnano
1424 848 1542 892 atque
1564 841 1747 885 OGtavia-

362 922 413 946 no
434 910 510 954 die,
533 909 621 962 quis
643 921 818 961 unquam
840 907 880 945 in
901 906 988 945 foro
1009 906 1107 944 vidit
1127 907 1139 943 ?
1172 907 1262 958 Qa
1282 919 1329 944 ex
1350 906 1641 944 concertatione
1661 907 1747 944 ani-

361 977 550 1014 morum?
582 989 673 1014 nam
693 989 740 1013 ex
762 974 975 1027 pertinacia
998 982 1064 1011 aut
1094 973 1308 1011 constantia
1337 972 1593 1011 intercessoris
1623 974 1750 1011 oritur

361 1042 456 1094 saepe
477 1042 627 1087 seditio,
659 1042 776 1094 culpa
795 1050 911 1092 atque
932 1039 1185 1093 improbitate
1205 1039 1354 1084 latoris,
1381 1038 1595 1078 commodo
1614 1040 1749 1092 aliquo

359 1108 554 1160 imperitis
575 1117 641 1146 aut
663 1107 870 1160 largitione
891 1106 1085 1159 propofita
1101 1124 1112 1151 ;
1136 1106 1261 1144 oritur
1281 1119 1328 1143 ex
1350 1105 1641 1144 concertatione
1662 1119 1747 1144 ma-

359 1173 591 1225 gistratuum
608 1203 618 1219 ,
650 1173 775 1211 oritur
796 1172 932 1210 senfim
953 1185 1001 1210 ex
1021 1172 1192 1209 clamore
1212 1171 1389 1224 primum
1404 1201 1414 1216 ‚
1447 1170 1587 1210 deinde
1618 1171 1749 1224 aliqua

360 1239 582 1277 disceffione
603 1239 832 1283 concionis;
866 1238 947 1282 vix,
971 1237 1066 1283 sero,
1089 1246 1127 1275 et
1148 1251 1245 1282 raro,
1268 1237 1314 1275 ad
1336 1250 1474 1275 manus
1496 1238 1745 1290 pervenitur:

359 1306 472 1343 nullo
504 1320 594 1344 vero
626 1306 744 1344 verbo
776 1304 892 1350 facto,
926 1304 1035 1342 nulla
1066 1305 1257 1343 concione
1289 1304 1486 1350 advocata,
1519 1304 1626 1342 nulla
1662 1305 1747 1358 lege

360 1371 532 1416 recitata,
564 1371 802 1408 concitatam
822 1371 1055 1408 nocturnam
1077 1369 1308 1408 seditionem
1330 1370 1418 1421 quis
1440 1369 1589 1408 audivit
1608 1370 1622 1407 ?

415 1437 479 1474 An
501 1436 708 1474 verisimile
728 1436 781 1474 est
796 1466 806 1481 ,
839 1445 883 1474 ut
904 1436 1000 1474 civis
1023 1436 1226 1474 Romanus
1243 1465 1253 1480 ‚
1285 1444 1351 1473 aut
1372 1435 1494 1474 homo
1515 1435 1616 1474 liber
1636 1435 1745 1488 quis-

358 1516 491 1554 quam,
524 1517 616 1541 cum
637 1503 768 1555 gladio
789 1504 830 1540 in
851 1502 984 1541 forum
1004 1502 1245 1541 descenderit
1266 1511 1354 1541 ante
1374 1502 1521 1548 lucem,
1546 1516 1594 1541 ne
1615 1502 1661 1540 de
1681 1515 1746 1541 me

358 1568 450 1605 ferri
481 1577 698 1620 pateretur,
730 1578 868 1620 praeter
899 1581 962 1606 eos
976 1597 986 1613 ‚
1019 1569 1087 1619 qui
1120 1568 1167 1605 ab
1200 1569 1271 1606 illo
1302 1567 1484 1620 pestifero
1516 1582 1558 1606 ac
1591 1568 1746 1621 perdito

356 1634 695 1686 civejampridem
718 1634 944 1686 reipublicae
974 1633 1159 1685 sanguine
1189 1633 1444 1685 saginantur?
1477 1634 1560 1672 Hic
1585 1635 1668 1686 jam
1699 1634 1746 1672 de

358 1699 440 1750 ipso
462 1699 680 1737 accusatore
700 1712 845 1750 quaero,
877 1699 946 1750 qui
972 1699 1016 1736 P.
1042 1699 1220 1736 Sextium
1241 1699 1420 1750 queritur
1440 1713 1533 1737 cum
1555 1699 1744 1737 multitu-

356 1765 447 1802 dine
469 1766 508 1802 in
531 1766 733 1802 tribunatu
755 1773 792 1801 et
813 1778 906 1801 cum
928 1764 1101 1816 praefidio
1123 1778 1265 1816 magno
1287 1764 1425 1810 fuiffe3
1459 1779 1557 1803 num
1582 1766 1653 1804 illo
1683 1765 1746 1804 die

357 1828 502 1867 fuerit?
523 1831 653 1874 Certe,
672 1838 789 1874 certe,
814 1843 891 1866 non
912 1827 1005 1866 fuit.
1022 1829 1135 1866 Victa
1156 1829 1278 1880 igitur
1298 1829 1351 1866 est
1371 1829 1482 1867 causa
1502 1830 1743 1882 reipublicae,

357 1895 394 1932 et
425 1882 525 1933 victa
555 1909 631 1933 non
662 1895 869 1947 auspiciis,
902 1908 979 1932 non
1003 1894 1294 1939 intercessione,
1328 1908 1406 1932 non
1428 1894 1648 1948 suffragiis3
1682 1895 1745 1934 sed

357 1962 409 2005 vi,
442 1975 576 2006 manu,
608 1960 724 1998 ferro.
759 1961 880 2005 Nam,
908 1960 933 1998 fi
955 1951 1217 1998 obnuntiasset
1239 1961 1422 1998 Fabricio
1444 1961 1475 1999 is
1497 1971 1651 2013 pactos,
1673 1962 1744 2014 qui

357 2026 394 2064 se
415 2026 568 2064 servasse
589 2027 635 2064 de
657 2026 750 2065 caelo
780 2026 954 2072 dixerat,
987 2026 1189 2079 accepiffet
1219 2026 1437 2079 respublica
1467 2027 1621 2079 plagam
1638 2057 1648 2073 ‚
1681 2027 1745 2066 sed

357 2106 456 2137 cam,
488 2107 606 2145 quam
638 2102 837 2145 acceptam
867 2107 1021 2146 gemere
1056 2093 1191 2145 poss'et.
1230 2093 1268 2130 Si
1300 2093 1561 2131 interceffifl'et
1593 2094 1745 2146 collega

358 2160 554 2204 Fabricio,
582 2159 725 2197 laefiffet
747 2159 1049 2212 rempublicam,
1086 2159 1146 2196 sed
1169 2159 1456 2211 rempublicam
1472 2161 1560 2211 jure
1581 2160 1739 2198 laefiffet.

357 2225 602 2262 Gladiatores
626 2234 667 2262 tu
690 2226 873 2270 novitios,
892 2239 962 2277 pro
978 2228 1177 2277 expectata
1197 2225 1379 2263 aedilitate
1400 2226 1631 2278 suppofflos,
1649 2240 1743 2264 cum

356 2291 497 2328 ficariis
515 2305 534 2328 e
551 2305 700 2329 carcere
717 2291 858 2328 emiffis
875 2300 962 2328 ante
979 2291 1109 2328 lucem
1132 2291 1323 2330 immittas
1339 2292 1351 2328 ?
1371 2291 1614 2344 magistratus
1638 2301 1741 2330 tem-

358 2357 423 2409 plo
445 2357 629 2409 dejicias?
653 2357 797 2395 caedem
819 2357 1033 2395 maximam
1054 2356 1200 2395 facias?
1224 2357 1356 2395 forum
1378 2359 1550 2410 purges?
1572 2368 1624 2403 et,
1649 2373 1742 2397 cum

355 2423 491 2460 omnia
511 2423 547 2460 vi
570 2432 607 2460 et
629 2424 745 2461 armis
767 2424 905 2476 egeris,
928 2423 1080 2461 accuses
1102 2437 1208 2468 eum,
1240 2424 1308 2475 qui
1331 2423 1366 2461 se
1387 2424 1561 2476 praefidio
1582 2425 1740 2462 munie-

354 2490 421 2534 tit,
441 2502 518 2528 non
543 2499 585 2528 ut
608 2500 643 2528 te
664 2500 923 2544 oppugnaret,
947 2490 1010 2528 sed
1031 2499 1074 2528 ut
1096 2490 1216 2528 vitam
1238 2491 1343 2529 suam
1364 2490 1485 2544 pofl‘et
1506 2489 1739 2529 defendere?
