<?xml version="1.0" encoding="UTF-8"?>
<!DOCTYPE html PUBLIC "-//W3C//DTD XHTML 1.0 Transitional//EN"
    "http://www.w3.org/TR/xhtml1/DTD/xhtml1-transitional.dtd">
<html xmlns="http://www.w3.org/1999/xhtml" xml:lang="en" lang="en">
 <head>
  <title>
</title>
<meta http-equiv="Content-Type" content="text/html;charset=utf-8" />
  <meta name='ocr-system' content='tesseract 3.04.00' />
  <meta name='ocr-capabilities' content='ocr_page ocr_carea ocr_par ocr_line ocrx_word'/>
</head>
<body>
  <div class='ocr_page' id='page_1' title='image "./operacumindicibu06ciceuoft_0610.png"; bbox 0 0 2076 2860; ppageno 0'>
   <div class='ocr_carea' id='block_1_1' title="bbox 464 128 1382 193">
    <p class='ocr_par' dir='ltr' id='par_1_1' title="bbox 464 128 1382 193">
     <span class='ocr_line' id='line_1_1' title="bbox 464 128 1382 193; baseline -0.011 0"><span class='ocrx_word' id='word_1_1' title='bbox 464 149 736 193; x_wconf 88' lang='lat' dir='ltr'>VARIAE</span> <span class='ocrx_word' id='word_1_2' title='bbox 820 128 1382 187; x_wconf 15' lang='lat' dir='ltr'>LECTIONEVS.</span> 
     </span>
    </p>
   </div>
   <div class='ocr_carea' id='block_1_2' title="bbox 181 254 516 367">
    <p class='ocr_par' dir='ltr' id='par_1_2' title="bbox 181 254 516 367">
     <span class='ocr_line' id='line_1_2' title="bbox 181 254 295 293; baseline -0.009 -11"><span class='ocrx_word' id='word_1_3' title='bbox 181 266 210 293; x_wconf 89' lang='lat' dir='ltr'>p.</span> <span class='ocrx_word' id='word_1_4' title='bbox 274 254 295 281; x_wconf 86' lang='lat' dir='ltr'>l.</span> 
     </span>
     <span class='ocr_line' id='line_1_3' title="bbox 187 289 433 333; baseline -0.033 -10"><span class='ocrx_word' id='word_1_5' title='bbox 187 303 238 333; x_wconf 80' lang='lat'>39¹</span> <span class='ocrx_word' id='word_1_6' title='bbox 268 301 302 321; x_wconf 88' lang='lat'>10</span> <span class='ocrx_word' id='word_1_7' title='bbox 323 289 433 318; x_wconf 76' lang='lat' dir='ltr'>meod.</span> 
     </span>
     <span class='ocr_line' id='line_1_4' title="bbox 261 325 516 367; baseline -0.02 -10"><span class='ocrx_word' id='word_1_8' title='bbox 261 346 301 354; x_wconf 90' lang='lat'>—-</span> <span class='ocrx_word' id='word_1_9' title='bbox 321 328 397 367; x_wconf 90' lang='lat' dir='ltr'>quod</span> <span class='ocrx_word' id='word_1_10' title='bbox 413 341 437 361; x_wconf 85' lang='lat' dir='ltr'>v,</span> <span class='ocrx_word' id='word_1_11' title='bbox 453 325 480 361; x_wconf 70' lang='grc' dir='ltr'>’ψ</span> <span class='ocrx_word' id='word_1_12' title='bbox 494 325 516 352; x_wconf 86' lang='lat' dir='ltr'>d.</span> 
     </span>
    </p>
   </div>
   <div class='ocr_carea' id='block_1_3' title="bbox 195 367 905 1827">
    <p class='ocr_par' dir='ltr' id='par_1_3' title="bbox 195 367 905 1827">
     <span class='ocr_line' id='line_1_5' title="bbox 266 367 639 403; baseline -0.021 -4"><span class='ocrx_word' id='word_1_13' title='bbox 266 381 275 399; x_wconf 86' lang='lat'>1</span> <span class='ocrx_word' id='word_1_14' title='bbox 286 380 299 398; x_wconf 89' lang='lat' dir='ltr'><strong><em>z</em></strong></span> <span class='ocrx_word' id='word_1_15' title='bbox 323 368 450 397; x_wconf 84' lang='lat' dir='ltr'>Omnino</span> <span class='ocrx_word' id='word_1_16' title='bbox 464 380 477 394; x_wconf 72' lang='lat' dir='ltr'><em>v</em></span> <span class='ocrx_word' id='word_1_17' title='bbox 488 376 530 403; x_wconf 87' lang='lat' dir='ltr'>ego</span> <span class='ocrx_word' id='word_1_18' title='bbox 544 367 639 393; x_wconf 81' lang='lat' dir='ltr'>omnino</span> 
     </span>
     <span class='ocr_line' id='line_1_6' title="bbox 266 407 486 448; baseline -0.027 -9"><span class='ocrx_word' id='word_1_19' title='bbox 266 419 298 448; x_wconf 81' lang='grc' dir='ltr'>ις</span> <span class='ocrx_word' id='word_1_20' title='bbox 322 415 371 437; x_wconf 85' lang='lat' dir='ltr'>aut</span> <span class='ocrx_word' id='word_1_21' title='bbox 384 421 398 435; x_wconf 81' lang='lat' dir='ltr'><em>v</em></span> <span class='ocrx_word' id='word_1_22' title='bbox 412 407 486 434; x_wconf 79' lang='lat' dir='ltr'>haud</span> 
     </span>
     <span class='ocr_line' id='line_1_7' title="bbox 261 442 620 481; baseline -0.022 -4"><span class='ocrx_word' id='word_1_23' title='bbox 261 464 304 472; x_wconf 93' lang='lat'>—-</span> <span class='ocrx_word' id='word_1_24' title='bbox 324 448 391 475; x_wconf 83' lang='lat' dir='ltr'>huic</span> <span class='ocrx_word' id='word_1_25' title='bbox 407 445 433 481; x_wconf 70' lang='grc' dir='ltr'>ψ</span> <span class='ocrx_word' id='word_1_26' title='bbox 447 446 505 473; x_wconf 85' lang='lat' dir='ltr'>huic</span> <span class='ocrx_word' id='word_1_27' title='bbox 519 443 567 472; x_wconf 80' lang='lat' dir='ltr'>vel</span> <span class='ocrx_word' id='word_1_28' title='bbox 578 442 620 470; x_wconf 85' lang='lat' dir='ltr'>illi</span> 
     </span>
     <span class='ocr_line' id='line_1_8' title="bbox 267 482 722 517; baseline -0.02 0"><span class='ocrx_word' id='word_1_29' title='bbox 267 488 302 517; x_wconf 88' lang='lat'>16</span> <span class='ocrx_word' id='word_1_30' title='bbox 323 485 478 515; x_wconf 83' lang='lat' dir='ltr'>conservari</span> <span class='ocrx_word' id='word_1_31' title='bbox 493 498 516 516; x_wconf 79' lang='lat' dir='ltr'>v,</span> <span class='ocrx_word' id='word_1_32' title='bbox 533 483 559 517; x_wconf 66' lang='grc' dir='ltr'>ψ</span> <span class='ocrx_word' id='word_1_33' title='bbox 573 482 722 516; x_wconf 79' lang='lat' dir='ltr'>conservare</span> 
     </span>
     <span class='ocr_line' id='line_1_9' title="bbox 269 522 716 565; baseline -0.02 -8"><span class='ocrx_word' id='word_1_34' title='bbox 269 539 278 557; x_wconf 87' lang='lat'>1</span> <span class='ocrx_word' id='word_1_35' title='bbox 288 539 303 565; x_wconf 95' lang='lat'>7</span> <span class='ocrx_word' id='word_1_36' title='bbox 325 524 481 564; x_wconf 81' lang='lat' dir='ltr'>expugnari</span> <span class='ocrx_word' id='word_1_37' title='bbox 496 537 520 556; x_wconf 74' lang='lat' dir='ltr'>v,</span> <span class='ocrx_word' id='word_1_38' title='bbox 535 522 561 558; x_wconf 71' lang='grc' dir='ltr'>ψ</span> <span class='ocrx_word' id='word_1_39' title='bbox 574 529 716 560; x_wconf 77' lang='lat' dir='ltr'>expugnare</span> 
     </span>
     <span class='ocr_line' id='line_1_10' title="bbox 270 565 495 605; baseline -0.031 -8"><span class='ocrx_word' id='word_1_40' title='bbox 270 579 304 605; x_wconf 90' lang='lat'>¹9</span> <span class='ocrx_word' id='word_1_41' title='bbox 326 569 426 595; x_wconf 88' lang='lat' dir='ltr'>Brutus</span> <span class='ocrx_word' id='word_1_42' title='bbox 440 578 453 591; x_wconf 83' lang='lat' dir='ltr'><em>v</em></span> <span class='ocrx_word' id='word_1_43' title='bbox 468 565 495 591; x_wconf 87' lang='lat' dir='ltr'>d.</span> 
     </span>
     <span class='ocr_line' id='line_1_11' title="bbox 266 604 555 637; baseline -0.031 1"><span class='ocrx_word' id='word_1_44' title='bbox 266 618 303 637; x_wconf 89' lang='lat'>20</span> <span class='ocrx_word' id='word_1_45' title='bbox 323 607 398 634; x_wconf 80' lang='lat' dir='ltr'>dices</span> <span class='ocrx_word' id='word_1_46' title='bbox 412 618 436 636; x_wconf 79' lang='lat' dir='ltr'>v,</span> <span class='ocrx_word' id='word_1_47' title='bbox 451 604 476 637; x_wconf 68' lang='grc' dir='ltr'>ψ</span> <span class='ocrx_word' id='word_1_48' title='bbox 490 605 555 630; x_wconf 74' lang='lat' dir='ltr'><em>dicis</em></span> 
     </span>
     <span class='ocr_line' id='line_1_12' title="bbox 262 643 543 677; baseline -0.018 -3"><span class='ocrx_word' id='word_1_49' title='bbox 262 664 303 671; x_wconf 85' lang='lat'>--</span> <span class='ocrx_word' id='word_1_50' title='bbox 324 647 413 673; x_wconf 80' lang='lat' dir='ltr'>vineae</span> <span class='ocrx_word' id='word_1_51' title='bbox 428 643 454 677; x_wconf 67' lang='grc' dir='ltr'>ψ</span> <span class='ocrx_word' id='word_1_52' title='bbox 469 643 543 670; x_wconf 78' lang='lat' dir='ltr'>lineae</span> 
     </span>
     <span class='ocr_line' id='line_1_13' title="bbox 267 684 547 725; baseline -0.021 -9"><span class='ocrx_word' id='word_1_53' title='bbox 267 697 301 725; x_wconf 80' lang='lat'>25</span> <span class='ocrx_word' id='word_1_54' title='bbox 323 695 387 713; x_wconf 90' lang='lat' dir='ltr'>eum</span> <span class='ocrx_word' id='word_1_55' title='bbox 403 698 426 717; x_wconf 79' lang='grc' dir='ltr'>υ,</span> <span class='ocrx_word' id='word_1_56' title='bbox 443 684 467 717; x_wconf 71' lang='grc' dir='ltr'>ψ</span> <span class='ocrx_word' id='word_1_57' title='bbox 479 694 547 711; x_wconf 81' lang='lat' dir='ltr'>reum</span> 
     </span>
     <span class='ocr_line' id='line_1_14' title="bbox 266 723 516 763; baseline -0.028 -7"><span class='ocrx_word' id='word_1_58' title='bbox 266 737 302 762; x_wconf 88' lang='lat'>27</span> <span class='ocrx_word' id='word_1_59' title='bbox 326 725 389 763; x_wconf 86' lang='lat' dir='ltr'>Ego</span> <span class='ocrx_word' id='word_1_60' title='bbox 405 723 432 759; x_wconf 72' lang='grc' dir='ltr'>ψ</span> <span class='ocrx_word' id='word_1_61' title='bbox 447 724 516 760; x_wconf 81' lang='lat' dir='ltr'>Ergo</span> 
     </span>
     <span class='ocr_line' id='line_1_15' title="bbox 266 764 428 801; baseline -0.025 -7"><span class='ocrx_word' id='word_1_62' title='bbox 266 768 303 795; x_wconf 89' lang='lat'>28</span> <span class='ocrx_word' id='word_1_63' title='bbox 325 766 389 801; x_wconf 75' lang='lat' dir='ltr'>Qu</span> <span class='ocrx_word' id='word_1_64' title='bbox 404 764 428 790; x_wconf 86' lang='lat' dir='ltr'>d.</span> 
     </span>
     <span class='ocr_line' id='line_1_16' title="bbox 270 800 721 844; baseline -0.016 -10"><span class='ocrx_word' id='word_1_65' title='bbox 270 816 307 844; x_wconf 90' lang='lat'>29</span> <span class='ocrx_word' id='word_1_66' title='bbox 328 801 507 842; x_wconf 81' lang='lat' dir='ltr'>oppugnabis</span> <span class='ocrx_word' id='word_1_67' title='bbox 522 801 547 835; x_wconf 56' lang='lat' dir='ltr'>‘l‘</span> <span class='ocrx_word' id='word_1_68' title='bbox 561 800 721 838; x_wconf 79' lang='lat' dir='ltr'><em>expugnabis</em></span> 
     </span>
     <span class='ocr_line' id='line_1_17' title="bbox 268 843 512 883; baseline -0.02 -9"><span class='ocrx_word' id='word_1_69' title='bbox 268 855 305 883; x_wconf 83' lang='lat'>30</span> <span class='ocrx_word' id='word_1_70' title='bbox 327 845 395 873; x_wconf 82' lang='lat' dir='ltr'>facit</span> <span class='ocrx_word' id='word_1_71' title='bbox 410 843 512 879; x_wconf 54' lang='lat' dir='ltr'>altfecit</span> 
     </span>
     <span class='ocr_line' id='line_1_18' title="bbox 267 880 579 918; baseline -0.026 -4"><span class='ocrx_word' id='word_1_72' title='bbox 267 900 309 907; x_wconf 90' lang='lat'><strong>—</strong></span> <span class='ocrx_word' id='word_1_73' title='bbox 328 885 385 912; x_wconf 84' lang='lat' dir='ltr'>lata</span> <span class='ocrx_word' id='word_1_74' title='bbox 398 897 422 916; x_wconf 80' lang='grc' dir='ltr'>υ,</span> <span class='ocrx_word' id='word_1_75' title='bbox 437 880 579 918; x_wconf 63' lang='grc' dir='ltr'>ψβιόίαια</span> 
     </span>
     <span class='ocr_line' id='line_1_19' title="bbox 271 921 522 963; baseline -0.024 -10"><span class='ocrx_word' id='word_1_76' title='bbox 271 935 306 963; x_wconf 81' lang='lat'>33</span> <span class='ocrx_word' id='word_1_77' title='bbox 329 924 403 952; x_wconf 87' lang='lat' dir='ltr'>enim</span> <span class='ocrx_word' id='word_1_78' title='bbox 419 936 443 955; x_wconf 80' lang='lat' dir='ltr'>v,</span> <span class='ocrx_word' id='word_1_79' title='bbox 457 922 482 955; x_wconf 71' lang='grc' dir='ltr'>ψ</span> <span class='ocrx_word' id='word_1_80' title='bbox 497 921 522 948; x_wconf 86' lang='lat' dir='ltr'>d.</span> 
     </span>
     <span class='ocr_line' id='line_1_20' title="bbox 292 963 500 1002; baseline -0.024 -9"><span class='ocrx_word' id='word_1_81' title='bbox 292 975 308 993; x_wconf 87' lang='lat'>2</span> <span class='ocrx_word' id='word_1_82' title='bbox 329 963 500 1002; x_wconf 86' lang='lat' dir='ltr'>gravitatem</span> 
     </span>
     <span class='ocr_line' id='line_1_21' title="bbox 271 1002 518 1043; baseline -0.024 -10"><span class='ocrx_word' id='word_1_83' title='bbox 271 1015 303 1043; x_wconf 88' lang='lat'>¹3</span> <span class='ocrx_word' id='word_1_84' title='bbox 327 1003 361 1031; x_wconf 87' lang='lat' dir='ltr'>ad</span> <span class='ocrx_word' id='word_1_85' title='bbox 376 1017 389 1031; x_wconf 83' lang='lat' dir='ltr'><em>v</em></span> <span class='ocrx_word' id='word_1_86' title='bbox 405 1012 467 1030; x_wconf 80' lang='lat' dir='ltr'>nunc</span> <span class='ocrx_word' id='word_1_87' title='bbox 479 1002 518 1028; x_wconf 88' lang='lat' dir='ltr'>ad</span> 
     </span>
     <span class='ocr_line' id='line_1_22' title="bbox 272 1039 723 1081; baseline -0.018 -8"><span class='ocrx_word' id='word_1_88' title='bbox 272 1054 308 1081; x_wconf 82' lang='lat'>14</span> <span class='ocrx_word' id='word_1_89' title='bbox 328 1044 396 1081; x_wconf 82' lang='lat' dir='ltr'>quin</span> <span class='ocrx_word' id='word_1_90' title='bbox 410 1055 423 1069; x_wconf 82' lang='grc' dir='ltr'>ν</span> <span class='ocrx_word' id='word_1_91' title='bbox 438 1043 483 1079; x_wconf 85' lang='lat' dir='ltr'>qui</span> <span class='ocrx_word' id='word_1_92' title='bbox 497 1050 562 1068; x_wconf 78' lang='lat' dir='ltr'><em>nunc</em></span> <span class='ocrx_word' id='word_1_93' title='bbox 576 1039 601 1072; x_wconf 64' lang='grc' dir='ltr'>ᾧ</span> <span class='ocrx_word' id='word_1_94' title='bbox 616 1041 661 1076; x_wconf 79' lang='lat' dir='ltr'>qui</span> <span class='ocrx_word' id='word_1_95' title='bbox 676 1049 723 1066; x_wconf 85' lang='lat' dir='ltr'>non</span> 
     </span>
     <span class='ocr_line' id='line_1_23' title="bbox 274 1081 470 1121; baseline -0.026 -8"><span class='ocrx_word' id='word_1_96' title='bbox 274 1095 307 1121; x_wconf 87' lang='lat'>17</span> <span class='ocrx_word' id='word_1_97' title='bbox 331 1084 348 1111; x_wconf 84' lang='lat' dir='ltr'>fi</span> <span class='ocrx_word' id='word_1_98' title='bbox 364 1096 387 1116; x_wconf 84' lang='lat' dir='ltr'>v,</span> <span class='ocrx_word' id='word_1_99' title='bbox 404 1081 431 1116; x_wconf 72' lang='grc' dir='ltr'>ψ</span> <span class='ocrx_word' id='word_1_100' title='bbox 444 1082 470 1108; x_wconf 74' lang='lat' dir='ltr'>d.</span> 
     </span>
     <span class='ocr_line' id='line_1_24' title="bbox 267 1118 608 1156; baseline -0.021 -4"><span class='ocrx_word' id='word_1_101' title='bbox 267 1140 309 1147; x_wconf 90' lang='lat'>-—-</span> <span class='ocrx_word' id='word_1_102' title='bbox 328 1121 448 1151; x_wconf 81' lang='lat' dir='ltr'>consulis</span> <span class='ocrx_word' id='word_1_103' title='bbox 463 1120 488 1155; x_wconf 71' lang='grc' dir='ltr'>ψ</span> <span class='ocrx_word' id='word_1_104' title='bbox 502 1118 608 1156; x_wconf 69' lang='lat' dir='ltr'>confides</span> 
     </span>
     <span class='ocr_line' id='line_1_25' title="bbox 270 1160 606 1194; baseline -0.024 0"><span class='ocrx_word' id='word_1_105' title='bbox 270 1173 308 1194; x_wconf 86' lang='lat'>20</span> <span class='ocrx_word' id='word_1_106' title='bbox 331 1163 376 1191; x_wconf 89' lang='lat' dir='ltr'>Ad</span> <span class='ocrx_word' id='word_1_107' title='bbox 393 1162 469 1190; x_wconf 89' lang='lat' dir='ltr'>hunc</span> <span class='ocrx_word' id='word_1_108' title='bbox 483 1160 509 1194; x_wconf 70' lang='grc' dir='ltr'>ψ</span> <span class='ocrx_word' id='word_1_109' title='bbox 522 1160 606 1187; x_wconf 78' lang='lat' dir='ltr'><em>adhuc</em></span> 
     </span>
     <span class='ocr_line' id='line_1_26' title="bbox 271 1210 573 1233; baseline -0.023 0"><span class='ocrx_word' id='word_1_110' title='bbox 271 1214 303 1233; x_wconf 84' lang='lat'>21</span> <span class='ocrx_word' id='word_1_111' title='bbox 330 1212 426 1231; x_wconf 85' lang='lat' dir='ltr'>eorum</span> <span class='ocrx_word' id='word_1_112' title='bbox 441 1215 454 1228; x_wconf 79' lang='lat' dir='ltr'><em>v</em></span> <span class='ocrx_word' id='word_1_113' title='bbox 468 1210 573 1228; x_wconf 79' lang='lat' dir='ltr'>meorum</span> 
     </span>
     <span class='ocr_line' id='line_1_27' title="bbox 272 1241 614 1273; baseline -0.023 -1"><span class='ocrx_word' id='word_1_114' title='bbox 272 1254 309 1273; x_wconf 86' lang='lat'>22</span> <span class='ocrx_word' id='word_1_115' title='bbox 330 1241 443 1270; x_wconf 87' lang='lat' dir='ltr'>decerni</span> <span class='ocrx_word' id='word_1_116' title='bbox 457 1254 470 1268; x_wconf 78' lang='grc' dir='ltr'>υ</span> <span class='ocrx_word' id='word_1_117' title='bbox 481 1241 614 1268; x_wconf 78' lang='lat' dir='ltr'><em>decernitis</em></span> 
     </span>
     <span class='ocr_line' id='line_1_28' title="bbox 272 1277 603 1320; baseline -0.027 -7"><span class='ocrx_word' id='word_1_118' title='bbox 272 1293 311 1320; x_wconf 86' lang='lat'>24</span> <span class='ocrx_word' id='word_1_119' title='bbox 331 1281 425 1318; x_wconf 62' lang='lat' dir='ltr'>rejecti</span> <span class='ocrx_word' id='word_1_120' title='bbox 441 1294 465 1313; x_wconf 81' lang='lat' dir='ltr'>v,</span> <span class='ocrx_word' id='word_1_121' title='bbox 479 1280 504 1314; x_wconf 64' lang='grc' dir='ltr'>ψ</span> <span class='ocrx_word' id='word_1_122' title='bbox 518 1277 603 1306; x_wconf 69' lang='lat' dir='ltr'>reliffi</span> 
     </span>
     <span class='ocr_line' id='line_1_29' title="bbox 269 1317 733 1358; baseline -0.017 -8"><span class='ocrx_word' id='word_1_123' title='bbox 269 1337 312 1346; x_wconf 91' lang='lat'>—</span> <span class='ocrx_word' id='word_1_124' title='bbox 333 1321 521 1358; x_wconf 82' lang='lat' dir='ltr'>dixiffentque</span> <span class='ocrx_word' id='word_1_125' title='bbox 535 1318 560 1351; x_wconf 70' lang='grc' dir='ltr'>ψ</span> <span class='ocrx_word' id='word_1_126' title='bbox 573 1317 733 1353; x_wconf 69' lang='lat' dir='ltr'>dixfflmque</span> 
     </span>
     <span class='ocr_line' id='line_1_30' title="bbox 273 1361 443 1401; baseline -0.035 -9"><span class='ocrx_word' id='word_1_127' title='bbox 273 1373 290 1392; x_wconf 89' lang='lat'>2</span> <span class='ocrx_word' id='word_1_128' title='bbox 296 1373 309 1401; x_wconf 77' lang='grc' dir='ltr'>ς</span> <span class='ocrx_word' id='word_1_129' title='bbox 334 1361 374 1389; x_wconf 78' lang='lat' dir='ltr'>uti</span> <span class='ocrx_word' id='word_1_130' title='bbox 389 1374 402 1387; x_wconf 74' lang='lat' dir='ltr'><em>v</em></span> <span class='ocrx_word' id='word_1_131' title='bbox 416 1368 443 1387; x_wconf 76' lang='lat' dir='ltr'>ut</span> 
     </span>
     <span class='ocr_line' id='line_1_31' title="bbox 273 1396 598 1434; baseline -0.018 -3"><span class='ocrx_word' id='word_1_132' title='bbox 273 1405 309 1432; x_wconf 88' lang='lat'>28</span> <span class='ocrx_word' id='word_1_133' title='bbox 330 1401 397 1429; x_wconf 82' lang='lat' dir='ltr'>viris</span> <span class='ocrx_word' id='word_1_134' title='bbox 412 1412 437 1432; x_wconf 81' lang='lat' dir='ltr'>v,</span> <span class='ocrx_word' id='word_1_135' title='bbox 451 1398 478 1434; x_wconf 80' lang='grc' dir='ltr'>ψ</span> <span class='ocrx_word' id='word_1_136' title='bbox 492 1396 598 1426; x_wconf 76' lang='lat' dir='ltr'>viribus</span> 
     </span>
     <span class='ocr_line' id='line_1_32' title="bbox 271 1440 467 1468; baseline -0.015 1"><span class='ocrx_word' id='word_1_137' title='bbox 271 1458 312 1465; x_wconf 88' lang='lat'>-—</span> <span class='ocrx_word' id='word_1_138' title='bbox 334 1440 400 1468; x_wconf 61' lang='lat' dir='ltr'>faeti</span> <span class='ocrx_word' id='word_1_139' title='bbox 414 1453 428 1467; x_wconf 82' lang='grc' dir='ltr'><strong><em>υ</em></strong></span> <span class='ocrx_word' id='word_1_140' title='bbox 440 1440 467 1467; x_wconf 85' lang='lat' dir='ltr'>d.</span> 
     </span>
     <span class='ocr_line' id='line_1_33' title="bbox 274 1478 691 1519; baseline -0.017 -10"><span class='ocrx_word' id='word_1_141' title='bbox 274 1492 311 1519; x_wconf 86' lang='lat'>29</span> <span class='ocrx_word' id='word_1_142' title='bbox 333 1480 478 1518; x_wconf 86' lang='lat' dir='ltr'>postquam</span> <span class='ocrx_word' id='word_1_143' title='bbox 493 1491 506 1505; x_wconf 86' lang='grc' dir='ltr'><strong><em>υ</em></strong></span> <span class='ocrx_word' id='word_1_144' title='bbox 517 1478 600 1515; x_wconf 79' lang='lat' dir='ltr'>postea</span> <span class='ocrx_word' id='word_1_145' title='bbox 615 1486 691 1513; x_wconf 77' lang='lat' dir='ltr'>quam</span> 
     </span>
     <span class='ocr_line' id='line_1_34' title="bbox 276 1515 902 1559; baseline -0.014 -10"><span class='ocrx_word' id='word_1_146' title='bbox 276 1532 312 1559; x_wconf 83' lang='lat'>32</span> <span class='ocrx_word' id='word_1_147' title='bbox 333 1521 392 1548; x_wconf 80' lang='lat' dir='ltr'>haec</span> <span class='ocrx_word' id='word_1_148' title='bbox 408 1518 489 1546; x_wconf 86' lang='lat' dir='ltr'>causa</span> <span class='ocrx_word' id='word_1_149' title='bbox 503 1524 632 1555; x_wconf 81' lang='lat' dir='ltr'>ageretur</span> <span class='ocrx_word' id='word_1_150' title='bbox 646 1515 671 1549; x_wconf 74' lang='grc' dir='ltr'>ψ</span> <span class='ocrx_word' id='word_1_151' title='bbox 687 1515 743 1542; x_wconf 81' lang='lat' dir='ltr'>haec</span> <span class='ocrx_word' id='word_1_152' title='bbox 762 1520 821 1542; x_wconf 83' lang='lat' dir='ltr'>tunc</span> <span class='ocrx_word' id='word_1_153' title='bbox 841 1523 902 1551; x_wconf 80' lang='lat' dir='ltr'>age-</span> 
     </span>
     <span class='ocr_line' id='line_1_35' title="bbox 380 1567 469 1587; baseline -0.011 -1"><span class='ocrx_word' id='word_1_154' title='bbox 380 1567 469 1587; x_wconf 85' lang='lat' dir='ltr'>rentur</span> 
     </span>
     <span class='ocr_line' id='line_1_36' title="bbox 271 1591 905 1637; baseline -0.014 -8"><span class='ocrx_word' id='word_1_155' title='bbox 271 1617 313 1625; x_wconf 91' lang='lat'>—</span> <span class='ocrx_word' id='word_1_156' title='bbox 333 1599 425 1637; x_wconf 85' lang='lat' dir='ltr'>agitur</span> <span class='ocrx_word' id='word_1_157' title='bbox 446 1598 482 1625; x_wconf 80' lang='lat' dir='ltr'>ab</span> <span class='ocrx_word' id='word_1_158' title='bbox 503 1605 559 1624; x_wconf 91' lang='lat' dir='ltr'>uno</span> <span class='ocrx_word' id='word_1_159' title='bbox 577 1595 602 1629; x_wconf 73' lang='grc' dir='ltr'>ψ</span> <span class='ocrx_word' id='word_1_160' title='bbox 617 1602 733 1632; x_wconf 82' lang='lat' dir='ltr'><em>agantur</em></span> <span class='ocrx_word' id='word_1_161' title='bbox 746 1593 780 1621; x_wconf 83' lang='lat' dir='ltr'>ab</span> <span class='ocrx_word' id='word_1_162' title='bbox 794 1591 905 1621; x_wconf 78' lang='lat' dir='ltr'>omnibus</span> 
     </span>
     <span class='ocr_line' id='line_1_37' title="bbox 276 1635 786 1680; baseline -0.014 -11"><span class='ocrx_word' id='word_1_163' title='bbox 276 1651 310 1680; x_wconf 85' lang='lat'>33</span> <span class='ocrx_word' id='word_1_164' title='bbox 334 1638 434 1668; x_wconf 79' lang='lat' dir='ltr'>deserti</span> <span class='ocrx_word' id='word_1_165' title='bbox 448 1638 564 1675; x_wconf 87' lang='lat' dir='ltr'>inquam</span> <span class='ocrx_word' id='word_1_166' title='bbox 576 1648 589 1663; x_wconf 82' lang='lat' dir='ltr'><em>v</em></span> <span class='ocrx_word' id='word_1_167' title='bbox 600 1635 626 1663; x_wconf 88' lang='lat' dir='ltr'>d.</span> <span class='ocrx_word' id='word_1_168' title='bbox 642 1635 667 1669; x_wconf 73' lang='grc' dir='ltr'>ψ</span> <span class='ocrx_word' id='word_1_169' title='bbox 680 1638 786 1673; x_wconf 77' lang='lat' dir='ltr'><em>inquam</em></span> 
     </span>
     <span class='ocr_line' id='line_1_38' title="bbox 195 1681 483 1723; baseline -0.028 -11"><span class='ocrx_word' id='word_1_170' title='bbox 195 1692 252 1723; x_wconf 83' lang='lat'>393</span> <span class='ocrx_word' id='word_1_171' title='bbox 300 1692 309 1710; x_wconf 83' lang='lat'>1</span> <span class='ocrx_word' id='word_1_172' title='bbox 337 1688 366 1708; x_wconf 92' lang='lat' dir='ltr'>ut</span> <span class='ocrx_word' id='word_1_173' title='bbox 380 1693 392 1706; x_wconf 86' lang='grc' dir='ltr'><em>υ</em></span> <span class='ocrx_word' id='word_1_174' title='bbox 406 1681 483 1706; x_wconf 83' lang='lat' dir='ltr'>etiam</span> 
     </span>
     <span class='ocr_line' id='line_1_39' title="bbox 297 1715 755 1759; baseline -0.011 -12"><span class='ocrx_word' id='word_1_175' title='bbox 297 1731 311 1759; x_wconf 89' lang='lat'>3</span> <span class='ocrx_word' id='word_1_176' title='bbox 335 1719 444 1747; x_wconf 90' lang='lat' dir='ltr'>nullum</span> <span class='ocrx_word' id='word_1_177' title='bbox 458 1731 482 1750; x_wconf 84' lang='lat' dir='ltr'>v,</span> <span class='ocrx_word' id='word_1_178' title='bbox 496 1717 521 1751; x_wconf 74' lang='grc' dir='ltr'>ψ</span> <span class='ocrx_word' id='word_1_179' title='bbox 535 1715 631 1745; x_wconf 86' lang='lat' dir='ltr'>nullum</span> <span class='ocrx_word' id='word_1_180' title='bbox 644 1725 755 1753; x_wconf 82' lang='lat' dir='ltr'>unquam</span> 
     </span>
     <span class='ocr_line' id='line_1_40' title="bbox 297 1756 667 1798; baseline -0.014 -10"><span class='ocrx_word' id='word_1_181' title='bbox 297 1771 313 1798; x_wconf 96' lang='lat'><em>7</em></span> <span class='ocrx_word' id='word_1_182' title='bbox 335 1758 472 1795; x_wconf 83' lang='lat' dir='ltr'>Popillius</span> <span class='ocrx_word' id='word_1_183' title='bbox 485 1756 511 1792; x_wconf 75' lang='grc' dir='ltr'>ψ</span> <span class='ocrx_word' id='word_1_184' title='bbox 526 1756 667 1795; x_wconf 74' lang='lat' dir='ltr'><em>Pompilius</em></span> 
     </span>
     <span class='ocr_line' id='line_1_41' title="bbox 355 1798 443 1827; baseline -0.034 0"><span class='ocrx_word' id='word_1_185' title='bbox 355 1799 373 1827; x_wconf 88' lang='lat' dir='ltr'>d</span> <span class='ocrx_word' id='word_1_186' title='bbox 387 1812 400 1826; x_wconf 79' lang='grc' dir='ltr'><strong><em>υ</em></strong></span> <span class='ocrx_word' id='word_1_187' title='bbox 417 1798 443 1825; x_wconf 88' lang='lat' dir='ltr'>d.</span> 
     </span>
    </p>
   </div>
   <div class='ocr_carea' id='block_1_4' title="bbox 598 957 767 987">
    <p class='ocr_par' dir='ltr' id='par_1_4' title="bbox 598 957 767 987">
     <span class='ocr_line' id='line_1_42' title="bbox 598 957 767 987; baseline -0.012 0"><span class='ocrx_word' id='word_1_188' title='bbox 598 958 697 987; x_wconf 85' lang='lat' dir='ltr'>civitas</span> <span class='ocrx_word' id='word_1_189' title='bbox 712 971 726 986; x_wconf 73' lang='lat' dir='ltr'><em>v</em></span> <span class='ocrx_word' id='word_1_190' title='bbox 740 957 767 985; x_wconf 91' lang='lat' dir='ltr'>d.</span> 
     </span>
    </p>
   </div>
   <div class='ocr_carea' id='block_1_5' title="bbox 509 974 589 981">
    <p class='ocr_par' dir='ltr' id='par_1_5' title="bbox 509 974 589 981">
     <span class='ocr_line' id='line_1_43' title="bbox 509 974 589 981; baseline 0 0"><span class='ocrx_word' id='word_1_191' title='bbox 509 974 589 981; x_wconf 95' lang='lat' dir='ltr'> </span> 
     </span>
    </p>
   </div>
   <div class='ocr_carea' id='block_1_6' title="bbox 191 976 248 1006">
    <p class='ocr_par' dir='ltr' id='par_1_6' title="bbox 191 976 248 1006">
     <span class='ocr_line' id='line_1_44' title="bbox 191 976 248 1006; baseline 0 0"><span class='ocrx_word' id='word_1_192' title='bbox 191 976 248 1006; x_wconf 84' lang='lat'>39²</span> 
     </span>
    </p>
   </div>
   <div class='ocr_carea' id='block_1_7' title="bbox 276 1809 352 1827">
    <p class='ocr_par' dir='ltr' id='par_1_7' title="bbox 276 1809 352 1827">
     <span class='ocr_line' id='line_1_45' title="bbox 276 1809 352 1827; baseline -0.013 1"><span class='ocrx_word' id='word_1_193' title='bbox 276 1809 352 1827; x_wconf 73' lang='lat' dir='ltr'>-a</span> 
     </span>
    </p>
   </div>
   <div class='ocr_carea' id='block_1_8' title="bbox 277 1835 908 2436">
    <p class='ocr_par' dir='ltr' id='par_1_8' title="bbox 277 1835 908 2036">
     <span class='ocr_line' id='line_1_46' title="bbox 298 1835 743 1871; baseline -0.016 -3"><span class='ocrx_word' id='word_1_194' title='bbox 298 1843 314 1868; x_wconf 87' lang='lat'>8</span> <span class='ocrx_word' id='word_1_195' title='bbox 335 1837 520 1867; x_wconf 80' lang='lat' dir='ltr'>denuntiasset</span> <span class='ocrx_word' id='word_1_196' title='bbox 533 1849 557 1869; x_wconf 81' lang='lat' dir='ltr'>v,</span> <span class='ocrx_word' id='word_1_197' title='bbox 572 1836 597 1870; x_wconf 75' lang='grc' dir='ltr'>ψ</span> <span class='ocrx_word' id='word_1_198' title='bbox 611 1835 743 1871; x_wconf 79' lang='lat' dir='ltr'>nuntiafflt</span> 
     </span>
     <span class='ocr_line' id='line_1_47' title="bbox 282 1873 908 1916; baseline -0.014 -8"><span class='ocrx_word' id='word_1_199' title='bbox 282 1890 318 1909; x_wconf 85' lang='lat'>10</span> <span class='ocrx_word' id='word_1_200' title='bbox 339 1877 450 1916; x_wconf 86' lang='lat' dir='ltr'>virgula</span> <span class='ocrx_word' id='word_1_201' title='bbox 462 1877 576 1904; x_wconf 85' lang='lat' dir='ltr'>stantem</span> <span class='ocrx_word' id='word_1_202' title='bbox 592 1889 616 1908; x_wconf 77' lang='lat' dir='ltr'>u,</span> <span class='ocrx_word' id='word_1_203' title='bbox 631 1875 657 1909; x_wconf 68' lang='grc' dir='ltr'>ψ</span> <span class='ocrx_word' id='word_1_204' title='bbox 671 1873 795 1912; x_wconf 77' lang='lat' dir='ltr'>virgulas</span> <span class='ocrx_word' id='word_1_205' title='bbox 808 1873 908 1901; x_wconf 79' lang='lat' dir='ltr'>tandem</span> 
     </span>
     <span class='ocr_line' id='line_1_48' title="bbox 277 1915 614 1952; baseline -0.012 -6"><span class='ocrx_word' id='word_1_206' title='bbox 277 1935 319 1942; x_wconf 89' lang='lat'>—-</span> <span class='ocrx_word' id='word_1_207' title='bbox 340 1918 365 1946; x_wconf 88' lang='lat' dir='ltr'>se</span> <span class='ocrx_word' id='word_1_208' title='bbox 379 1931 402 1950; x_wconf 84' lang='grc' dir='ltr'>υ,</span> <span class='ocrx_word' id='word_1_209' title='bbox 417 1915 482 1952; x_wconf 54' lang='grc' dir='ltr'>ψῄ</span> <span class='ocrx_word' id='word_1_210' title='bbox 495 1927 541 1943; x_wconf 84' lang='lat' dir='ltr'>non</span> <span class='ocrx_word' id='word_1_211' title='bbox 555 1924 614 1944; x_wconf 82' lang='lat' dir='ltr'>ame</span> 
     </span>
     <span class='ocr_line' id='line_1_49' title="bbox 282 1954 653 1990; baseline -0.016 -4"><span class='ocrx_word' id='word_1_212' title='bbox 282 1969 292 1988; x_wconf 84' lang='lat'>¹</span> <span class='ocrx_word' id='word_1_213' title='bbox 302 1969 316 1988; x_wconf 87' lang='lat'>2</span> <span class='ocrx_word' id='word_1_214' title='bbox 338 1956 486 1986; x_wconf 84' lang='lat' dir='ltr'>excederet</span> <span class='ocrx_word' id='word_1_215' title='bbox 500 1967 513 1982; x_wconf 86' lang='grc' dir='ltr'><em>υ</em></span> <span class='ocrx_word' id='word_1_216' title='bbox 526 1954 653 1990; x_wconf 69' lang='lat' dir='ltr'>exceffifflt</span> 
     </span>
     <span class='ocr_line' id='line_1_50' title="bbox 283 1994 698 2036; baseline -0.017 -9"><span class='ocrx_word' id='word_1_217' title='bbox 283 2009 292 2027; x_wconf 95' lang='grc'>1</span> <span class='ocrx_word' id='word_1_218' title='bbox 303 2009 316 2036; x_wconf 84' lang='lat'>3</span> <span class='ocrx_word' id='word_1_219' title='bbox 341 1995 440 2034; x_wconf 87' lang='lat' dir='ltr'>populi</span> <span class='ocrx_word' id='word_1_220' title='bbox 456 1994 580 2022; x_wconf 85' lang='lat' dir='ltr'>Romani</span> <span class='ocrx_word' id='word_1_221' title='bbox 594 1994 619 2028; x_wconf 70' lang='grc' dir='ltr'>ψ</span> <span class='ocrx_word' id='word_1_222' title='bbox 634 1995 698 2031; x_wconf 84' lang='lat' dir='ltr'>reip.</span> 
     </span>
    </p>

    <p class='ocr_par' dir='ltr' id='par_1_9' title="bbox 280 2036 500 2064">
     <span class='ocr_line' id='line_1_51' title="bbox 280 2036 500 2064; baseline -0.018 1"><span class='ocrx_word' id='word_1_223' title='bbox 280 2053 320 2061; x_wconf 85' lang='lat'>—-</span> <span class='ocrx_word' id='word_1_224' title='bbox 341 2036 387 2064; x_wconf 90' lang='lat' dir='ltr'>cui</span> <span class='ocrx_word' id='word_1_225' title='bbox 401 2050 415 2064; x_wconf 81' lang='lat' dir='ltr'><strong><em>v</em></strong></span> <span class='ocrx_word' id='word_1_226' title='bbox 429 2037 500 2063; x_wconf 80' lang='lat' dir='ltr'><em>civis</em></span> 
     </span>
    </p>

    <p class='ocr_par' dir='ltr' id='par_1_10' title="bbox 285 2075 553 2117">
     <span class='ocr_line' id='line_1_52' title="bbox 285 2075 553 2117; baseline -0.019 -11"><span class='ocrx_word' id='word_1_227' title='bbox 285 2088 317 2117; x_wconf 77' lang='grc' dir='ltr'>ις</span> <span class='ocrx_word' id='word_1_228' title='bbox 342 2085 416 2105; x_wconf 84' lang='lat' dir='ltr'>totus</span> <span class='ocrx_word' id='word_1_229' title='bbox 431 2075 456 2108; x_wconf 70' lang='grc' dir='ltr'>ψ</span> <span class='ocrx_word' id='word_1_230' title='bbox 467 2076 553 2110; x_wconf 79' lang='lat' dir='ltr'>potius</span> 
     </span>
    </p>

    <p class='ocr_par' dir='ltr' id='par_1_11' title="bbox 283 2113 570 2149">
     <span class='ocr_line' id='line_1_53' title="bbox 283 2113 570 2149; baseline -0.021 -3"><span class='ocrx_word' id='word_1_231' title='bbox 283 2128 315 2146; x_wconf 80' lang='lat'>21</span> <span class='ocrx_word' id='word_1_232' title='bbox 342 2125 433 2144; x_wconf 82' lang='lat' dir='ltr'>arcem</span> <span class='ocrx_word' id='word_1_233' title='bbox 447 2113 475 2149; x_wconf 72' lang='grc' dir='ltr'>ψ</span> <span class='ocrx_word' id='word_1_234' title='bbox 489 2121 570 2141; x_wconf 77' lang='lat' dir='ltr'>artem</span> 
     </span>
    </p>

    <p class='ocr_par' dir='ltr' id='par_1_12' title="bbox 284 2153 526 2189">
     <span class='ocr_line' id='line_1_54' title="bbox 284 2153 526 2189; baseline -0.029 -2"><span class='ocrx_word' id='word_1_235' title='bbox 284 2167 321 2187; x_wconf 85' lang='lat'>22</span> <span class='ocrx_word' id='word_1_236' title='bbox 342 2165 408 2183; x_wconf 85' lang='lat' dir='ltr'>vero</span> <span class='ocrx_word' id='word_1_237' title='bbox 423 2153 450 2189; x_wconf 71' lang='grc' dir='ltr'>ψ</span> <span class='ocrx_word' id='word_1_238' title='bbox 463 2164 526 2182; x_wconf 84' lang='lat' dir='ltr'>vere</span> 
     </span>
    </p>

    <p class='ocr_par' dir='ltr' id='par_1_13' title="bbox 284 2191 792 2273">
     <span class='ocr_line' id='line_1_55' title="bbox 285 2191 792 2235; baseline -0.012 -11"><span class='ocrx_word' id='word_1_239' title='bbox 285 2207 320 2235; x_wconf 89' lang='lat'>²3</span> <span class='ocrx_word' id='word_1_240' title='bbox 345 2195 413 2224; x_wconf 86' lang='lat' dir='ltr'>servi</span> <span class='ocrx_word' id='word_1_241' title='bbox 428 2192 537 2232; x_wconf 76' lang='lat' dir='ltr'>publici</span> <span class='ocrx_word' id='word_1_242' title='bbox 552 2191 619 2221; x_wconf 80' lang='lat' dir='ltr'>loris</span> <span class='ocrx_word' id='word_1_243' title='bbox 633 2191 792 2227; x_wconf 77' lang='lat' dir='ltr'>uservilores</span> 
     </span>
     <span class='ocr_line' id='line_1_56' title="bbox 284 2233 682 2273; baseline -0.013 -9"><span class='ocrx_word' id='word_1_244' title='bbox 284 2246 324 2273; x_wconf 84' lang='lat'>24</span> <span class='ocrx_word' id='word_1_245' title='bbox 345 2234 427 2263; x_wconf 80' lang='lat' dir='ltr'>ferrei</span> <span class='ocrx_word' id='word_1_246' title='bbox 442 2247 466 2267; x_wconf 79' lang='lat' dir='ltr'>v,</span> <span class='ocrx_word' id='word_1_247' title='bbox 479 2234 595 2271; x_wconf 51' lang='lat' dir='ltr'>slaeferree</span> <span class='ocrx_word' id='word_1_248' title='bbox 605 2233 621 2259; x_wconf 64' lang='grc' dir='ltr'><strong><em>ἒ</em></strong></span> <span class='ocrx_word' id='word_1_249' title='bbox 642 2233 682 2260; x_wconf 85' lang='lat' dir='ltr'>Hi</span> 
     </span>
    </p>

    <p class='ocr_par' dir='ltr' id='par_1_14' title="bbox 287 2274 533 2308">
     <span class='ocr_line' id='line_1_57' title="bbox 287 2274 533 2308; baseline -0.02 -2"><span class='ocrx_word' id='word_1_250' title='bbox 287 2278 322 2306; x_wconf 91' lang='lat'>28</span> <span class='ocrx_word' id='word_1_251' title='bbox 346 2274 390 2303; x_wconf 86' lang='lat' dir='ltr'>sex</span> <span class='ocrx_word' id='word_1_252' title='bbox 404 2287 417 2302; x_wconf 82' lang='lat' dir='ltr'><em>v</em></span> <span class='ocrx_word' id='word_1_253' title='bbox 430 2274 454 2301; x_wconf 85' lang='lat' dir='ltr'>d.</span> <span class='ocrx_word' id='word_1_254' title='bbox 470 2274 495 2308; x_wconf 72' lang='grc' dir='ltr'>ψ</span> <span class='ocrx_word' id='word_1_255' title='bbox 509 2281 533 2301; x_wconf 78' lang='lat' dir='ltr'>e!</span> 
     </span>
    </p>

    <p class='ocr_par' dir='ltr' id='par_1_15' title="bbox 284 2311 781 2396">
     <span class='ocr_line' id='line_1_58' title="bbox 284 2311 781 2352; baseline -0.006 -9"><span class='ocrx_word' id='word_1_256' title='bbox 284 2332 324 2339; x_wconf 93' lang='lat'>—-</span> <span class='ocrx_word' id='word_1_257' title='bbox 344 2314 490 2352; x_wconf 82' lang='lat' dir='ltr'>equitibus</span> <span class='ocrx_word' id='word_1_258' title='bbox 504 2327 529 2348; x_wconf 84' lang='lat' dir='ltr'>v,</span> <span class='ocrx_word' id='word_1_259' title='bbox 543 2312 568 2347; x_wconf 69' lang='grc' dir='ltr'>ψ</span> <span class='ocrx_word' id='word_1_260' title='bbox 582 2311 708 2352; x_wconf 76' lang='lat' dir='ltr'>equitibus</span> <span class='ocrx_word' id='word_1_261' title='bbox 722 2314 781 2341; x_wconf 81' lang='lat' dir='ltr'>meis</span> 
     </span>
     <span class='ocr_line' id='line_1_59' title="bbox 287 2354 495 2396; baseline -0.014 -12"><span class='ocrx_word' id='word_1_262' title='bbox 287 2366 318 2396; x_wconf 85' lang='lat'>3¹</span> <span class='ocrx_word' id='word_1_263' title='bbox 347 2361 377 2382; x_wconf 92' lang='lat' dir='ltr'>ut</span> <span class='ocrx_word' id='word_1_264' title='bbox 391 2367 416 2387; x_wconf 80' lang='lat' dir='ltr'>v,</span> <span class='ocrx_word' id='word_1_265' title='bbox 430 2354 455 2388; x_wconf 71' lang='grc' dir='ltr'>ψ</span> <span class='ocrx_word' id='word_1_266' title='bbox 469 2354 495 2382; x_wconf 88' lang='lat' dir='ltr'>d.</span> 
     </span>
    </p>

    <p class='ocr_par' dir='ltr' id='par_1_16' title="bbox 288 2393 508 2436">
     <span class='ocr_line' id='line_1_60' title="bbox 288 2393 508 2436; baseline -0.018 -11"><span class='ocrx_word' id='word_1_267' title='bbox 288 2407 324 2436; x_wconf 83' lang='lat'>32</span> <span class='ocrx_word' id='word_1_268' title='bbox 347 2394 400 2423; x_wconf 84' lang='lat' dir='ltr'>fint</span> <span class='ocrx_word' id='word_1_269' title='bbox 412 2393 508 2431; x_wconf 57' lang='lat' dir='ltr'><em>spfiant</em></span> 
     </span>
    </p>
   </div>
   <div class='ocr_carea' id='block_1_9' title="bbox 944 237 1059 276">
    <p class='ocr_par' dir='ltr' id='par_1_17' title="bbox 944 237 1059 276">
     <span class='ocr_line' id='line_1_61' title="bbox 944 237 1059 276; baseline -0.009 -10"><span class='ocrx_word' id='word_1_270' title='bbox 944 248 974 276; x_wconf 88' lang='lat' dir='ltr'>p.</span> <span class='ocrx_word' id='word_1_271' title='bbox 1037 237 1059 265; x_wconf 90' lang='lat' dir='ltr'>l.</span> 
     </span>
    </p>
   </div>
   <div class='ocr_carea' id='block_1_10' title="bbox 946 275 1672 2428">
    <p class='ocr_par' dir='ltr' id='par_1_18' title="bbox 946 275 1672 2428">
     <span class='ocr_line' id='line_1_62' title="bbox 946 275 1497 316; baseline -0.004 -11"><span class='ocrx_word' id='word_1_272' title='bbox 946 287 1002 316; x_wconf 85' lang='lat'>393</span> <span class='ocrx_word' id='word_1_273' title='bbox 1029 286 1064 314; x_wconf 87' lang='lat'>32</span> <span class='ocrx_word' id='word_1_274' title='bbox 1088 275 1244 305; x_wconf 83' lang='lat' dir='ltr'>Leontinus</span> <span class='ocrx_word' id='word_1_275' title='bbox 1259 290 1272 304; x_wconf 80' lang='lat' dir='ltr'><em>v</em></span> <span class='ocrx_word' id='word_1_276' title='bbox 1288 276 1423 305; x_wconf 68' lang='lat' dir='ltr'>Leontium</span> <span class='ocrx_word' id='word_1_277' title='bbox 1435 287 1497 315; x_wconf 73' lang='lat' dir='ltr'>ager</span> 
     </span>
     <span class='ocr_line' id='line_1_63' title="bbox 1029 316 1316 354; baseline 0.003 -11"><span class='ocrx_word' id='word_1_278' title='bbox 1029 326 1067 354; x_wconf 83' lang='lat'>34</span> <span class='ocrx_word' id='word_1_279' title='bbox 1088 316 1181 343; x_wconf 87' lang='lat' dir='ltr'>mimis</span> <span class='ocrx_word' id='word_1_280' title='bbox 1195 317 1220 351; x_wconf 71' lang='grc' dir='ltr'>ψ</span> <span class='ocrx_word' id='word_1_281' title='bbox 1235 320 1316 345; x_wconf 76' lang='lat' dir='ltr'>minus</span> 
     </span>
     <span class='ocr_line' id='line_1_64' title="bbox 947 356 1281 396; baseline -0.003 -1"><span class='ocrx_word' id='word_1_282' title='bbox 947 366 1006 396; x_wconf 85' lang='lat'>394</span> <span class='ocrx_word' id='word_1_283' title='bbox 1050 366 1064 393; x_wconf 79' lang='grc' dir='ltr'>ς</span> <span class='ocrx_word' id='word_1_284' title='bbox 1088 356 1164 393; x_wconf 83' lang='lat' dir='ltr'>quod</span> <span class='ocrx_word' id='word_1_285' title='bbox 1179 357 1204 390; x_wconf 66' lang='grc' dir='ltr'>ψ</span> <span class='ocrx_word' id='word_1_286' title='bbox 1218 358 1281 394; x_wconf 74' lang='lat' dir='ltr'><em>quid</em></span> 
     </span>
     <span class='ocr_line' id='line_1_65' title="bbox 1025 394 1419 434; baseline 0.003 -11"><span class='ocrx_word' id='word_1_287' title='bbox 1025 411 1065 417; x_wconf 88' lang='lat'>-—</span> <span class='ocrx_word' id='word_1_288' title='bbox 1086 404 1239 433; x_wconf 84' lang='lat' dir='ltr'>tangantur</span> <span class='ocrx_word' id='word_1_289' title='bbox 1252 394 1280 431; x_wconf 76' lang='grc' dir='ltr'>ψ</span> <span class='ocrx_word' id='word_1_290' title='bbox 1292 404 1419 434; x_wconf 78' lang='lat' dir='ltr'><em>tangatur</em></span> 
     </span>
     <span class='ocr_line' id='line_1_66' title="bbox 1046 436 1398 473; baseline 0.003 -10"><span class='ocrx_word' id='word_1_291' title='bbox 1046 436 1064 463; x_wconf 91' lang='lat'>6</span> <span class='ocrx_word' id='word_1_292' title='bbox 1086 445 1120 463; x_wconf 88' lang='lat' dir='ltr'>ne</span> <span class='ocrx_word' id='word_1_293' title='bbox 1135 449 1160 468; x_wconf 85' lang='lat' dir='ltr'>v,</span> <span class='ocrx_word' id='word_1_294' title='bbox 1175 436 1200 469; x_wconf 67' lang='grc' dir='ltr'>ψ</span> <span class='ocrx_word' id='word_1_295' title='bbox 1215 448 1243 464; x_wconf 86' lang='lat' dir='ltr'>ne</span> <span class='ocrx_word' id='word_1_296' title='bbox 1253 436 1398 473; x_wconf 76' lang='lat' dir='ltr'>fistercium</span> 
     </span>
     <span class='ocr_line' id='line_1_67' title="bbox 1048 474 1597 511; baseline -0.002 -9"><span class='ocrx_word' id='word_1_297' title='bbox 1048 484 1065 511; x_wconf 91' lang='lat'><strong><em>7</em></strong></span> <span class='ocrx_word' id='word_1_298' title='bbox 1088 475 1205 502; x_wconf 80' lang='lat' dir='ltr'>Nucula</span> <span class='ocrx_word' id='word_1_299' title='bbox 1220 475 1272 503; x_wconf 88' lang='lat' dir='ltr'>hoc</span> <span class='ocrx_word' id='word_1_300' title='bbox 1287 489 1300 503; x_wconf 76' lang='lat' dir='ltr'><em>v</em></span> <span class='ocrx_word' id='word_1_301' title='bbox 1314 487 1378 503; x_wconf 84' lang='lat' dir='ltr'><em>nunc</em></span> <span class='ocrx_word' id='word_1_302' title='bbox 1392 475 1440 503; x_wconf 84' lang='lat' dir='ltr'>illa</span> <span class='ocrx_word' id='word_1_303' title='bbox 1454 476 1479 509; x_wconf 69' lang='grc' dir='ltr'>ψ</span> <span class='ocrx_word' id='word_1_304' title='bbox 1495 474 1597 503; x_wconf 80' lang='lat' dir='ltr'>Nucula</span> 
     </span>
     <span class='ocr_line' id='line_1_68' title="bbox 1049 514 1662 553; baseline -0.002 -12"><span class='ocrx_word' id='word_1_305' title='bbox 1049 524 1067 552; x_wconf 91' lang='lat'><strong>9</strong></span> <span class='ocrx_word' id='word_1_306' title='bbox 1089 515 1166 552; x_wconf 86' lang='lat' dir='ltr'>leges</span> <span class='ocrx_word' id='word_1_307' title='bbox 1187 515 1378 544; x_wconf 86' lang='lat' dir='ltr'>commiserint</span> <span class='ocrx_word' id='word_1_308' title='bbox 1396 514 1423 550; x_wconf 71' lang='grc' dir='ltr'>ψ</span> <span class='ocrx_word' id='word_1_309' title='bbox 1442 515 1517 553; x_wconf 78' lang='lat' dir='ltr'>legem</span> <span class='ocrx_word' id='word_1_310' title='bbox 1538 514 1662 550; x_wconf 77' lang='lat' dir='ltr'>commise-</span> 
     </span>
     <span class='ocr_line' id='line_1_69' title="bbox 1135 563 1196 582; baseline 0.016 -1"><span class='ocrx_word' id='word_1_311' title='bbox 1135 563 1196 582; x_wconf 78' lang='lat' dir='ltr'>runt</span> 
     </span>
     <span class='ocr_line' id='line_1_70' title="bbox 1033 593 1247 622; baseline -0.005 0"><span class='ocrx_word' id='word_1_312' title='bbox 1033 603 1067 622; x_wconf 84' lang='lat'>12</span> <span class='ocrx_word' id='word_1_313' title='bbox 1089 593 1180 621; x_wconf 87' lang='lat' dir='ltr'>secum</span> <span class='ocrx_word' id='word_1_314' title='bbox 1197 608 1209 622; x_wconf 76' lang='lat' dir='ltr'><em>v</em></span> <span class='ocrx_word' id='word_1_315' title='bbox 1222 594 1247 621; x_wconf 90' lang='lat' dir='ltr'>d.</span> 
     </span>
     <span class='ocr_line' id='line_1_71' title="bbox 1034 633 1419 671; baseline 0.005 -10"><span class='ocrx_word' id='word_1_316' title='bbox 1034 644 1067 669; x_wconf 88' lang='lat'>¹7</span> <span class='ocrx_word' id='word_1_317' title='bbox 1091 642 1217 671; x_wconf 81' lang='lat' dir='ltr'>togatam</span> <span class='ocrx_word' id='word_1_318' title='bbox 1232 647 1244 662; x_wconf 81' lang='lat' dir='ltr'><em>v</em></span> <span class='ocrx_word' id='word_1_319' title='bbox 1258 641 1337 662; x_wconf 82' lang='lat' dir='ltr'><em>totam</em></span> <span class='ocrx_word' id='word_1_320' title='bbox 1352 633 1378 669; x_wconf 70' lang='grc' dir='ltr'>ψ</span> <span class='ocrx_word' id='word_1_321' title='bbox 1394 635 1419 663; x_wconf 83' lang='lat' dir='ltr'>d.</span> 
     </span>
     <span class='ocr_line' id='line_1_72' title="bbox 1033 674 1354 709; baseline 0.003 -8"><span class='ocrx_word' id='word_1_322' title='bbox 1033 683 1042 701; x_wconf 85' lang='lat'>1</span> <span class='ocrx_word' id='word_1_323' title='bbox 1053 675 1067 701; x_wconf 90' lang='grc'><strong>8</strong></span> <span class='ocrx_word' id='word_1_324' title='bbox 1091 674 1200 702; x_wconf 84' lang='lat' dir='ltr'>mavult</span> <span class='ocrx_word' id='word_1_325' title='bbox 1213 687 1238 707; x_wconf 82' lang='lat' dir='ltr'>v,</span> <span class='ocrx_word' id='word_1_326' title='bbox 1252 675 1277 709; x_wconf 69' lang='grc' dir='ltr'>ψ</span> <span class='ocrx_word' id='word_1_327' title='bbox 1290 675 1354 702; x_wconf 66' lang='lat' dir='ltr'>maso</span> 
     </span>
     <span class='ocr_line' id='line_1_73' title="bbox 1030 713 1252 750; baseline 0.005 -10"><span class='ocrx_word' id='word_1_328' title='bbox 1030 729 1071 735; x_wconf 90' lang='lat'>--</span> <span class='ocrx_word' id='word_1_329' title='bbox 1091 713 1185 750; x_wconf 83' lang='lat' dir='ltr'>inquit</span> <span class='ocrx_word' id='word_1_330' title='bbox 1199 727 1212 741; x_wconf 77' lang='lat' dir='ltr'><em>v</em></span> <span class='ocrx_word' id='word_1_331' title='bbox 1226 714 1252 741; x_wconf 88' lang='lat' dir='ltr'>d.</span> 
     </span>
     <span class='ocr_line' id='line_1_74' title="bbox 1034 753 1221 781; baseline 0 -1"><span class='ocrx_word' id='word_1_332' title='bbox 1034 762 1072 781; x_wconf 86' lang='lat'>20</span> <span class='ocrx_word' id='word_1_333' title='bbox 1094 753 1138 780; x_wconf 83' lang='lat' dir='ltr'>M.</span> <span class='ocrx_word' id='word_1_334' title='bbox 1153 767 1166 780; x_wconf 79' lang='grc' dir='ltr'>υ</span> <span class='ocrx_word' id='word_1_335' title='bbox 1183 753 1221 781; x_wconf 91' lang='lat' dir='ltr'>D.</span> 
     </span>
     <span class='ocr_line' id='line_1_75' title="bbox 1034 792 1600 831; baseline 0.002 -10"><span class='ocrx_word' id='word_1_336' title='bbox 1034 803 1066 821; x_wconf 87' lang='lat'>21</span> <span class='ocrx_word' id='word_1_337' title='bbox 1094 803 1180 830; x_wconf 83' lang='lat' dir='ltr'>prove</span> <span class='ocrx_word' id='word_1_338' title='bbox 1195 792 1355 821; x_wconf 84' lang='lat' dir='ltr'>consulibus</span> <span class='ocrx_word' id='word_1_339' title='bbox 1370 793 1395 827; x_wconf 70' lang='grc' dir='ltr'>ψ</span> <span class='ocrx_word' id='word_1_340' title='bbox 1405 800 1480 831; x_wconf 84' lang='lat' dir='ltr'><em>prout</em></span> <span class='ocrx_word' id='word_1_341' title='bbox 1495 792 1600 829; x_wconf 62' lang='lat' dir='ltr'>cotfiaelee</span> 
     </span>
     <span class='ocr_line' id='line_1_76' title="bbox 1034 833 1230 869; baseline 0 -9"><span class='ocrx_word' id='word_1_342' title='bbox 1034 843 1069 861; x_wconf 84' lang='lat'>22</span> <span class='ocrx_word' id='word_1_343' title='bbox 1092 833 1151 869; x_wconf 82' lang='lat' dir='ltr'>ejus</span> <span class='ocrx_word' id='word_1_344' title='bbox 1166 834 1190 867; x_wconf 74' lang='grc' dir='ltr'>ψ</span> <span class='ocrx_word' id='word_1_345' title='bbox 1204 834 1230 861; x_wconf 81' lang='lat' dir='ltr'>d.</span> 
     </span>
     <span class='ocr_line' id='line_1_77' title="bbox 1032 873 1305 911; baseline 0 -11"><span class='ocrx_word' id='word_1_346' title='bbox 1032 889 1071 894; x_wconf 91' lang='lat'>-—</span> <span class='ocrx_word' id='word_1_347' title='bbox 1094 881 1124 900; x_wconf 85' lang='lat' dir='ltr'>ut</span> <span class='ocrx_word' id='word_1_348' title='bbox 1138 887 1151 901; x_wconf 87' lang='grc' dir='ltr'><strong><em>υ</em></strong></span> <span class='ocrx_word' id='word_1_349' title='bbox 1166 877 1227 911; x_wconf 76' lang='lat' dir='ltr'>quia</span> <span class='ocrx_word' id='word_1_350' title='bbox 1241 873 1267 907; x_wconf 72' lang='grc' dir='ltr'>ψ</span> <span class='ocrx_word' id='word_1_351' title='bbox 1279 873 1305 901; x_wconf 76' lang='lat' dir='ltr'>d.</span> 
     </span>
     <span class='ocr_line' id='line_1_78' title="bbox 1032 913 1401 949; baseline 0.003 -10"><span class='ocrx_word' id='word_1_352' title='bbox 1032 928 1072 935; x_wconf 89' lang='lat'>--</span> <span class='ocrx_word' id='word_1_353' title='bbox 1093 913 1154 949; x_wconf 76' lang='lat' dir='ltr'>lpse</span> <span class='ocrx_word' id='word_1_354' title='bbox 1169 921 1264 941; x_wconf 88' lang='lat' dir='ltr'>autem</span> <span class='ocrx_word' id='word_1_355' title='bbox 1282 920 1313 941; x_wconf 88' lang='lat' dir='ltr'>ut</span> <span class='ocrx_word' id='word_1_356' title='bbox 1327 926 1340 940; x_wconf 81' lang='lat' dir='ltr'><em>v</em></span> <span class='ocrx_word' id='word_1_357' title='bbox 1354 920 1401 940; x_wconf 74' lang='lat' dir='ltr'>aut</span> 
     </span>
     <span class='ocr_line' id='line_1_79' title="bbox 1035 953 1411 990; baseline -0.003 -9"><span class='ocrx_word' id='word_1_358' title='bbox 1035 963 1070 990; x_wconf 83' lang='lat'>23</span> <span class='ocrx_word' id='word_1_359' title='bbox 1094 954 1239 981; x_wconf 80' lang='lat' dir='ltr'>obtineam</span> <span class='ocrx_word' id='word_1_360' title='bbox 1254 966 1267 980; x_wconf 76' lang='lat' dir='ltr'><em>v</em></span> <span class='ocrx_word' id='word_1_361' title='bbox 1279 953 1411 981; x_wconf 71' lang='lat' dir='ltr'>obtineant</span> 
     </span>
     <span class='ocr_line' id='line_1_80' title="bbox 1033 993 1345 1027; baseline 0.003 -8"><span class='ocrx_word' id='word_1_362' title='bbox 1033 1008 1074 1014; x_wconf 95' lang='lat'><strong>—</strong></span> <span class='ocrx_word' id='word_1_363' title='bbox 1093 1001 1170 1021; x_wconf 85' lang='lat' dir='ltr'>vetat</span> <span class='ocrx_word' id='word_1_364' title='bbox 1184 1007 1206 1023; x_wconf 82' lang='lat' dir='ltr'>v,</span> <span class='ocrx_word' id='word_1_365' title='bbox 1221 993 1246 1027; x_wconf 65' lang='grc' dir='ltr'>ψ</span> <span class='ocrx_word' id='word_1_366' title='bbox 1260 1001 1307 1021; x_wconf 78' lang='lat' dir='ltr'>tua</span> <span class='ocrx_word' id='word_1_367' title='bbox 1321 1002 1345 1020; x_wconf 80' lang='lat' dir='ltr'>et</span> 
     </span>
     <span class='ocr_line' id='line_1_81' title="bbox 1034 1032 1410 1061; baseline 0 0"><span class='ocrx_word' id='word_1_368' title='bbox 1034 1047 1075 1054; x_wconf 92' lang='lat'>—</span> <span class='ocrx_word' id='word_1_369' title='bbox 1095 1041 1124 1061; x_wconf 89' lang='lat' dir='ltr'>et</span> <span class='ocrx_word' id='word_1_370' title='bbox 1227 1033 1342 1061; x_wconf 79' lang='lat' dir='ltr'>Caesaris</span> <span class='ocrx_word' id='word_1_371' title='bbox 1357 1046 1370 1060; x_wconf 77' lang='grc' dir='ltr'><strong><em>υ</em></strong></span> <span class='ocrx_word' id='word_1_372' title='bbox 1385 1032 1410 1061; x_wconf 82' lang='lat' dir='ltr'>d.</span> 
     </span>
     <span class='ocr_line' id='line_1_82' title="bbox 1037 1072 1373 1111; baseline 0 -11"><span class='ocrx_word' id='word_1_373' title='bbox 1037 1083 1073 1109; x_wconf 83' lang='lat'>²4</span> <span class='ocrx_word' id='word_1_374' title='bbox 1094 1072 1224 1100; x_wconf 81' lang='lat' dir='ltr'>defendis</span> <span class='ocrx_word' id='word_1_375' title='bbox 1239 1086 1251 1101; x_wconf 76' lang='grc' dir='ltr'><strong>υ</strong></span> <span class='ocrx_word' id='word_1_376' title='bbox 1262 1074 1373 1111; x_wconf 60' lang='lat' dir='ltr'>defendit</span> 
     </span>
     <span class='ocr_line' id='line_1_83' title="bbox 1038 1113 1404 1150; baseline -0.003 -9"><span class='ocrx_word' id='word_1_377' title='bbox 1038 1123 1072 1150; x_wconf 77' lang='lat'>25</span> <span class='ocrx_word' id='word_1_378' title='bbox 1095 1113 1237 1150; x_wconf 81' lang='lat' dir='ltr'>principes</span> <span class='ocrx_word' id='word_1_379' title='bbox 1251 1114 1276 1146; x_wconf 72' lang='grc' dir='ltr'>ψ</span> <span class='ocrx_word' id='word_1_380' title='bbox 1288 1116 1404 1150; x_wconf 82' lang='lat' dir='ltr'>princeps</span> 
     </span>
     <span class='ocr_line' id='line_1_84' title="bbox 1039 1152 1465 1188; baseline 0 -8"><span class='ocrx_word' id='word_1_381' title='bbox 1039 1162 1074 1188; x_wconf 84' lang='lat'>27</span> <span class='ocrx_word' id='word_1_382' title='bbox 1097 1162 1147 1180; x_wconf 88' lang='lat' dir='ltr'>nec</span> <span class='ocrx_word' id='word_1_383' title='bbox 1246 1152 1402 1180; x_wconf 79' lang='lat' dir='ltr'>consulares</span> <span class='ocrx_word' id='word_1_384' title='bbox 1418 1165 1430 1180; x_wconf 84' lang='grc' dir='ltr'><em>υ</em></span> <span class='ocrx_word' id='word_1_385' title='bbox 1441 1153 1465 1180; x_wconf 85' lang='lat' dir='ltr'>d.</span> 
     </span>
     <span class='ocr_line' id='line_1_85' title="bbox 1040 1192 1342 1229; baseline 0 -10"><span class='ocrx_word' id='word_1_386' title='bbox 1040 1201 1077 1228; x_wconf 80' lang='lat'>30</span> <span class='ocrx_word' id='word_1_387' title='bbox 1099 1192 1202 1228; x_wconf 83' lang='lat' dir='ltr'>possem</span> <span class='ocrx_word' id='word_1_388' title='bbox 1217 1193 1241 1225; x_wconf 68' lang='grc' dir='ltr'>ψ</span> <span class='ocrx_word' id='word_1_389' title='bbox 1252 1193 1342 1229; x_wconf 73' lang='lat' dir='ltr'>poffimt</span> 
     </span>
     <span class='ocr_line' id='line_1_86' title="bbox 1040 1230 1669 1268; baseline 0.002 -9"><span class='ocrx_word' id='word_1_390' title='bbox 1040 1241 1071 1268; x_wconf 82' lang='lat'>3¹</span> <span class='ocrx_word' id='word_1_391' title='bbox 1101 1231 1182 1259; x_wconf 75' lang='lat' dir='ltr'>nimis</span> <span class='ocrx_word' id='word_1_392' title='bbox 1206 1232 1271 1259; x_wconf 88' lang='lat' dir='ltr'>irati</span> <span class='ocrx_word' id='word_1_393' title='bbox 1293 1230 1439 1259; x_wconf 84' lang='lat' dir='ltr'>revertistis</span> <span class='ocrx_word' id='word_1_394' title='bbox 1463 1244 1476 1259; x_wconf 81' lang='grc' dir='ltr'><strong>υ</strong></span> <span class='ocrx_word' id='word_1_395' title='bbox 1497 1230 1612 1268; x_wconf 59' lang='lat' dir='ltr'>miserati</span> <span class='ocrx_word' id='word_1_396' title='bbox 1629 1242 1669 1260; x_wconf 79' lang='lat' dir='ltr'>re-</span> 
     </span>
     <span class='ocr_line' id='line_1_87' title="bbox 1141 1272 1285 1308; baseline -0.014 -9"><span class='ocrx_word' id='word_1_397' title='bbox 1141 1272 1216 1308; x_wconf 75' lang='lat' dir='ltr'>versi</span> <span class='ocrx_word' id='word_1_398' title='bbox 1226 1273 1285 1307; x_wconf 74' lang='lat' dir='ltr'>estis</span> 
     </span>
     <span class='ocr_line' id='line_1_88' title="bbox 1041 1311 1268 1348; baseline 0 -10"><span class='ocrx_word' id='word_1_399' title='bbox 1041 1320 1076 1348; x_wconf 84' lang='lat'>3²</span> <span class='ocrx_word' id='word_1_400' title='bbox 1098 1311 1167 1348; x_wconf 83' lang='lat' dir='ltr'>quid</span> <span class='ocrx_word' id='word_1_401' title='bbox 1184 1311 1208 1344; x_wconf 68' lang='grc' dir='ltr'>ψ</span> <span class='ocrx_word' id='word_1_402' title='bbox 1222 1313 1268 1348; x_wconf 85' lang='lat' dir='ltr'>qui</span> 
     </span>
     <span class='ocr_line' id='line_1_89' title="bbox 1040 1351 1217 1388; baseline 0 -10"><span class='ocrx_word' id='word_1_403' title='bbox 1040 1360 1075 1388; x_wconf 81' lang='lat'>33</span> <span class='ocrx_word' id='word_1_404' title='bbox 1101 1351 1145 1378; x_wconf 83' lang='lat' dir='ltr'>M.</span> <span class='ocrx_word' id='word_1_405' title='bbox 1161 1363 1174 1378; x_wconf 77' lang='grc' dir='ltr'><strong><em>υ</em></strong></span> <span class='ocrx_word' id='word_1_406' title='bbox 1189 1351 1217 1378; x_wconf 88' lang='lat' dir='ltr'>d.</span> 
     </span>
     <span class='ocr_line' id='line_1_90' title="bbox 1042 1393 1254 1428; baseline 0 -10"><span class='ocrx_word' id='word_1_407' title='bbox 1042 1399 1079 1427; x_wconf 86' lang='lat'>34</span> <span class='ocrx_word' id='word_1_408' title='bbox 1100 1397 1161 1418; x_wconf 80' lang='lat' dir='ltr'>erat</span> <span class='ocrx_word' id='word_1_409' title='bbox 1174 1393 1254 1428; x_wconf 83' lang='lat' dir='ltr'><em>vfuit</em></span> 
     </span>
     <span class='ocr_line' id='line_1_91' title="bbox 961 1430 1364 1469; baseline -0.002 -11"><span class='ocrx_word' id='word_1_410' title='bbox 961 1439 1017 1469; x_wconf 78' lang='lat'>395</span> <span class='ocrx_word' id='word_1_411' title='bbox 1064 1440 1074 1458; x_wconf 86' lang='lat'>1</span> <span class='ocrx_word' id='word_1_412' title='bbox 1102 1430 1225 1458; x_wconf 84' lang='lat' dir='ltr'>senatum</span> <span class='ocrx_word' id='word_1_413' title='bbox 1239 1430 1364 1466; x_wconf 63' lang='lat' dir='ltr'>slafinatu</span> 
     </span>
     <span class='ocr_line' id='line_1_92' title="bbox 1037 1469 1402 1498; baseline -0.003 0"><span class='ocrx_word' id='word_1_414' title='bbox 1037 1485 1079 1492; x_wconf 96' lang='lat'><strong>—</strong></span> <span class='ocrx_word' id='word_1_415' title='bbox 1098 1470 1247 1498; x_wconf 79' lang='lat' dir='ltr'>codicillos</span> <span class='ocrx_word' id='word_1_416' title='bbox 1262 1483 1275 1497; x_wconf 78' lang='lat' dir='ltr'><em>v</em></span> <span class='ocrx_word' id='word_1_417' title='bbox 1291 1469 1402 1498; x_wconf 79' lang='lat' dir='ltr'>codicello</span> 
     </span>
     <span class='ocr_line' id='line_1_93' title="bbox 1062 1510 1360 1545; baseline 0 -8"><span class='ocrx_word' id='word_1_418' title='bbox 1062 1520 1076 1538; x_wconf 93' lang='lat'>2</span> <span class='ocrx_word' id='word_1_419' title='bbox 1100 1510 1213 1538; x_wconf 84' lang='lat' dir='ltr'>summis</span> <span class='ocrx_word' id='word_1_420' title='bbox 1226 1510 1360 1545; x_wconf 71' lang='lat' dir='ltr'>vficmmus</span> 
     </span>
     <span class='ocr_line' id='line_1_94' title="bbox 1037 1550 1290 1584; baseline -0.004 -6"><span class='ocrx_word' id='word_1_421' title='bbox 1037 1567 1078 1573; x_wconf 91' lang='lat'>--·</span> <span class='ocrx_word' id='word_1_422' title='bbox 1101 1550 1137 1578; x_wconf 86' lang='lat' dir='ltr'>ufi</span> <span class='ocrx_word' id='word_1_423' title='bbox 1153 1564 1165 1578; x_wconf 80' lang='lat' dir='ltr'><em>v</em></span> <span class='ocrx_word' id='word_1_424' title='bbox 1180 1551 1207 1578; x_wconf 83' lang='lat' dir='ltr'>d.</span> <span class='ocrx_word' id='word_1_425' title='bbox 1221 1551 1247 1584; x_wconf 69' lang='grc' dir='ltr'>ψ</span> <span class='ocrx_word' id='word_1_426' title='bbox 1261 1550 1290 1577; x_wconf 81' lang='lat' dir='ltr'>hi</span> 
     </span>
     <span class='ocr_line' id='line_1_95' title="bbox 1064 1587 1481 1628; baseline -0.005 -10"><span class='ocrx_word' id='word_1_427' title='bbox 1064 1600 1076 1628; x_wconf 80' lang='grc' dir='ltr'><em>ς</em></span> <span class='ocrx_word' id='word_1_428' title='bbox 1100 1590 1201 1618; x_wconf 79' lang='lat' dir='ltr'>animis</span> <span class='ocrx_word' id='word_1_429' title='bbox 1216 1604 1229 1618; x_wconf 77' lang='lat' dir='ltr'><em>v</em></span> <span class='ocrx_word' id='word_1_430' title='bbox 1243 1592 1325 1618; x_wconf 82' lang='lat' dir='ltr'><em>armis</em></span> <span class='ocrx_word' id='word_1_431' title='bbox 1339 1587 1365 1625; x_wconf 70' lang='grc' dir='ltr'>ψ</span> <span class='ocrx_word' id='word_1_432' title='bbox 1380 1590 1481 1617; x_wconf 83' lang='lat' dir='ltr'>animus</span> 
     </span>
     <span class='ocr_line' id='line_1_96' title="bbox 1037 1630 1261 1665; baseline 0.013 -9"><span class='ocrx_word' id='word_1_433' title='bbox 1037 1645 1078 1652; x_wconf 91' lang='lat'>—</span> <span class='ocrx_word' id='word_1_434' title='bbox 1097 1630 1182 1658; x_wconf 87' lang='lat' dir='ltr'>etiam</span> <span class='ocrx_word' id='word_1_435' title='bbox 1197 1631 1222 1665; x_wconf 74' lang='grc' dir='ltr'>ψ</span> <span class='ocrx_word' id='word_1_436' title='bbox 1235 1631 1261 1659; x_wconf 87' lang='lat' dir='ltr'>d.</span> 
     </span>
     <span class='ocr_line' id='line_1_97' title="bbox 1060 1670 1352 1699; baseline 0 -1"><span class='ocrx_word' id='word_1_437' title='bbox 1060 1671 1077 1698; x_wconf 94' lang='lat'><strong>6</strong></span> <span class='ocrx_word' id='word_1_438' title='bbox 1100 1671 1228 1699; x_wconf 88' lang='lat' dir='ltr'>Domum</span> <span class='ocrx_word' id='word_1_439' title='bbox 1243 1685 1256 1699; x_wconf 78' lang='grc' dir='ltr'><strong>υ</strong></span> <span class='ocrx_word' id='word_1_440' title='bbox 1272 1670 1352 1699; x_wconf 85' lang='lat' dir='ltr'>Domo</span> 
     </span>
     <span class='ocr_line' id='line_1_98' title="bbox 1062 1710 1672 1747; baseline 0.002 -9"><span class='ocrx_word' id='word_1_441' title='bbox 1062 1719 1078 1747; x_wconf 95' lang='lat'><strong><em>7</em></strong></span> <span class='ocrx_word' id='word_1_442' title='bbox 1101 1711 1186 1738; x_wconf 86' lang='lat' dir='ltr'>etiam</span> <span class='ocrx_word' id='word_1_443' title='bbox 1202 1711 1331 1739; x_wconf 82' lang='lat' dir='ltr'>seducere</span> <span class='ocrx_word' id='word_1_444' title='bbox 1350 1724 1364 1738; x_wconf 81' lang='grc' dir='ltr'><strong><em>υ</em></strong></span> <span class='ocrx_word' id='word_1_445' title='bbox 1385 1713 1463 1740; x_wconf 75' lang='lat' dir='ltr'>eliam</span> <span class='ocrx_word' id='word_1_446' title='bbox 1481 1711 1596 1740; x_wconf 82' lang='lat' dir='ltr'>reducere</span> <span class='ocrx_word' id='word_1_447' title='bbox 1610 1710 1636 1745; x_wconf 72' lang='grc' dir='ltr'>ψ</span> <span class='ocrx_word' id='word_1_448' title='bbox 1648 1718 1672 1739; x_wconf 76' lang='lat' dir='ltr'>ee</span> 
     </span>
     <span class='ocr_line' id='line_1_99' title="bbox 1148 1753 1262 1779; baseline 0.009 -1"><span class='ocrx_word' id='word_1_449' title='bbox 1148 1753 1262 1779; x_wconf 81' lang='lat' dir='ltr'>reducere</span> 
     </span>
     <span class='ocr_line' id='line_1_100' title="bbox 1047 1791 1367 1827; baseline 0.006 -10"><span class='ocrx_word' id='word_1_450' title='bbox 1047 1799 1081 1817; x_wconf 86' lang='lat'>10</span> <span class='ocrx_word' id='word_1_451' title='bbox 1102 1798 1199 1827; x_wconf 82' lang='lat' dir='ltr'>parata</span> <span class='ocrx_word' id='word_1_452' title='bbox 1213 1805 1237 1824; x_wconf 81' lang='lat' dir='ltr'>v,</span> <span class='ocrx_word' id='word_1_453' title='bbox 1249 1791 1275 1825; x_wconf 69' lang='grc' dir='ltr'>ψ</span> <span class='ocrx_word' id='word_1_454' title='bbox 1284 1799 1367 1827; x_wconf 79' lang='lat' dir='ltr'><em>parta</em></span> 
     </span>
     <span class='ocr_line' id='line_1_101' title="bbox 1041 1831 1448 1869; baseline 0.002 -11"><span class='ocrx_word' id='word_1_455' title='bbox 1041 1844 1082 1852; x_wconf 91' lang='lat'>—</span> <span class='ocrx_word' id='word_1_456' title='bbox 1103 1831 1246 1868; x_wconf 70' lang='lat' dir='ltr'>proposita</span> <span class='ocrx_word' id='word_1_457' title='bbox 1259 1844 1283 1865; x_wconf 79' lang='lat' dir='ltr'>v,</span> <span class='ocrx_word' id='word_1_458' title='bbox 1299 1831 1324 1866; x_wconf 67' lang='grc' dir='ltr'>ψ</span> <span class='ocrx_word' id='word_1_459' title='bbox 1337 1831 1448 1869; x_wconf 63' lang='lat' dir='ltr'>exposita</span> 
     </span>
     <span class='ocr_line' id='line_1_102' title="bbox 1046 1870 1208 1898; baseline 0.006 -1"><span class='ocrx_word' id='word_1_460' title='bbox 1046 1879 1055 1897; x_wconf 89' lang='grc'>1</span> <span class='ocrx_word' id='word_1_461' title='bbox 1065 1879 1080 1897; x_wconf 91' lang='lat'>2</span> <span class='ocrx_word' id='word_1_462' title='bbox 1103 1870 1140 1897; x_wconf 89' lang='lat' dir='ltr'>est</span> <span class='ocrx_word' id='word_1_463' title='bbox 1154 1884 1168 1898; x_wconf 81' lang='lat' dir='ltr'><em>v</em></span> <span class='ocrx_word' id='word_1_464' title='bbox 1181 1871 1208 1898; x_wconf 85' lang='lat' dir='ltr'>d.</span> 
     </span>
     <span class='ocr_line' id='line_1_103' title="bbox 1048 1909 1424 1945; baseline 0.005 -8"><span class='ocrx_word' id='word_1_465' title='bbox 1048 1919 1084 1945; x_wconf 88' lang='lat'>14</span> <span class='ocrx_word' id='word_1_466' title='bbox 1105 1910 1195 1938; x_wconf 82' lang='lat' dir='ltr'>labori</span> <span class='ocrx_word' id='word_1_467' title='bbox 1210 1924 1234 1943; x_wconf 83' lang='lat' dir='ltr'>v,</span> <span class='ocrx_word' id='word_1_468' title='bbox 1251 1909 1278 1945; x_wconf 74' lang='grc' dir='ltr'>ψ</span> <span class='ocrx_word' id='word_1_469' title='bbox 1292 1910 1424 1939; x_wconf 79' lang='lat' dir='ltr'>laboribus</span> 
     </span>
     <span class='ocr_line' id='line_1_104' title="bbox 1043 1951 1368 1987; baseline 0 -10"><span class='ocrx_word' id='word_1_470' title='bbox 1043 1963 1086 1972; x_wconf 90' lang='lat'>—</span> <span class='ocrx_word' id='word_1_471' title='bbox 1106 1951 1165 1986; x_wconf 85' lang='lat' dir='ltr'>ejus</span> <span class='ocrx_word' id='word_1_472' title='bbox 1181 1963 1205 1983; x_wconf 76' lang='lat' dir='ltr'>u,</span> <span class='ocrx_word' id='word_1_473' title='bbox 1219 1951 1244 1984; x_wconf 70' lang='grc' dir='ltr'>«ᾧ</span> <span class='ocrx_word' id='word_1_474' title='bbox 1258 1953 1302 1987; x_wconf 80' lang='lat' dir='ltr'>qui</span> <span class='ocrx_word' id='word_1_475' title='bbox 1315 1952 1368 1987; x_wconf 83' lang='lat' dir='ltr'>ejus</span> 
     </span>
     <span class='ocr_line' id='line_1_105' title="bbox 1048 1990 1505 2028; baseline 0 -10"><span class='ocrx_word' id='word_1_476' title='bbox 1048 2000 1057 2018; x_wconf 87' lang='lat'>1</span> <span class='ocrx_word' id='word_1_477' title='bbox 1069 2002 1080 2028; x_wconf 82' lang='grc' dir='ltr'>ς</span> <span class='ocrx_word' id='word_1_478' title='bbox 1104 1990 1264 2026; x_wconf 82' lang='lat' dir='ltr'>adjuvanda</span> <span class='ocrx_word' id='word_1_479' title='bbox 1277 2003 1291 2017; x_wconf 79' lang='grc' dir='ltr'>ιι</span> <span class='ocrx_word' id='word_1_480' title='bbox 1305 1990 1505 2026; x_wconf 76' lang='lat' dir='ltr'>adjuvandum</span> 
     </span>
     <span class='ocr_line' id='line_1_106' title="bbox 1049 2029 1363 2058; baseline 0 0"><span class='ocrx_word' id='word_1_481' title='bbox 1049 2030 1084 2058; x_wconf 88' lang='grc'>16</span> <span class='ocrx_word' id='word_1_482' title='bbox 1106 2029 1219 2057; x_wconf 88' lang='lat' dir='ltr'>moleste</span> <span class='ocrx_word' id='word_1_483' title='bbox 1233 2043 1246 2057; x_wconf 84' lang='grc' dir='ltr'><strong><em>υ</em></strong></span> <span class='ocrx_word' id='word_1_484' title='bbox 1261 2032 1327 2058; x_wconf 80' lang='lat' dir='ltr'>mode</span> <span class='ocrx_word' id='word_1_485' title='bbox 1349 2040 1363 2058; x_wconf 87' lang='lat' dir='ltr'>e</span> 
     </span>
     <span class='ocr_line' id='line_1_107' title="bbox 1043 2069 1308 2107; baseline 0 -10"><span class='ocrx_word' id='word_1_486' title='bbox 1043 2085 1084 2092; x_wconf 89' lang='lat'>—</span> <span class='ocrx_word' id='word_1_487' title='bbox 1105 2069 1222 2107; x_wconf 90' lang='lat' dir='ltr'>quidem</span> <span class='ocrx_word' id='word_1_488' title='bbox 1237 2083 1250 2097; x_wconf 85' lang='lat' dir='ltr'><em>v</em></span> <span class='ocrx_word' id='word_1_489' title='bbox 1263 2074 1308 2107; x_wconf 87' lang='lat' dir='ltr'>qui</span> 
     </span>
     <span class='ocr_line' id='line_1_108' title="bbox 1043 2108 1449 2138; baseline -0.002 -1"><span class='ocrx_word' id='word_1_490' title='bbox 1043 2125 1084 2132; x_wconf 93' lang='lat'>—</span> <span class='ocrx_word' id='word_1_491' title='bbox 1103 2109 1276 2137; x_wconf 86' lang='lat' dir='ltr'>debebamus</span> <span class='ocrx_word' id='word_1_492' title='bbox 1290 2123 1304 2138; x_wconf 86' lang='grc' dir='ltr'><strong>υ</strong></span> <span class='ocrx_word' id='word_1_493' title='bbox 1318 2108 1449 2137; x_wconf 81' lang='lat' dir='ltr'>debeamus</span> 
     </span>
     <span class='ocr_line' id='line_1_109' title="bbox 1048 2148 1565 2188; baseline 0 -11"><span class='ocrx_word' id='word_1_494' title='bbox 1048 2159 1058 2179; x_wconf 86' lang='grc'>1</span> <span class='ocrx_word' id='word_1_495' title='bbox 1069 2151 1084 2177; x_wconf 93' lang='grc'>8</span> <span class='ocrx_word' id='word_1_496' title='bbox 1106 2149 1225 2187; x_wconf 81' lang='lat' dir='ltr'>vigilare</span> <span class='ocrx_word' id='word_1_497' title='bbox 1241 2163 1266 2182; x_wconf 86' lang='grc' dir='ltr'>υ,</span> <span class='ocrx_word' id='word_1_498' title='bbox 1281 2149 1308 2185; x_wconf 72' lang='grc' dir='ltr'>ψ</span> <span class='ocrx_word' id='word_1_499' title='bbox 1322 2148 1441 2187; x_wconf 82' lang='lat' dir='ltr'>vigilare</span> <span class='ocrx_word' id='word_1_500' title='bbox 1453 2152 1565 2188; x_wconf 81' lang='lat' dir='ltr'>cogitare</span> 
     </span>
     <span class='ocr_line' id='line_1_110' title="bbox 1051 2189 1413 2228; baseline 0 -11"><span class='ocrx_word' id='word_1_501' title='bbox 1051 2199 1085 2227; x_wconf 90' lang='lat'>¹9</span> <span class='ocrx_word' id='word_1_502' title='bbox 1107 2198 1155 2217; x_wconf 91' lang='lat' dir='ltr'>aut</span> <span class='ocrx_word' id='word_1_503' title='bbox 1170 2189 1294 2228; x_wconf 83' lang='lat' dir='ltr'>cogitare</span> <span class='ocrx_word' id='word_1_504' title='bbox 1308 2203 1333 2223; x_wconf 80' lang='grc' dir='ltr'>υ,</span> <span class='ocrx_word' id='word_1_505' title='bbox 1348 2190 1373 2223; x_wconf 73' lang='grc' dir='ltr'>ψ</span> <span class='ocrx_word' id='word_1_506' title='bbox 1388 2189 1413 2217; x_wconf 89' lang='lat' dir='ltr'>d.</span> 
     </span>
     <span class='ocr_line' id='line_1_111' title="bbox 1050 2229 1450 2267; baseline 0 -10"><span class='ocrx_word' id='word_1_507' title='bbox 1050 2239 1087 2258; x_wconf 89' lang='lat'>20</span> <span class='ocrx_word' id='word_1_508' title='bbox 1109 2230 1202 2257; x_wconf 78' lang='lat' dir='ltr'>Patres</span> <span class='ocrx_word' id='word_1_509' title='bbox 1217 2229 1369 2267; x_wconf 84' lang='lat' dir='ltr'>conscripti</span> <span class='ocrx_word' id='word_1_510' title='bbox 1382 2230 1408 2264; x_wconf 74' lang='grc' dir='ltr'>ψ</span> <span class='ocrx_word' id='word_1_511' title='bbox 1422 2230 1450 2258; x_wconf 85' lang='lat' dir='ltr'>d.</span> 
     </span>
     <span class='ocr_line' id='line_1_112' title="bbox 1050 2270 1356 2308; baseline 0 -10"><span class='ocrx_word' id='word_1_512' title='bbox 1050 2279 1081 2298; x_wconf 83' lang='lat'>21</span> <span class='ocrx_word' id='word_1_513' title='bbox 1107 2270 1218 2307; x_wconf 79' lang='lat' dir='ltr'>perdita</span> <span class='ocrx_word' id='word_1_514' title='bbox 1231 2283 1245 2297; x_wconf 85' lang='grc' dir='ltr'><strong><em>υ</em></strong></span> <span class='ocrx_word' id='word_1_515' title='bbox 1255 2273 1356 2308; x_wconf 79' lang='lat' dir='ltr'>percita</span> 
     </span>
     <span class='ocr_line' id='line_1_113' title="bbox 1051 2311 1205 2345; baseline -0.006 -7"><span class='ocrx_word' id='word_1_516' title='bbox 1051 2319 1088 2345; x_wconf 80' lang='lat'>:4</span> <span class='ocrx_word' id='word_1_517' title='bbox 1110 2318 1138 2337; x_wconf 87' lang='lat' dir='ltr'>et</span> <span class='ocrx_word' id='word_1_518' title='bbox 1152 2323 1165 2337; x_wconf 79' lang='lat' dir='ltr'><em>v</em></span> <span class='ocrx_word' id='word_1_519' title='bbox 1180 2311 1205 2337; x_wconf 90' lang='lat' dir='ltr'>d.</span> 
     </span>
     <span class='ocr_line' id='line_1_114' title="bbox 1052 2348 1392 2389; baseline 0.003 -11"><span class='ocrx_word' id='word_1_520' title='bbox 1052 2359 1086 2387; x_wconf 79' lang='lat'>25</span> <span class='ocrx_word' id='word_1_521' title='bbox 1110 2349 1226 2386; x_wconf 82' lang='lat' dir='ltr'>quidem</span> <span class='ocrx_word' id='word_1_522' title='bbox 1241 2348 1269 2384; x_wconf 73' lang='grc' dir='ltr'>ψ</span> <span class='ocrx_word' id='word_1_523' title='bbox 1282 2351 1392 2389; x_wconf 78' lang='lat' dir='ltr'>equidem</span> 
     </span>
     <span class='ocr_line' id='line_1_115' title="bbox 1053 2389 1289 2428; baseline 0.004 -10"><span class='ocrx_word' id='word_1_524' title='bbox 1053 2399 1089 2428; x_wconf 86' lang='lat'>²9</span> <span class='ocrx_word' id='word_1_525' title='bbox 1111 2389 1170 2427; x_wconf 86' lang='lat' dir='ltr'>post</span> <span class='ocrx_word' id='word_1_526' title='bbox 1184 2403 1209 2424; x_wconf 81' lang='lat' dir='ltr'>v,</span> <span class='ocrx_word' id='word_1_527' title='bbox 1223 2390 1248 2425; x_wconf 72' lang='grc' dir='ltr'>ψ</span> <span class='ocrx_word' id='word_1_528' title='bbox 1262 2390 1289 2419; x_wconf 81' lang='lat' dir='ltr'>d.</span> 
     </span>
    </p>
   </div>
   <div class='ocr_carea' id='block_1_11' title="bbox 1137 1049 1214 1054">
    <p class='ocr_par' dir='ltr' id='par_1_19' title="bbox 1137 1049 1214 1054">
     <span class='ocr_line' id='line_1_116' title="bbox 1137 1049 1214 1054; baseline 0 0"><span class='ocrx_word' id='word_1_529' title='bbox 1137 1049 1214 1054; x_wconf 95' lang='lat' dir='ltr'> </span> 
     </span>
    </p>
   </div>
   <div class='ocr_carea' id='block_1_12' title="bbox 1156 1167 1236 1174">
    <p class='ocr_par' dir='ltr' id='par_1_20' title="bbox 1156 1167 1236 1174">
     <span class='ocr_line' id='line_1_117' title="bbox 1156 1167 1236 1174; baseline 0 1686"><span class='ocrx_word' id='word_1_530' title='bbox 1156 1167 1236 1174; x_wconf 95' lang='lat' dir='ltr'> </span> 
     </span>
    </p>
   </div>
  </div>
 </body>
</html>
