2076 2860
395 223 473 274 446
750 220 827 259 IN
886 219 950 259 M.
1012 220 1439 259 ANTONIUM

395 325 613 369 Thermus,
634 325 682 363 C.
701 324 890 369 Fannius,
909 336 1082 376 quorum
1099 322 1252 361 habetis
1270 324 1474 376 cognitam
1489 323 1737 364 voluntatem
1752 325 1795 364 in

395 392 699 444 rempublicam,
731 404 897 443 eamque
920 399 1149 443 perpetuam
1170 399 1288 442 atque
1309 390 1567 436 constantem,
1590 392 1793 438 nuntiant,

395 458 432 496 se
466 458 648 510 Pompeii
682 456 944 495 conveniendi
978 456 1090 494 causa
1123 456 1318 494 divertisse
1352 457 1563 495 Massiliam
1579 487 1590 503 ‚
1622 472 1795 510 eumque

394 523 617 576 cognoviffe
638 524 875 576 paratiffimo
895 523 1043 567 animo,
1076 531 1120 560 ut
1148 536 1241 560 cum
1269 522 1345 560 suis
1374 524 1499 575 copiis
1527 524 1600 562 iret
1620 524 1667 562 ad
1692 525 1794 563 Mu-

394 590 534 635 tinam,
567 590 609 628 ni
638 599 835 628 vereretur
863 598 1138 627 veteranorum
1170 589 1322 627 animos
1351 588 1563 628 offendere.
1607 589 1677 628 Est
1703 604 1795 628 vero

392 657 475 708 ejus
497 657 618 710 patris
640 656 762 701 filius,
781 657 851 709 qui
873 656 1063 708 sapienter
1079 655 1249 694 faciebat
1265 669 1345 694 non
1361 656 1494 694 minus
1515 656 1656 701 multa,
1675 670 1796 709 quam

391 721 562 761 fortiter.
588 724 726 776 Itaque
746 722 973 774 intelligitis
990 731 1029 760 et
1049 722 1227 761 animum
1244 723 1279 761 ei
1299 721 1436 775 praesto
1456 721 1584 767 fuiffe,
1602 736 1675 761 nec
1695 735 1794 761 con-

394 788 526 828 filium
547 788 724 828 defuisse.

448 857 584 909 Atque
605 857 725 895 etiam
745 855 822 894 hoc
844 856 908 894 M.
926 855 1080 909 Lepido
1101 855 1391 908 providendum
1411 855 1479 901 est,
1499 869 1546 894 ne
1568 855 1665 908 quid
1686 868 1794 894 arro-

390 923 565 976 gantius,
595 937 715 975 quam
735 924 819 975 ejus
841 937 968 961 mores
990 922 1139 968 ferunt,
1161 922 1289 961 facere
1308 922 1499 961 videatur.
1534 923 1573 960 Si
1594 923 1703 961 enim
1723 936 1797 971 nos

390 990 568 1027 exercitu
591 999 724 1035 terret,
756 1003 835 1028 non
857 990 1058 1035 meminit,
1090 989 1209 1028 illum
1229 990 1451 1028 exercitum
1471 989 1640 1035 senatus,
1661 1003 1794 1042 popu-

390 1055 501 1108 lique
522 1057 711 1102 Romani,
744 1065 862 1110 atque
884 1056 1070 1095 universae
1091 1056 1321 1108 reipublicae
1342 1056 1429 1101 effe,
1462 1070 1541 1094 non
1563 1055 1692 1094 suum.
1736 1057 1795 1094 At

391 1123 451 1160 uti
471 1122 597 1174 potest
617 1136 688 1175 pro
710 1123 793 1161 suo.
818 1122 930 1174 Qid
950 1123 1065 1161 tum?
1088 1122 1273 1160 omniane
1294 1122 1386 1160 viris
1408 1121 1538 1167 bonis,
1558 1136 1644 1175 quae
1664 1120 1794 1160 facere

388 1188 561 1240 poffunt,
584 1187 764 1226 facienda
783 1187 901 1226 sunt?
933 1188 1119 1232 etiamne,
1143 1188 1169 1226 fi
1190 1188 1334 1240 turpia,
1358 1188 1383 1225 fi
1405 1187 1622 1240 perniciosa
1642 1196 1758 1226 erunt
1777 1188 1793 1225 ?

389 1253 416 1292 fi
438 1253 564 1293 facere
585 1255 751 1293 omnino
772 1268 852 1294 non
874 1254 1039 1292 licebit?
1064 1254 1176 1305 Qid
1196 1262 1328 1292 autem
1349 1253 1521 1306 turpius,
1543 1262 1612 1291 aut
1630 1253 1794 1300 foedius,

389 1330 457 1359 aut
488 1322 596 1374 quod
628 1322 761 1360 minus
794 1321 943 1367 deceat,
975 1335 1097 1374 quam
1122 1330 1260 1359 contra
1289 1320 1482 1366 senatum,
1514 1329 1652 1359 contra
1671 1321 1795 1366 cives,

388 1397 527 1426 contra
546 1390 728 1441 patriam,
751 1389 972 1427 exercitum
992 1388 1163 1427 ducere?
1186 1388 1283 1441 quid
1303 1402 1394 1426 vero
1414 1388 1540 1441 magis
1561 1388 1790 1441 vituperan-

389 1453 502 1500 dum,
534 1468 654 1507 quam
674 1456 715 1493 id
739 1455 881 1501 facere,
913 1454 1021 1509 quod
1042 1469 1123 1494 non
1144 1455 1293 1493 liceat?
1326 1456 1442 1493 Licet
1473 1463 1606 1492 autem
1640 1454 1794 1493 nemini

388 1530 526 1558 contra
545 1523 712 1574 patriam
733 1521 876 1561 ducere
895 1523 1142 1561 exercitum:
1167 1522 1194 1560 fi
1215 1521 1380 1574 quidem
1401 1521 1519 1559 licere
1539 1520 1580 1558 id
1601 1520 1789 1566 dicimus,

387 1587 496 1639 quod
517 1587 688 1640 legibuS,
722 1589 828 1641 quod
850 1603 960 1628 more
980 1590 1193 1642 majorum,
1224 1588 1508 1640 institutisque,
1539 1586 1789 1626 conceditur.

388 1654 534 1707 Neque
565 1655 828 1708 enim,·quod
860 1656 1027 1709 quisque
1059 1655 1200 1709 potest,
1231 1655 1274 1693 id
1305 1655 1340 1693 ei
1375 1655 1498 1700 licet3
1531 1667 1619 1699 nee,
1652 1653 1678 1691 fi
1711 1667 1792 1692 non

387 1721 576 1767 obstatur,
610 1732 814 1776 propterea
839 1723 960 1762 etiam
987 1722 1248 1776 permittitur.
1281 1722 1382 1760 Tibi
1412 1722 1522 1759 enim
1554 1720 1791 1767 exercitum,

389 1787 554 1839 Lepide,
587 1798 775 1841 tanquam
796 1789 1012 1840 majoribus
1035 1790 1129 1833 tuis,
1161 1789 1284 1841 patria
1304 1801 1376 1840 pro
1398 1787 1433 1825 se
1454 1787 1576 1825 dedit.
1624 1787 1718 1825 Hoc
1747 1795 1792 1824 tu

387 1853 537 1891 arcebis
558 1852 739 1898 hostem;
772 1855 870 1893 fines
902 1855 1061 1906 imperii
1093 1853 1356 1907 propagabi33
1390 1853 1538 1891 senatui
1559 1852 1791 1905 populoque

388 1919 574 1957 Romano
592 1920 760 1972 pare-bis,
792 1920 819 1958 si
840 1934 960 1973 quam
981 1920 1029 1957 ad
1048 1920 1163 1958 :ssiam
1186 1933 1269 1957 rem
1291 1928 1327 1956 te
1349 1917 1451 1956 forte
1472 1918 1703 1957 traduxerit.

443 1985 541 2023 VII.
575 1985 674 2023 Haec
696 1986 722 2023 fi
744 1986 908 2038 cogitas,
931 1999 986 2031 es,
1010 1986 1073 2024 M.
1091 1984 1257 2038 Lepide,
1280 1983 1463 2038 pontifex
1484 1984 1698 2029 maximus,
1721 1984 1786 2023 M.

387 2051 547 2103 Lepidi,
578 2052 781 2104 pontificis
803 2054 984 2098 maximi,
1016 2066 1227 2105 pronepos.
1272 2052 1338 2089 Sin
1372 2050 1605 2089 hominibus
1634 2060 1791 2089 tantum

386 2118 505 2156 licere
520 2119 690 2170 judicas,
720 2130 915 2172 quantum
937 2120 1118 2172 poffunt3
1154 2118 1256 2164 vide,
1281 2133 1327 2156 ne
1348 2119 1484 2156 alienis
1505 2118 1698 2170 exemplis
1721 2118 1788 2156 iis-

386 2198 464 2237 que
494 2185 718 2224 recentibus
749 2187 823 2231 uti,
856 2200 976 2239 quam
1001 2195 1040 2224 et
1060 2186 1234 2238 antiquis
1257 2195 1295 2223 et
1316 2184 1556 2230 domesticis,
1589 2184 1708 2222 malle
1726 2185 1789 2222 vi-

386 2252 512 2292 deare.
546 2252 667 2304 Qod
688 2253 714 2291 fi
736 2254 1006 2291 enormitatem
1029 2253 1247 2305 interponis
1270 2253 1347 2290 fine
1368 2253 1501 2297 armis,
1525 2252 1651 2303 magis
1671 2252 1788 2304 equi-

383 2318 474 2358 dem
497 2320 615 2359 laudo
634 2335 642 2359 :
667 2320 730 2359 sed
752 2321 840 2359 vide
861 2334 909 2358 ne
929 2319 1006 2358 hoc
1030 2320 1161 2373 ipsum
1186 2333 1263 2357 non
1286 2321 1331 2357 fit
1354 2320 1513 2358 ncceffe.
1548 2320 1789 2371 Qanquam

384 2388 493 2427 enim
514 2388 568 2426 est
588 2397 696 2426 tanta
715 2388 756 2425 in
779 2397 816 2425 tc
837 2387 1060 2431 auctoritas,
1093 2395 1238 2438 quanta
1267 2385 1384 2423 debet
1414 2386 1454 2423 in
1479 2385 1644 2423 homine
1666 2384 1784 2422 nobi-

385 2453 554 2500 liffimo3
579 2463 709 2492 tamen
728 2453 879 2492 senatus
897 2453 932 2491 se
954 2453 1033 2506 ipse
1055 2466 1132 2490 non
1151 2452 1394 2490 contemnit:
1418 2466 1490 2490 nec
1506 2465 1597 2489 vero
1613 2450 1691 2488 fuit
1709 2463 1786 2488 un-

384 2534 505 2573 quam
526 2521 695 2573 gravior,
727 2520 980 2565 constantior,
1013 2518 1167 2557 fortior.
1213 2519 1363 2557 Incenfi
1386 2531 1522 2556 omnes
1544 2517 1718 2569 rapimur
1739 2514 1787 2552 ad

384 2587 609 2627 libertatem
628 2587 958 2641 recuperandam:
983 2600 1062 2627 non
1084 2585 1224 2640 potest,
1248 2585 1369 2624 ullius
1391 2584 1634 2629 auctoritate,
1654 2590 1795 2621 tantus-
