2076 2860
424 230 502 257 210
901 211 1348 250 ORATIO

421 326 595 358 mortem
616 316 660 354 P.
686 312 819 352 Clodii
839 311 1000 365 putasse,
1032 321 1077 350 ut
1097 325 1210 364 aequo
1229 312 1362 349 animo
1383 312 1508 364 patria
1532 320 1692 357 careret,
1723 306 1820 350 cum*

422 383 608 436 sanguine
629 380 784 419 inimici
804 378 989 431 expleffet
1008 378 1147 417 odium
1168 377 1301 416 suum:
1327 378 1400 415 five
1420 378 1539 416 etiam
1560 378 1668 417 illius
1690 387 1818 416 morte

421 450 587 504 patriam
602 447 766 485 liberare
779 445 959 484 voluiffet
967 464 980 491 ς
999 458 1079 483 non
1093 444 1368 483 dubitaturum
1382 443 1527 482 fortem
1540 446 1686 491 virum,
1701 445 1816 498 quin,

421 529 515 554 cum
543 514 610 552 suo
636 511 815 565 periculo
841 511 1006 550 salutem
1033 511 1261 564 reipublicae
1288 510 1498 555 attulisset,
1531 510 1686 549 cederet
1705 524 1817 563 aequo

420 581 554 620 animo
568 579 739 631 legibus,
758 577 889 616 secum
905 576 1075 615 auferret
1094 576 1263 628 gloriam
1284 576 1576 629 sempiternam,
1599 577 1713 615 nobis
1733 575 1818 615 haec

420 645 585 686 fruenda
604 645 857 696 relinqueret,
880 657 965 696 quae
986 643 1067 696 ipse
1087 642 1274 681 servasset.
1298 642 1427 680 Multi
1446 643 1564 681 etiam
1586 642 1816 687 Catilinam,

421 723 538 766 atque
557 712 626 750 illa
646 720 841 764 portenta,
863 710 1152 763 loquebantur:
1185 718 1381 761 erumpet,
1412 708 1624 762 occupabit
1643 709 1818 762 aliquem

420 781 571 825 locum,
604 778 756 816 bellum
776 777 908 830 patriae
935 776 1067 816 faciet.
1100 774 1267 814 Miseros
1288 774 1490 813 interdum
1516 775 1636 821 cives,
1667 775 1818 828 optime

421 846 468 885 de
500 844 703 898 republica
732 844 893 883 meritos
913 843 921 882 ἔ
954 843 996 882 in
1023 842 1169 895 quibus
1191 840 1372 880 homines
1395 855 1474 880 non
1496 841 1616 880 modo
1636 854 1694 880 res
1715 855 1816 895 prae-

420 910 643 950 clariffimas
664 909 977 954 obliviscuntur,
1010 908 1073 946 sed
1093 907 1212 946 etiam
1233 905 1395 944 nefarias
1417 906 1675 959 suspicantur.
1708 908 1818 959 Ergo

419 976 489 1015 illa
507 976 602 1015 falsa
620 974 782 1014 fuerunt
800 991 809 1013 :
843 989 929 1027 quae
948 983 1053 1012 certe
1073 987 1162 1011 vera
1180 971 1408 1017 extitissent,
1435 972 1461 1010 fi
1483 972 1590 1010 Milo
1610 972 1816 1010 admififfet

419 1042 585 1095 aliquid,
618 1041 724 1094 quod
747 1054 824 1078 non
847 1039 969 1093 poffet
990 1038 1150 1078 honeste
1170 1051 1336 1090 vereque
1358 1036 1579 1076 defendere.

475 1108 632 1148 XXIV.
656 1107 781 1159 Qffl,
799 1121 885 1160 quae
901 1107 1031 1159 postea
1050 1106 1139 1144 sunt
1159 1104 1200 1142 in
1221 1118 1313 1142 eum
1334 1104 1543 1157 congesta?
1565 1118 1652 1157 quae
1672 1117 1815 1157 quem—

419 1174 477 1214 vis
507 1175 626 1213 etiam
656 1172 919 1211 mediocrium
951 1172 1185 1210 delictorum
1212 1170 1450 1208 conscientia
1475 1169 1740 1222 perculiffent‚
1772 1178 1817 1208 ut

419 1240 614 1285 sustinuit,
633 1239 703 1278 Dii
722 1238 985 1277 immortales!
1011 1237 1201 1275 Sustinuit
1217 1237 1229 1274 ?
1252 1236 1378 1273 immo
1394 1249 1484 1274 vero
1502 1245 1545 1274 ut
1561 1236 1813 1288 contempsit,

419 1320 463 1345 ac
479 1320 550 1360 pro
572 1304 699 1343 nihilo
714 1304 892 1357 putavit?
915 1318 1001 1356 quae
1018 1317 1144 1356 neque
1164 1301 1339 1340 maximo
1354 1301 1487 1339 animo
1509 1314 1669 1347 nocens,
1687 1314 1816 1353 neque

418 1373 608 1412 innocens
623 1401 634 1417 ‚
667 1371 736 1409 nifi
756 1370 986 1409 fortiffimus
1006 1370 1066 1408 vir
1079 1399 1091 1415 ,
1123 1368 1321 1421 negligere
1342 1367 1539 1421 potuiffet.
1574 1369 1785 1406 Scutorum
1800 1396 1814 1412 ,

418 1438 655 1491 gladiorum,
686 1436 904 1481 frenorum,
936 1435 1152 1489 sparorum,
1184 1434 1437 1487 pilorumque
1456 1433 1575 1472 etiam
1595 1433 1815 1473 multitudo

418 1503 658 1558 deprehendi
682 1502 785 1556 poffe
805 1502 1065 1541 indicabatur.
1099 1501 1273 1540 Nullum
1295 1500 1335 1538 in
1356 1499 1452 1538 urbe
1472 1499 1621 1544 vicum,
1654 1499 1813 1538 nullum

419 1572 671 1624 angiportum
687 1598 698 1614 ‚
730 1568 801 1606 effe
829 1568 1012 1606 dicebant
1028 1597 1038 1612 ‚
1070 1567 1111 1604 in
1138 1580 1219 1619 quo
1239 1566 1389 1604 Miloni
1411 1579 1490 1604 non
1511 1565 1602 1603 effet
1622 1565 1816 1604 conducta

417 1638 559 1675 domus
576 1652 584 1675 z
609 1649 714 1673 arma
734 1635 775 1672 in
796 1634 933 1673 villam
951 1633 1233 1672 Ocriculanam
1250 1632 1406 1670 deve-eta
1422 1631 1585 1670 Tiberi:
1609 1631 1751 1669 domus
1771 1631 1814 1669 in

417 1704 521 1742 clivo
554 1701 783 1754 Capitolino
815 1701 933 1739 scutis
967 1699 1133 1738 referta:
1166 1699 1283 1752 plena
1308 1697 1443 1737 omnia
1468 1697 1745 1736 malleolorum
1767 1696 1814 1735 ad

417 1770 524 1808 urbis
546 1768 727 1807 incendia
745 1776 1079 1820 comparatorum,
1103 1767 1202 1805 Haec
1222 1779 1303 1804 non
1324 1765 1449 1804 delata
1469 1765 1612 1810 solum,
1631 1764 1694 1803 sed
1714 1778 1814 1818 pene

416 1836 590 1880 credita;
625 1848 696 1872 nec
717 1842 806 1871 ante
827 1832 1027 1886 repudiata
1046 1832 1150 1876 sunt,
1183 1844 1303 1882 quam
1323 1831 1493 1882 quaefita.

474 1901 701 1940 Laudabam
721 1898 905 1952 equidem
926 1897 1200 1949 incredibilem
1221 1896 1469 1948 diligentiam
1498 1896 1576 1934 Cn.
1601 1895 1782 1947 Pompeii
1800 1910 1810 1933 :

419 1966 481 2005 sed
503 1966 651 2009 dicam,
685 1973 727 2002 ut
749 1963 893 2007 senti0,
925 1962 1085 2013 Judices
1104 1980 1114 2007 ;
1148 1961 1266 2000 nimis
1288 1961 1415 1999 multa
1434 1959 1566 1998 audire
1587 1968 1806 2011 coguntur,

418 2046 544 2085 neque
565 2032 675 2069 aliter
696 2029 821 2068 facere
842 2028 997 2081 poffunt
1018 2029 1060 2074 ii,
1084 2028 1228 2081 quibus
1251 2036 1331 2066 tota
1352 2026 1554 2065 commiffa
1574 2025 1627 2063 est
1648 2026 1811 2078 respub-

415 2099 505 2137 lica.
543 2097 654 2150 Qin
685 2096 803 2134 etiam
834 2094 1049 2133 audiendus
1082 2095 1127 2132 slt
1159 2107 1262 2147 popa
1292 2093 1499 2138 Licinius,
1532 2091 1661 2130 nescio
1694 2092 1810 2145 quis,

417 2167 464 2204 de
485 2165 591 2203 circo
612 2163 814 2202 maximo:
849 2162 972 2200 servos
1006 2161 1174 2199 Milonis
1207 2160 1311 2213 apud
1343 2160 1378 2198 se
1410 2159 1538 2198 ebrios
1570 2158 1707 2204 factos,
1740 2158 1811 2196 fibi

416 2230 606 2270 confeffos
627 2229 699 2268 esse
721 2229 767 2267 de
787 2227 1061 2266 interficiendo
1083 2228 1161 2266 Cn.
1186 2226 1376 2279 Pompeio
1397 2224 1637 2278 conjuraffe3
1671 2224 1812 2263 deinde

415 2297 543 2351 postea
574 2297 610 2334 se
641 2295 772 2348 gladio
803 2293 1024 2348 percussum
1051 2293 1124 2331 esse
1150 2293 1198 2330 ab
1226 2306 1306 2331 uno
1333 2293 1380 2330 de
1408 2292 1502 2337 illis,
1534 2305 1582 2329 ne
1602 2290 1808 2329 indicaret.

417 2363 606 2417 Pompeio
638 2363 679 2401 in
710 2362 846 2400 hortos
879 2359 1089 2399 nuntiavit.
1123 2359 1301 2398 Arceffor
1321 2359 1361 2397 in
1382 2359 1546 2412 primis:
1579 2358 1626 2396 de
1657 2358 1808 2396 amico-

416 2446 504 2471 rum
526 2429 715 2469 sententia
734 2442 818 2467 rem
839 2426 964 2466 defert
984 2426 1031 2465 ad
1053 2426 1242 2465 senatum.
1290 2426 1384 2464 Non
1408 2435 1599 2478 poteram,
1633 2424 1675 2463 in
1700 2424 1807 2462 illius

413 2500 491 2539 mei
513 2498 722 2553 patriaeque
743 2495 911 2535 custodis
935 2503 1042 2534 tanta
1068 2494 1300 2547 suspicione,
1331 2507 1409 2532 non
1435 2502 1544 2532 metu
1564 2490 1777 2530 exanimari
1799 2506 1805 2528 2
