2076 2860
436 233 511 269 242
910 211 1355 252 ORATIO

434 319 554 371 hujus
587 317 759 361 ordinis,
791 315 1103 367 dignitatemque
1137 312 1389 365 reipublicae,
1421 311 1499 350 tuis
1531 310 1593 350 vel
1626 310 1834 351 doloribus.

436 386 496 424 vel
525 383 810 437 suspicionibus
838 380 1044 419 anteferre.
1082 379 1156 417 Ille
1183 378 1345 432 quidem
1373 377 1549 416 fructum
1579 378 1710 417 omnis
1742 379 1833 417 vitae

436 460 524 489 ante
555 452 644 488 2&ae
676 448 868 486 hodierno
901 446 963 484 die
994 447 1217 484 maximum
1249 445 1380 497 cepit,
1413 458 1507 482 cum
1542 443 1697 482 summo
1733 458 1831 482 con-

437 517 544 555 sensu
566 516 732 558 senatus,
761 522 847 551 tum
869 521 1050 564 praeterea
1065 511 1219 563 judicio
1241 520 1311 549 tuo
1330 509 1551 562 graviffimo
1571 519 1611 547 et
1630 510 1830 548 maximo:

435 596 484 621 ex
516 596 596 635 quo
627 579 804 633 profe&o
835 578 1043 630 intelligis,
1074 586 1220 629 quanta
1245 577 1287 613 in
1315 575 1405 614 dato
1435 575 1628 613 beneficio
1657 575 1704 614 fit
1732 576 1831 621 laus,

439 662 531 686 cum
553 648 594 685 in
615 655 777 698 accepto
799 654 905 683 tanta
924 644 971 682 fit
990 643 1129 696 gloria.
1163 641 1232 680 Est
1260 655 1351 680 vero
1379 640 1604 680 fortunatus
1634 640 1704 679 ille
1719 671 1730 686 ‚
1761 655 1833 679 cu-

434 716 501 767 jus
522 727 570 752 ex
592 713 712 751 salute
734 725 813 749 non
835 711 966 748 minor
985 723 1084 762 pene
1104 708 1151 746 ad
1172 721 1309 746 omnes
1325 737 1335 752 ‚
1368 720 1488 759 quam
1517 706 1564 744 ad
1593 706 1711 745 illum
1739 721 1836 745 ven-

440 789 527 819 tura
554 780 613 824 fit,
636 778 772 816 laetitia
793 776 1027 830 pervenerit.
1062 774 1182 826 Qod
1203 775 1238 811 ei
1260 773 1422 826 quidem
1443 773 1601 818 merito,
1623 782 1741 825 atque
1761 786 1836 826 op·-

440 848 542 885 timo
557 848 662 898 jure,
685 844 870 896 contigit.
905 843 1006 895 Qis
1029 842 1137 880 enim
1158 841 1210 879 est
1231 841 1302 878 illo
1322 849 1390 878 aut
1410 839 1634 885 nobilitate,
1655 848 1723 878 aut
1742 853 1837 892 pro-

441 913 578 958 bitate,
611 921 677 949 aut
698 911 940 963 optimarum
961 909 1106 945 artium
1126 907 1268 952 studio,
1301 915 1367 944 aut
1387 906 1629 952 innocentia,
1660 914 1728 944 aut
1754 905 1840 944 ullo

442 991 582 1033 genere
602 977 743 1020 laudis,
776 975 1015 1028 praestantior
1034 975 1046 1011 ?

499 1046 554 1084 II.
588 1043 755 1083 Nullius
788 1051 943 1079 tantum
975 1039 1028 1078 est
1062 1039 1212 1077 flumen
1242 1038 1408 1090 ingenii,
1441 1036 1551 1075 nulla
1582 1036 1740 1076 dicendi
1771 1045 1840 1079 aut

445 1110 640 1151 scribendi
662 1118 769 1148 tanta
789 1109 861 1153 vis,
894 1115 1000 1145 tanta
1028 1106 1155 1159 copia,
1187 1119 1273 1158 quae
1294 1118 1374 1142 non
1395 1104 1524 1142 dicam
1545 1117 1746 1149 exornare,
1777 1102 1842 1141 sed

446 1192 633 1222 enarrare,
667 1177 715 1214 C.
741 1174 879 1219 Caesar,
911 1187 969 1212 res
992 1182 1074 1211 tuas
1096 1172 1216 1225 gestas
1239 1171 1380 1223 poffit:
1413 1180 1544 1208 tamen
1564 1169 1642 1208 hoc
1671 1170 1841 1215 affirmo,

447 1254 485 1282 et
505 1244 582 1282 hoc
603 1256 697 1296 pace
717 1241 846 1280 dicam
868 1249 934 1278 tua
948 1269 958 1284 ,
992 1238 1143 1276 nullam
1164 1238 1205 1275 in
1227 1236 1288 1275 his
1310 1236 1382 1274 effe
1402 1235 1560 1274 laudem
1579 1236 1815 1288 ampliorem
1829 1264 1842 1281 ,

449 1323 569 1362 quam
603 1321 716 1352 eam,
749 1320 867 1359 quam
903 1304 1094 1342 hodierno
1129 1302 1192 1340 die
1225 1301 1458 1340 consecutus
1493 1314 1547 1339 es.
1600 1301 1713 1341 Soleo
1747 1300 1845 1353 saepe

449 1386 537 1414 ante
558 1374 694 1413 oculos
715 1386 872 1426 ponere,
904 1370 1023 1422 idque
1055 1369 1226 1406 libenter
1257 1367 1403 1405 crebris
1437 1366 1619 1418 usurpare
1650 1365 1844 1409 sermoni-

452 1443 539 1486 bus,
571 1453 707 1479 omnes
740 1437 960 1476 nostrorum
993 1436 1292 1488 imperatorum,
1324 1446 1461 1471 omnes
1493 1441 1714 1472 exterarum
1745 1446 1846 1485 gen-

452 1509 579 1553 tium,
612 1505 1049 1560 potentiffimorumque
1077 1500 1344 1555 populorum,
1377 1512 1514 1537 omnes
1545 1499 1847 1538 clariffimorum

452 1588 589 1628 regum
622 1586 679 1610 res
712 1570 849 1624 gestas,
880 1584 973 1607 cum
1006 1569 1084 1606 tuis
1117 1580 1188 1604 nec
1220 1566 1526 1604 contentionum
1556 1564 1847 1617 magnitudine,

453 1654 524 1678 nec
550 1651 715 1677 numero
735 1636 976 1689 praelioru1n‚
1008 1647 1080 1671 nec
1101 1632 1283 1671 varietate
1304 1631 1527 1683 regionum,
1559 1644 1631 1668 nec
1652 1630 1851 1672 celeritate

454 1704 706 1748 conficiendi,
738 1717 810 1740 nec
832 1699 1148 1739 diffimilitudine
1168 1699 1381 1743 bellorum,
1412 1697 1516 1751 poffe
1542 1696 1729 1739 conferri.
1762 1697 1851 1736 Nec

455 1786 545 1811 vero
577 1768 893 1822 disjunctissimas
926 1777 1043 1804 terras
1076 1766 1195 1803 citius
1228 1764 1462 1816 cujusquam
1488 1763 1656 1816 paffibus
1684 1762 1851 1815 potuisse

457 1836 669 1891 peragrari,
702 1847 821 1886 quam
853 1832 930 1870 tuis
962 1845 1041 1869 non
1072 1831 1201 1871 dicam
1232 1830 1422 1874 curfibus,
1454 1829 1523 1872 sed·
1547 1829 1737 1873 vi&oriis,
1768 1828 1850 1868 lus——

460 1912 565 1942 tratae
586 1902 689 1939 sunt.
1064 1946 1067 1949 Δ

514 1971 614 2021 Qae
635 1965 797 2020 quidem
818 1978 890 2016 ego
916 1963 986 2001 nisi
1016 1963 1069 2001 ita
1099 1975 1241 2014 magna
1270 1960 1340 1999 effe
1370 1959 1503 2006 fatear,
1537 1969 1580 1998 ut
1609 1973 1652 1998 ea
1682 1959 1749 1998 vix
1778 1973 1852 1999 cu·-

456 2036 639 2089 jusquam
661 2045 772 2071 mens
793 2041 859 2069 aut
880 2030 1070 2083 cogitatio
1090 2042 1226 2081 capere
1245 2027 1385 2080 possit,
1417 2040 1550 2069 amens
1572 2027 1641 2068 fim
1660 2041 1669 2065 ε
1702 2026 1766 2069 sed
1793 2035 1854 2065 ta-

461 2116 552 2140 men
575 2100 663 2138 sunt
684 2098 757 2136 alia
778 2098 937 2149 majora.
971 2097 1078 2134 Nam
1100 2095 1260 2133 bellicas
1282 2094 1413 2132 laudes
1439 2093 1563 2132 solent
1592 2092 1754 2145 quidam
1783 2106 1855 2132 ex·-

462 2177 620 2206 tenuare
646 2163 800 2209 verbis,
831 2162 969 2215 easque
990 2160 1189 2201 detrahere
1210 2160 1404 2206 ducibus,
1437 2159 1731 2199 communicare
1761 2172 1856 2199 cum

463 2232 601 2271 multis
617 2260 628 2276 ,
661 2244 709 2268 ne
728 2229 894 2282 propriae
916 2228 989 2267 fint
1009 2229 1307 2280 imperatorum.
1345 2227 1398 2265 Et
1419 2234 1522 2264 certe
1543 2225 1583 2266 in
1605 2223 1723 2263 armis
1743 2223 1856 2266 mili—

465 2309 551 2337 tum
584 2297 724 2342 virtus,
755 2295 936 2333 locorum
968 2293 1257 2347 opportu1iita8‚
1289 2292 1434 2331 auxilia
1464 2290 1676 2336 sociorum,
1708 2288 1865 2334 classe-28,

465 2371 723 2407 commeatus,
755 2362 1100 2413 multumjuvant.
1134 2360 1358 2403 Maximam
1378 2372 1468 2397 vero
1488 2366 1640 2411 partem
1661 2356 1765 2410 quafi
1790 2355 1858 2395 suo

461 2433 549 2484 jure
570 2430 745 2468 Fortuna
766 2427 837 2466 fibi
858 2427 1060 2474 vindicat3
1092 2436 1156 2473 et,
1188 2424 1382 2479 quidquid
1404 2424 1457 2463 est
1477 2423 1656 2477 prospere
1677 2422 1828 2474 gestum
1843 2448 1856 2466 ,

468 2497 508 2549 id
528 2509 627 2550 pene
646 2508 764 2535 omne
784 2493 895 2549 ducit
917 2493 1044 2536 suurn.
