2076 2860
686 181 1261 222 PHILIPPICA
1339 181 1436 219 XII.
1677 193 1756 233 433

367 284 662 340 repudiandam.
705 285 794 337 Ego
813 284 996 337 princeps
1018 282 1198 335 sagorum
1217 297 1226 320 z
1259 295 1331 334 ego
1353 282 1502 335 semper
1528 281 1645 320 illum
1665 280 1758 320 hos-

367 362 448 391 tem
467 351 674 405 appellavi,
697 364 790 389 cum
811 350 879 389 alii
898 349 1181 389 adversarium:
1206 349 1356 401 semper
1375 347 1452 387 hoc
1473 348 1640 394 bellum,
1663 362 1758 388 cum

365 419 432 456 alii
454 418 691 457 tumultum.
728 417 817 456 Nec
837 416 921 456 haec
943 417 984 455 in
1004 416 1137 454 senatu
1159 415 1286 454 solum
1300 435 1313 461 ;
1339 415 1474 454 eadem
1494 415 1541 453 ad
1559 415 1757 468 populum

364 484 515 538 semper
544 484 635 537 egi:
668 497 740 522 nec
772 483 901 521 solum
927 483 969 521 in
1000 482 1145 535 ipsum,
1176 481 1240 520 sed
1272 482 1313 520 in
1341 483 1424 535 ejus
1452 481 1576 519 socios
1602 480 1756 520 facino-

364 563 469 596 rum,
501 559 540 588 et
559 549 772 594 ministros,
803 557 842 587 et
862 548 1082 602 praesentes,
1112 558 1152 586 et
1178 561 1243 586 eos
1273 547 1344 600 qui
1374 560 1450 585 una
1479 546 1595 585 sunt:
1628 547 1670 585 in
1692 555 1755 586 to-

364 626 445 655 tam
466 616 636 668 denique
666 616 730 654 M.
754 615 923 653 Antonii
952 614 1118 653 domum
1148 614 1233 652 sum
1263 613 1413 666 semper
1441 614 1630 652 invectus.
1673 614 1754 651 Ita-

361 696 451 735 que,
484 692 529 720 ut
548 683 690 720 alacres
712 691 750 720 et
777 681 871 726 laeti,
903 680 967 734 spe
987 681 1093 734 pacis
1114 680 1259 725 oblata,
1290 680 1394 717 inter
1423 679 1459 716 se
1489 679 1605 732 impii
1633 679 1754 725 cives,

362 749 469 802 quasi
490 749 681 794 viciffent,
712 748 1036 801 gratulabantur;
1069 747 1120 786 fic
1150 761 1214 785 me
1244 747 1429 799 iniquum
1458 746 1676 798 ejurabant,
1708 746 1756 785 de

363 829 427 853 me
448 815 724 868 querebantur.
759 814 1005 852 Diffidebant
1025 814 1143 851 etiam
1164 812 1350 852 Servilio:
1373 812 1649 857 meminerant,
1671 813 1754 864 ejus

363 881 564 920 sententiis
586 881 789 919 confixum
820 880 1060 918 Antonium.
1105 881 1154 918 L.
1180 878 1385 923 Caesarem,
1417 877 1562 916 fortem
1592 877 1754 930 quidem

362 947 482 985 illum
501 957 541 986 et
560 947 803 985 constantem
825 946 1054 990 senatorem,
1086 945 1329 984 avunculum
1351 954 1480 983 tamen
1498 959 1507 982 z
1542 944 1752 990 Calenum,

362 1022 683 1064 procuratorem:
718 1012 914 1056 Pisonem,
946 1011 1209 1050 familiarem:
1243 1019 1280 1048 te
1300 1010 1445 1062 ipsum,
1478 1009 1610 1055 Pansa,
1632 1009 1752 1048 vehe-

360 1078 646 1116 mentiffimum
667 1086 706 1115 et
727 1077 981 1115 fortiffimum
1002 1078 1220 1122 consulem,
1250 1076 1400 1115 factum
1415 1078 1499 1128 jam
1528 1084 1669 1129 putant
1692 1076 1751 1114 le-

360 1145 513 1183 niorem
528 1136 541 1183 ¹:
574 1157 654 1182 non
674 1157 754 1196 quo
775 1144 829 1182 ita
848 1143 909 1188 fit,
940 1152 1006 1182 aut
1027 1143 1099 1181 effe
1119 1143 1261 1196 poffit;
1294 1142 1357 1180 sed
1386 1142 1537 1180 mentio
1557 1156 1577 1179 a
1597 1151 1635 1180 te
1654 1141 1754 1180 faeta

362 1212 467 1263 pacis
484 1211 746 1263 suspicionem
762 1210 901 1248 multis
918 1209 1053 1247 attulit
1069 1210 1287 1247 immutatae
1302 1208 1532 1247 voluntatis.
1556 1210 1664 1247 Inter
1682 1208 1752 1248 has

361 1275 540 1328 personas
562 1289 625 1313 me
645 1275 895 1327 interjectum
915 1274 1033 1312 amici
1054 1274 1222 1312 Antonii
1242 1273 1402 1312 moleste
1421 1273 1555 1312 ferunt
1572 1289 1582 1312 :
1606 1274 1751 1326 quibus

360 1341 553 1394 gerendus
575 1355 660 1379 mos
681 1340 749 1385 est,
780 1341 969 1393 quoniam
990 1340 1107 1378 semel
1129 1340 1307 1378 liberales
1328 1339 1400 1378 effe
1419 1341 1629 1393 coepimus.

416 1408 533 1446 VIII.
558 1406 860 1446 Proficiscantur
875 1406 992 1459 legati
1008 1406 1170 1458 optimis
1187 1406 1414 1451 ominibus;
1438 1405 1502 1444 sed
1522 1406 1550 1444 ii
1570 1405 1750 1458 proficis-

361 1482 514 1520 cantur,
532 1474 572 1512 in
590 1473 735 1526 quibus
753 1486 832 1511 non
848 1472 1069 1510 offendatur
1086 1472 1300 1510 Antonius.
1325 1471 1446 1523 Qod
1467 1472 1492 1509 fi
1510 1471 1557 1509 de
1573 1472 1753 1509 Antonio

362 1553 441 1578 non
469 1540 667 1584 laboratis,
698 1537 800 1577 mihi
831 1547 949 1583 certe,
982 1538 1113 1576 Patres
1143 1537 1370 1589 conscript1‚
1402 1537 1602 1575 consulere
1631 1537 1751 1574 debe-

361 1605 427 1643 tis.
460 1605 613 1642 Parcite
632 1604 758 1642 oculis
781 1603 916 1641 saltem
936 1603 1049 1648 meis,
1079 1612 1118 1640 et
1138 1603 1310 1655 aliquam
1330 1602 1485 1640 veniam
1501 1601 1606 1654 justo
1626 1601 1754 1640 dolori

361 1670 462 1710 date.
508 1672 601 1722 Qo
633 1670 741 1708 enim
772 1669 953 1722 adspectu
984 1668 1114 1707 videre
1144 1677 1295 1721 potero,
1330 1668 1467 1720 (mitto
1499 1667 1650 1706 hostem
1681 1681 1751 1720 pa-

362 1737 468 1781 triae;
492 1750 539 1775 ex
556 1750 635 1789 quo
656 1735 758 1774 mihi
779 1735 915 1773 odium
937 1736 978 1772 in
1000 1735 1117 1773 illum
1138 1748 1352 1772 commune
1371 1734 1576 1771 vobiscum
1598 1733 1668 1783 est)
1688 1733 1752 1770 sed

360 1802 563 1855 quomodo
594 1802 806 1854 adspiciam
838 1801 940 1839 mihi
972 1801 1042 1839 uni
1074 1800 1384 1839 crudeliffimum
1411 1798 1578 1844 hostem,
1611 1809 1654 1837 ut
1681 1799 1751 1836 de-

361 1868 510 1906 clarant
543 1870 626 1920 ejus
661 1867 708 1906 de
738 1881 802 1905 me
831 1866 1080 1905 acerbiffimae
1111 1866 1353 1904 conciones?
1386 1865 1548 1903 Adeone
1578 1879 1642 1903 me
1671 1865 1751 1903 fer-

361 1948 472 1973 reum
500 1934 661 1987 putatis,
694 1944 738 1972 ut
759 1948 851 1971 cum
873 1947 918 1971 eo
940 1933 1142 1986 congredi,
1173 1941 1240 1970 aut
1271 1932 1388 1969 illum
1420 1931 1629 1984 adspicere,
1662 1931 1751 1983 pos-

360 2000 463 2039 fim?
496 2002 567 2053 qui
601 2014 751 2052 nuper,
783 2013 877 2037 cum
912 2000 953 2037 in
989 1999 1180 2037 concione
1215 1998 1374 2035 donaret
1409 2011 1499 2041 eos,
1532 1998 1601 2049 qui
1636 1998 1670 2034 ei
1705 1997 1751 2035 de

361 2066 563 2118 parricidis
597 2065 836 2103 audaciffimi
871 2064 1118 2109 videbantur,
1150 2077 1235 2103 mea
1270 2063 1372 2100 bona
1403 2063 1544 2100 donare
1579 2063 1615 2100 se
1649 2063 1751 2101 dixit

363 2132 518 2170 Petiffio
540 2132 741 2177 Urbinati,
759 2132 829 2184 qui
849 2145 896 2169 ex
916 2130 1119 2184 naufragio
1140 2130 1333 2169 luculenti
1355 2130 1583 2183 patrimonii
1606 2130 1651 2167 ad
1667 2129 1750 2168 haec

362 2199 588 2236 Antoniana
608 2198 693 2236 saxa
712 2199 906 2251 projectus
928 2198 995 2237 est.

418 2266 483 2302 An
506 2265 553 2302 L.
579 2265 803 2302 Antonium
829 2264 1023 2317 adspicere
1050 2265 1218 2316 potero?
1250 2265 1363 2317 cujus
1385 2277 1457 2315 ego
1478 2263 1748 2301 crudelitatem

362 2330 534 2382 effugere
554 2343 632 2367 non
655 2330 891 2382 potuissem,
910 2331 980 2368 nis1
1001 2344 1064 2368 me
1090 2331 1304 2374 moenibus,
1336 2339 1373 2367 et
1395 2330 1533 2382 portis,
1565 2338 1602 2366 et
1624 2328 1749 2365 studio

362 2396 573 2448 municipii
594 2397 671 2434 mei
700 2395 967 2434 defendiffem.
1012 2398 1145 2448 Atque
1178 2397 1281 2433 idem
1314 2395 1380 2432 hic
1413 2395 1605 2432 mirmillo
1637 2393 1747 2430 Asm-

363 2462 480 2507 tiens,
514 2462 611 2500 latro
634 2461 769 2506 Italiae,
801 2461 953 2513 collega
974 2461 1164 2499 Lentonis
1187 2470 1225 2499 et
1253 2460 1437 2503 Nuculae,
1469 2473 1561 2497 cum
1591 2457 1748 2509 Aquila:

1308 2527 1323 2564 I
1347 2525 1358 2562 i
1380 2525 1391 2562 i
1424 2538 1444 2563 2
