2076 2860
480 212 561 264 488
814 209 1540 249 ORATIONUM

480 314 761 358 centuriarum,
794 321 832 351 et
853 326 941 351 meo
961 311 1135 351 maxime
1156 312 1363 358 beneficio,
1393 326 1413 350 e
1432 312 1629 367 postremo
1649 312 1691 352 in
1712 312 1876 353 tertium

479 381 614 420 locum
635 379 707 418 effe
728 379 948 417 subleemm
968 380 981 416 ?

905 455 1040 495 *Dicit
1069 455 1110 494 de
1138 455 1239 494 malis
1267 455 1418 494 civibus.

533 530 631 583 Qi,
663 530 914 583 posteaquam
935 530 1021 575 illo,
1054 539 1099 568 ut
1119 532 1250 569 conati
1272 540 1394 575 erant,
1428 530 1677 584 Hispanienfi
1697 532 1874 585 pugiun-

476 597 569 636 culo
591 611 728 636 nervos
750 597 924 636 incidere
945 597 1094 636 civium
1117 598 1392 636 Romanorum
1414 611 1494 635 non
1515 605 1746 650 potuerunt,
1778 598 1873 637 duas

477 677 557 702 uno
578 672 756 716 tempore
777 673 970 703 conantur
991 664 1031 701 in
1053 677 1178 716 remp.
1204 665 1295 702 ficas
1317 663 1559 717 distringere.

535 731 658 768 Hunc
691 743 758 768 vos
791 730 929 769 scitote
961 730 1167 768 Licinium
1198 730 1456 783 gladiatorem
1476 732 1561 783 jam
1581 729 1781 768 immififfe
1801 743 1873 768 cu-

476 795 618 848 pidum
659 796 866 843 Catilinae,
892 797 1075 850 judices,
1115 797 1398 850 Qintumque
1437 797 1635 842 Curium,
1666 795 1874 836 hominem

475 860 742 914 quaestorium.

899 1119 1018 1156 PRo
1069 1120 1138 1171 Q
1172 1119 1444 1157 GALon.

531 1240 761 1289 AQJ1L.et
782 1240 960 1292 Q1NT.
992 1239 1053 1277 lib.
1079 1253 1183 1278 vn1.
1215 1249 1295 1292 cap.
1322 1238 1381 1292 3.]
1414 1241 1472 1277 Ut
1504 1240 1668 1284 clamor,
1701 1248 1744 1278 ut
1771 1253 1869 1279 con-

473 1306 625 1343 vicium
645 1305 874 1351 mulierum,
908 1315 952 1343 ut
972 1304 1216 1358 symphoniae
1237 1314 1391 1343 cantus.
1425 1304 1598 1344 Videbar
1617 1304 1720 1344 mihi
1740 1306 1872 1345 videre

471 1371 568 1409 alios
590 1372 796 1417 intrantes,
824 1371 920 1410 alios
941 1381 1074 1410 autem
1094 1380 1296 1417 exeuntes,
1328 1371 1474 1424 partim
1495 1385 1543 1410 ex
1563 1371 1657 1410 vino
1677 1371 1868 1413 vacillan-

471 1445 545 1482 teS,
578 1438 724 1490 partim
744 1437 920 1477 hesterna
942 1438 1142 1491 potatione
1163 1438 1385 1476 oscitantes.
1418 1437 1654 1476 Versabatur
1673 1438 1777 1476 inter
1794 1437 1869 1477 hos

471 1503 647 1549 Gallius,
680 1505 893 1557 unguentis
927 1505 1094 1550 oblitus,
1127 1504 1335 1543 redimitus
1371 1504 1542 1543 coronis.
1590 1505 1753 1542 Humus
1787 1513 1870 1543 erat

470 1570 692 1616 immunda,
724 1572 923 1610 lutulenta
953 1572 1060 1618 vino,
1093 1572 1248 1610 coronis
1281 1570 1541 1624 languidulis,
1571 1580 1610 1610 et
1645 1571 1765 1625 spinis
1796 1584 1868 1611 co-

467 1645 604 1689 operta
623 1637 808 1690 piscium.

527 1704 573 1742 B.
597 1705 741 1744 H1ER.
775 1706 852 1744 Vit.
885 1705 1036 1758 Cleric.]
1069 1706 1233 1758 Loquor
1263 1705 1370 1743 enim
1403 1718 1491 1757 quae
1522 1704 1608 1743 sum
1635 1703 1716 1757 ipse
1743 1717 1869 1757 nuper

469 1778 653 1820 expertus
685 1783 801 1808 unus.
844 1771 1020 1822 Qidam
1040 1780 1156 1823 poeta
1176 1771 1418 1814 nominatus,
1450 1769 1572 1808 homo
1602 1770 1866 1822 perliteratus‚

471 1835 584 1885 cujus
621 1834 710 1872 sunt
744 1835 813 1872 illa
844 1836 1044 1887 colloquia
1075 1845 1281 1888 poetarum
1315 1849 1358 1874 ac
1393 1835 1740 1888 philosophorum,
1773 1847 1868 1873 cum
1924 1866 1937 1875 2

470 1897 567 1936 facit
588 1899 822 1952 Euripidem
844 1909 883 1938 et
911 1901 1180 1951 Menandrum
1202 1902 1304 1938 inter
1337 1901 1387 1945 se,
1420 1910 1459 1938 et
1491 1902 1530 1938 in
1563 1901 1640 1938 alio
1672 1900 1761 1937 loco
1794 1900 1866 1938 So-

470 1974 618 2003 cratem
639 1975 756 2018 atque
777 1967 1000 2019 Epicurum
1022 1967 1259 2012 differentes,
1291 1981 1463 2018 quorum
1484 1975 1612 2005 aetates
1636 1980 1713 2004 non
1735 1967 1863 2012 annis,

470 2030 534 2069 sed
556 2031 710 2076 seculis,
742 2032 886 2071 scimus
909 2032 980 2071 effe
1001 2033 1229 2085 disjundtaS,
1261 2042 1428 2085 quantos
1462 2033 1493 2070 is
1527 2032 1682 2085 plausus
1711 2041 1749 2070 et
1780 2032 1863 2070 cla-

469 2110 598 2135 mores
621 2100 784 2136 movet?
818 2100 974 2137 Multos
1006 2100 1113 2137 enim
1146 2099 1438 2152 condiscipulos
1471 2097 1590 2137 habet
1621 2099 1663 2136 in
1697 2097 1863 2145 theatro,

468 2163 539 2215 qui
561 2163 674 2202 fimul
697 2164 826 2203 literas
849 2180 927 2204 non
949 2166 1187 2204 didicerunt.

527 2231 706 2282 QINT.
737 2230 799 2269 lib.
827 2245 877 2270 11.
911 2240 990 2284 cap.
1013 2231 1102 2283 ΜΛ]
1134 2233 1199 2269 An
1232 2231 1314 2276 ista,
1347 2232 1372 2269 s1
1405 2245 1493 2269 vera
1525 2230 1658 2276 effent,
1691 2230 1741 2268 fic
1773 2244 1794 2268 a
1825 2239 1863 2269 te

469 2295 694 2334 dicerentur
712 2297 725 2333 ?

527 2363 627 2401 Cle.
650 2362 805 2415 Bruta]
839 2364 906 2401 Tu
928 2363 1040 2408 istuc,
1074 2364 1136 2401 M.
1162 2363 1307 2409 Calidi,
1331 2364 1400 2401 nifi
1424 2363 1604 2416 fingeres,
1628 2363 1678 2401 fic
1699 2375 1826 2414 ageres
1847 2362 1860 2398 ?

466 2428 680 2481 praesertim
711 2443 806 2468 cum
839 2429 906 2467 ista
937 2430 1163 2482 eloquentia
1193 2430 1412 2469 alienorum
1443 2429 1655 2467 hominnm
1687 2427 1862 2480 pericula

466 2494 675 2535 defendere
696 2496 881 2536 acerrime
907 2496 1023 2535 soleas
1041 2515 1053 2542 ς
1087 2505 1201 2535 tuum
1234 2497 1484 2550 negligeres?
1517 2496 1601 2533 Ubi
1633 2493 1758 2539 dolor,
1791 2493 1860 2531 ubi
