2076 2860
378 191 452 230 134
845 169 1292 209 ORATIO

371 280 540 332 agimuS,
572 276 794 319 foederatos,
822 271 1059 327 injuriosum
1078 280 1118 310 et
1137 269 1474 309 contumeliosum
1493 268 1561 315 est,
1582 267 1645 308 his
1666 282 1765 322 prae-

372 347 462 384 miis
478 355 515 384 et
529 344 589 383 his
607 341 824 382 honoribus
837 339 1015 379 exclusos
1029 338 1102 378 effe
1117 338 1358 377 fideliffimos
1375 347 1414 376 et
1429 337 1766 390 conjunCUffimOS

372 413 511 457 socios,
530 426 615 464 quae
631 417 788 463 pateant
808 407 1083 460 stipendiariis,
1100 415 1257 460 pateant
1276 404 1471 451 hostibus,
1491 413 1651 458 pateant
1671 404 1768 457 saepe

373 478 503 516 servis.
551 477 657 515 Nam
687 483 727 513 et
748 473 1015 527 stipendiarios
1037 486 1084 512 ex
1106 471 1257 518 Africa,
1288 471 1437 517 Sicilia,
1470 470 1659 516 Sardinia,
1690 483 1768 509 cae-

373 543 464 581 teris
485 540 714 595 provinciis,
737 539 886 577 multos
907 539 1065 577 civitate
1086 538 1250 576 donatos
1270 536 1475 576 videmus:
1508 545 1561 582 et,
1583 536 1654 588 qui
1673 534 1768 574 hos-

372 618 429 646 tes
450 608 495 645 ad
518 607 665 645 nostros
686 606 940 658 imperatores
960 603 1241 657 perfugiffent,
1272 612 1311 641 et
1331 616 1476 655 magno
1497 601 1584 641 usui
1604 600 1769 655 reipub-

372 676 457 714 licae
479 674 613 712 nostrae
633 673 813 718 fuissent,
845 672 990 710 scimus
1011 671 1171 709 civitate
1190 669 1262 708 effe
1283 669 1446 708 donatos
1465 685 1474 708 ε
1506 669 1633 708 servos
1655 668 1770 707 deni-

372 756 464 796 que,
483 755 654 794 quorum
665 741 730 793 jus
747 749 786 778 et
806 738 975 777 fortunae
994 736 1173 776 conditio
1193 736 1333 775 infima
1351 735 1419 781 est,
1437 736 1537 774 bene
1553 735 1601 773 de
1621 734 1769 788 repub-

373 810 450 847 lica
470 809 646 852 meritos,
677 806 845 860 persaepe
865 805 1060 850 libertate,
1090 804 1133 843 id
1153 803 1221 849 est,
1253 803 1426 847 civitate,
1452 801 1614 855 publice
1634 800 1773 840 donari

373 875 617 913 videbamus.

430 943 483 981 X.
517 943 633 980 Hanc
652 950 694 978 tu
711 940 848 992 igitur,
864 947 1026 992 patrone
1042 936 1238 976 foederum
1254 950 1297 974 ac
1313 935 1611 980 foederatorum,
1628 933 1770 973 condi-

373 1008 524 1046 tionem
544 1007 678 1045 statuis
701 1005 924 1050 Gaditanis,
956 1004 1035 1043 tuis
1056 1003 1226 1048 civibus,
1261 1012 1320 1048 ut,
1348 1001 1457 1054 quod
1477 1001 1541 1046 iis,
1563 1014 1663 1053 quos
1685 1001 1771 1039 Ga·-

373 1073 517 1112 ditanis
538 1072 783 1126 adjutoribus
804 1072 922 1109 armis
939 1070 1182 1123 subegimus,
1199 1078 1317 1122 atque
1333 1069 1374 1106 in
1391 1068 1585 1106 ditionem
1601 1066 1772 1105 nostram

374 1140 612 1192 redegimus,
644 1139 773 1184 liceat,
805 1139 832 1176 fi
861 1137 1032 1191 populus
1063 1137 1268 1175 Romanus
1296 1134 1529 1188 permiserit,
1560 1142 1605 1172 ut
1632 1133 1680 1171 ab
1711 1132 1772 1171 se-

376 1215 484 1251 natu,
516 1205 564 1243 ab
586 1204 888 1258 imperatoribus
910 1202 1063 1247 nostris,
1086 1203 1245 1240 civitate
1265 1201 1489 1245 donentur3
1521 1199 1563 1237 id
1584 1213 1632 1237 ne
1652 1199 1772 1237 liceat

374 1272 465 1325 ipsis
485 1272 497 1309 ?
529 1272 599 1324 qui
620 1271 646 1309 fi
668 1271 744 1309 suis
766 1270 931 1308 decretis
952 1268 1153 1321 legibusve
1173 1267 1395 1312 sanxiffent,
1427 1280 1476 1304 ne
1501 1266 1590 1318 quis
1611 1265 1774 1303 suorum

375 1338 525 1376 civium
546 1337 664 1375 castra
690 1337 974 1389 imperatorum
1000 1334 1140 1388 populi
1173 1333 1347 1373 Romani
1378 1332 1524 1377 iniret3
1557 1344 1606 1369 ne
1627 1331 1716 1384 quis
1737 1329 1775 1369 se

375 1418 446 1457 pro
460 1403 589 1442 nostro
605 1403 772 1455 imperio
789 1403 830 1440 in
845 1401 1071 1455 periculum
1086 1400 1240 1454 capitis,
1256 1410 1374 1452 atque
1389 1399 1430 1436 in
1443 1398 1532 1437 vitae
1546 1397 1773 1444 discrimen,

375 1469 565 1515 inferret;
600 1469 889 1508 Gaditanorum
910 1467 1083 1511 auxiliis,
1115 1479 1210 1504 cum
1228 1465 1436 1510 vellemus,
1469 1464 1528 1502 uti
1549 1463 1665 1502 nobis
1691 1476 1774 1502 non

373 1536 511 1574 liceret
528 1551 536 1574 ε
568 1535 754 1588 privatim
774 1547 864 1572 vero
885 1534 927 1579 fi,
959 1547 1008 1571 ne
1028 1532 1117 1585 quis
1138 1532 1212 1577 vir,
1236 1540 1274 1569 et
1294 1531 1428 1569 animo
1448 1538 1487 1568 et
1506 1529 1652 1567 virtute
1672 1542 1774 1582 prae-

375 1602 537 1647 cellens‚
559 1615 630 1654 pro
650 1600 780 1639 nostro
801 1599 969 1652 imperio
990 1597 1167 1652 periculo
1188 1597 1256 1636 suo
1277 1596 1483 1634 dimicaret
1500 1614 1512 1641 3
1545 1595 1714 1648 graviter
1733 1593 1776 1632 id

371 1670 460 1721 jure
480 1668 687 1713 ferremus,
710 1667 839 1705 minui
859 1666 1005 1704 auxilia
1024 1664 1164 1718 populi
1186 1664 1374 1709 Romani,
1402 1661 1601 1701 debilitari
1621 1661 1774 1699 animos

375 1735 677 1774 fortiffimorum
703 1734 903 1777 virorum,
934 1732 1244 1783 alienigenarum
1272 1744 1343 1769 nos
1369 1728 1584 1768 hominum
1611 1727 1773 1773 studiis,

376 1811 493 1853 atque
513 1810 673 1839 externa
692 1800 851 1843 virtute,
883 1797 1040 1850 privari.

434 1866 561 1918 Atqui
583 1863 684 1902 nihil
706 1863 877 1907 interest,
900 1862 1076 1913 Judices,
1109 1869 1244 1898 utrum
1264 1858 1347 1897 haec
1368 1858 1548 1897 foederati
1564 1859 1655 1909 jura
1674 1871 1774 1896 con-

378 1933 553 1977 stituant,
569 1941 613 1969 ut
627 1945 674 1968 ne
689 1931 753 1968 cui
767 1930 882 1967 liceat
896 1942 943 1966 ex
957 1927 1020 1966 his
1035 1926 1262 1965 civitatibus
1276 1925 1323 1963 ad
1339 1924 1561 1963 nostrorum
1575 1923 1775 1962 bellorum

379 1991 553 2052 pericula
573 1997 781 2041 accedere3
814 2010 876 2040 an,
909 2008 994 2047 quae
1016 2006 1086 2032 nos
1108 2006 1243 2031 eorum
1266 1991 1435 2037 civibus,
1467 1990 1624 2028 virtutis
1646 1989 1773 2036 causa,

379 2067 650 2110 tribuerimus,
681 2078 724 2102 ea
743 2072 823 2101 rata
842 2062 914 2101 effe
935 2075 1014 2100 non
1036 2060 1192 2114 poffint.
1226 2058 1346 2099 Nihil
1367 2058 1474 2096 enim
1495 2057 1620 2109 magis
1642 2065 1774 2094 utere-

381 2147 469 2170 mur
489 2131 550 2169 his
571 2130 832 2183 adjutoribus,
851 2128 1012 2167 sublatis
1029 2127 1200 2180 praemiis
1217 2125 1391 2170 virtutis,
1410 2137 1544 2178 quam,
1562 2123 1589 2161 fi
1606 2123 1774 2161 omnino

380 2199 441 2236 his
463 2198 600 2236 versari
622 2198 661 2234 in
683 2195 822 2234 nostris
843 2195 957 2233 bellis
979 2207 1058 2232 non
1078 2194 1230 2231 liceret.
1280 2192 1443 2230 Etenim
1459 2220 1470 2235 ,
1502 2203 1595 2228 cum
1616 2203 1688 2242 pro
1708 2189 1775 2226 sua

380 2266 503 2318 patria
522 2264 635 2316 pauci
656 2263 740 2316 post
760 2275 883 2315 genus
904 2261 1116 2299 hominum
1138 2268 1276 2297 natum
1297 2257 1439 2310 reperti
1460 2257 1548 2302 lint,
1572 2256 1656 2308 qui,
1679 2255 1773 2293 nul-

381 2332 428 2369 lis
451 2330 621 2383 praemiis
637 2329 860 2382 propofitis,
875 2328 996 2365 vitam
1013 2326 1120 2364 suam
1137 2324 1309 2363 hostium
1332 2324 1418 2362 telis
1440 2322 1684 2375 objecerint;
1702 2333 1774 2374 pro

381 2398 504 2436 aliena
525 2396 726 2449 republica
745 2407 987 2448 quemquam
1007 2392 1091 2431 fore
1112 2391 1258 2445 putatis
1273 2420 1284 2437 ,
1317 2390 1386 2443 qui
1417 2390 1452 2428 se
1472 2397 1646 2443 opponat
1666 2387 1772 2440 peri-

380 2464 496 2509 culis,
519 2477 599 2502 non
620 2462 739 2502 modo
760 2461 872 2501 nullo
893 2459 1090 2514 propofito
1110 2458 1287 2512 praemio,
1310 2456 1374 2496 sed
1394 2457 1512 2495 etiam
1533 2452 1771 2493 interdicto?
