2076 2860
722 152 862 193 PRO
925 151 970 188 P.
1033 143 1324 185 SEXTIO.
1674 151 1724 190 43

322 252 650 311 principibusque
671 247 896 291 dissentiat;
922 258 992 283 nec
1015 242 1166 294 flagitat
1187 253 1269 278 rem
1293 237 1430 280 ullam,
1455 245 1582 285 neque
1604 244 1725 268 nova-

324 337 413 362 rum
434 333 565 362 rerum
585 317 640 359 est
660 315 846 368 cupidus,
875 321 914 350 et
935 310 1018 348 otio
1040 309 1122 353 suo,
1155 316 1194 344 et
1215 305 1407 358 dignitate
1429 299 1574 353 optimi
1595 295 1726 349 cujus-

321 403 413 443 que,
440 397 479 426 et
499 384 685 425 universae
707 380 936 435 reipublicae
957 377 1097 430 gloria,
1122 375 1350 412 deleetatur.
1385 371 1522 421 Itaque
1544 365 1728 404 homines

318 454 491 495 seditiofi
512 466 556 491 ac
578 448 816 493 turbulenti,
847 446 939 499 quia
960 443 1071 482 nulla
1085 443 1170 494 jam
1191 438 1402 491 largitione
1423 434 1620 488 populum
1642 431 1729 468 Ro-

324 535 490 562 manum
511 519 711 558 concitare
740 514 923 568 poffunt‚
956 509 1064 564 quod
1096 508 1234 561 plebs,
1268 503 1473 559 perfuncta
1499 497 1730 554 graviffimis

325 588 586 629 seditionibus
608 581 895 625 acrdiscordiis,
918 579 1048 617 otium
1070 575 1189 614 malle
1211 572 1402 615 videatur,
1426 568 1638 607 conductas
1660 563 1732 602 ha-

327 657 423 695 bent
455 653 698 693 conciones:
732 661 862 702 neque
894 645 935 683 id
967 652 1113 696 agunt,
1148 650 1192 679 ut
1224 653 1266 680 ea
1295 638 1452 680 dicant,
1484 643 1551 672 aut
1581 632 1732 674 ferant,

327 737 413 776 quae
444 722 508 760 illi
540 720 666 759 velint
697 716 845 761 audire,
880 713 951 767 qui
984 712 1025 750 in
1058 708 1251 747 concione
1285 705 1401 748 sunt3
1435 701 1499 740 sed
1532 699 1660 753 pretio
1692 711 1735 735 ac

328 788 510 828 mercede
542 786 770 841 perficiunt,
804 791 862 827 ut,
895 775 1091 832 quidquid
1123 774 1272 817 dicant,
1305 771 1346 811 id
1378 769 1440 808 illi
1472 768 1573 806 velle
1605 765 1737 803 audire

329 856 551 896 videantur.

388 923 504 962 Num
525 932 592 957 vos
614 915 861 959 existimatis,
887 908 1107 953 Gracchos,
1125 915 1193 949 aut
1215 903 1488 946 Saturninum,
1507 909 1573 938 aut
1595 911 1738 951 quem-

331 1001 452 1041 quam
473 985 638 1024 illorum
658 991 853 1025 veterum,
886 978 956 1031 qui
984 974 1193 1029 populares
1214 971 1476 1013 habebantur,
1510 966 1640 1004 ullum
1663 978 1739 1002 un·-

332 1068 453 1109 quam
486 1054 527 1091 in
560 1051 753 1090 concione
785 1045 961 1086 habuisse
993 1041 1269 1082 conduetum?
1303 1039 1438 1078 Nemo
1459 1034 1628 1077 habuit:
1663 1031 1744 1084 ipsa

332 1122 443 1161 enim
471 1119 646 1172 largitio,
677 1126 717 1155 et
747 1115 831 1169 spes
863 1109 1068 1152 commodi
1097 1106 1301 1162 propositi,
1337 1104 1415 1143 fine
1449 1100 1629 1140 mercede
1664 1098 1746 1135 ulla

334 1186 640 1227 multitudinem
662 1181 903 1222 concitabat.
935 1180 1072 1230 Itaque
1094 1173 1341 1227 temporibus
1364 1170 1460 1215 illis,
1484 1168 1553 1221 qui
1575 1165 1743 1220 popula-

337 1268 396 1293 res
421 1262 545 1298 erant‚
577 1249 833 1290 offendebant
855 1247 916 1285 illi
938 1244 1102 1298 quidem
1123 1240 1228 1294 apud
1249 1251 1383 1292 graves
1404 1246 1443 1274 et
1465 1233 1646 1273 honestos
1669 1230 1745 1269 ho-

337 1322 490 1366 mines;
515 1318 578 1358 sed
595 1317 735 1371 populi
751 1314 932 1369 judiciis,
951 1316 1067 1365 atque
1083 1308 1195 1348 omni
1217 1305 1517 1360 significatione,
1538 1299 1745 1339 florebant.

343 1389 420 1427 His
442 1388 484 1426 in
505 1386 660 1425 theatro
682 1382 942 1438 plaudebatur
961 1395 969 1419 ε
1003 1378 1047 1417 hi
1075 1375 1284 1428 suffragiis,
1317 1370 1426 1425 quod
1447 1366 1747 1409 contenderant,

341 1454 710 1508 consequebantur:
743 1449 890 1488 horum
910 1446 1095 1485 homines
1117 1455 1279 1486 nomen,
1312 1438 1547 1480 orationem,
1574 1433 1747 1477 vultum,

342 1521 546 1566 inceffum,
569 1520 768 1558 amabant.
799 1516 883 1568 Qi
903 1524 1037 1553 autem
1058 1508 1358 1550 adversabantur
1378 1506 1413 1543 ei
1434 1502 1583 1556 generi,
1615 1513 1750 1553 graves

343 1600 382 1628 et
402 1589 537 1641 magni
557 1586 742 1625 homines
764 1583 1034 1625 habebantur,
1055 1578 1117 1616 sed
1134 1576 1317 1614 valebant
1339 1574 1379 1610 in
1402 1572 1534 1609 senatu
1556 1567 1751 1611 multum,

344 1655 448 1708 apud
470 1654 594 1691 bonos
616 1652 720 1688 viros
743 1649 964 1701 plurimum
984 1661 992 1683 ε
1026 1639 1280 1681 multitudini
1306 1636 1477 1691 jucundi
1507 1649 1588 1673 non
1617 1642 1752 1678 erant,

348 1720 541 1773 suffragiis
577 1716 852 1756 offendebatur
887 1713 983 1765 saepe
1017 1722 1154 1749 eorum
1195 1707 1377 1745 voluntas
1395 1724 1405 1750 ;
1444 1701 1624 1756 plausum
1661 1713 1756 1739 vero

345 1789 467 1826 etiam
499 1786 525 1823 fi
557 1784 645 1837 quis
676 1795 815 1820 eorum
845 1776 1058 1832 aliquando
1087 1781 1304 1826 acceperat,
1338 1785 1385 1809 ne
1418 1769 1514 1822 quid
1547 1766 1753 1822 peccasset,

347 1850 663 1907 pertimescebat.
696 1851 903 1892 Attamen,
937 1845 963 1883 fi
985 1856 1063 1897 qua
1083 1855 1141 1880 res
1164 1848 1245 1879 erat
1270 1839 1410 1891 major,
1444 1836 1550 1875 idem
1581 1834 1649 1873 ille
1680 1847 1753 1887 po-

347 1921 466 1975 pulus
487 1918 634 1958 horum
654 1915 885 1955 auetoritate
906 1911 1080 1950 maxime
1105 1905 1447 1947 commovebatur.

405 1989 455 2027 L.
487 1987 627 2031 Nunc,
652 1983 722 2022 nifi
744 1997 808 2022 me
829 1981 949 2025 fallit,
973 1980 1015 2017 in
1035 1991 1081 2016 eo
1103 1976 1202 2015 statu
1223 1974 1361 2013 civitas
1383 1971 1451 2016 est,
1482 1980 1539 2015 ut,
1573 1969 1598 2007 fi
1620 1982 1755 2021 operas

347 2055 638 2093 condustorum
658 2048 887 2093 removeris,
920 2058 1057 2085 omnes
1079 2043 1186 2081 idem
1209 2040 1255 2079 de
1277 2038 1482 2092 republica
1510 2035 1654 2074 sensuri
1685 2034 1759 2072 effe

349 2122 569 2160 videantur.
602 2117 769 2157 Etenim
790 2115 917 2153 tribus
939 2112 1038 2151 locis
1061 2107 1272 2163 significari
1293 2106 1467 2145 maxime
1497 2102 1635 2156 populi
1670 2102 1756 2139 Ro-

351 2188 457 2227 mani
481 2187 683 2240 judicium
712 2198 755 2231 ac
786 2182 968 2220 voluntas
1000 2177 1140 2232 potest,
1173 2175 1381 2218 concione,
1413 2171 1605 2214 comitiis,
1638 2168 1755 2206 ludo-

354 2270 441 2293 rum
463 2254 805 2307 gladiatorumque
826 2247 1016 2287 conseffu.
1051 2247 1150 2297 Qae
1172 2242 1313 2282 concio
1334 2240 1413 2279 fuit
1436 2253 1503 2292 per
1524 2236 1596 2276 hos
1618 2249 1757 2279 annos,

352 2335 438 2374 quae
459 2321 621 2372 quidem
643 2318 734 2357 effet
756 2331 834 2355 non
858 2314 1077 2358 conducta,
1111 2310 1174 2349 sed
1194 2323 1282 2348 vera
1298 2339 1307 2353 ‚
1340 2309 1380 2345 in
1404 2319 1479 2359 qua
1502 2303 1639 2357 populi
1673 2303 1757 2339 Ro-

356 2388 462 2426 mani
479 2386 687 2425 consensus
705 2383 871 2437 perspici
889 2380 1038 2435 posset?
1059 2378 1218 2417 Habitae
1236 2377 1324 2414 sunt
1342 2374 1477 2412 multa·
1495 2372 1540 2409 de
1559 2384 1621 2409 me
1637 2383 1657 2406 a
1673 2369 1757 2420 gla-

356 2454 505 2491 diatore
527 2451 830 2495 sceleratissimo,
862 2448 910 2486 ad
931 2459 1026 2500 quas
1050 2457 1168 2483 nemo
1189 2442 1320 2480 adibat
1342 2441 1610 2490 incorruptus,
1645 2447 1761 2472 nemo

1371 2507 1399 2543 F
1436 2518 1454 2542 2
