2076 2860
520 162 659 202 PRo
720 162 771 201 L.
835 161 1048 201 CORN.
1111 161 1359 201 BALBO.
1574 177 1649 217 135

294 266 370 305 XI.
395 264 484 311 Sed,
502 279 596 303 cum
617 263 671 303 est
691 263 795 302 illud
814 262 1106 318 imperitiffime
1127 262 1280 302 dietum
1302 263 1350 302 de
1370 263 1530 318 populis
1552 263 1649 302 fun-

237 333 298 372 dis
313 362 325 379 ‚
357 332 466 386 quod
486 345 702 371 commune
723 331 777 370 est
796 331 1016 370 liberorum
1037 331 1280 384 populorum
1295 362 1306 378 ,
1339 345 1419 370 non
1440 333 1649 385 proprium

236 398 545 446 foederatorum
565 413 612 438 ex
628 412 710 453 quo
725 398 901 452 intelligi
918 397 1065 437 neceffe
1081 398 1149 445 est,
1168 408 1234 437 aut
1251 399 1453 438 neminem
1469 413 1518 438 ex
1534 398 1649 438 sociis

236 466 367 506 civem
386 466 472 505 fieri
492 465 597 521 poffe
611 496 623 512 ,
655 476 722 506 aut
751 466 872 505 etiam
901 465 1007 520 poffe
1033 480 1081 504 ex
1102 465 1301 505 foederatis
1321 482 1330 505 ε
1364 476 1452 506 tum
1472 481 1564 505 vero
1579 469 1647 520 jus

236 546 357 572 omne
377 533 506 573 noster
525 534 595 573 iste
615 533 799 588 magister
819 532 1019 572 mutandae
1040 533 1212 572 civitatis
1234 535 1390 587 ignorat
1407 553 1418 579 ς
1451 534 1558 587 quod
1578 535 1647 580 est,

236 600 400 652 Judices
416 632 428 648 ‚
460 616 540 641 non
561 601 691 640 solum
710 601 753 639 in
774 600 931 654 legibus
953 600 1128 654 publicis
1150 600 1322 653 posltum
1338 630 1349 645 ,
1382 600 1445 639 sed
1467 602 1587 640 etiam
1607 602 1649 641 in

236 668 484 720 privatorum
500 668 720 708 voluntate.
739 668 835 720 Jure
851 667 960 706 enim
976 666 1107 706 nostro
1124 680 1252 720 neque
1274 676 1426 705 mutare
1447 668 1649 707 civitatem

236 735 448 788 quisquam
470 736 619 774 invitus
640 734 767 789 potest
782 765 793 781 ,
826 748 954 788 neque
969 764 980 780 ,
1012 735 1039 773 fi
1060 733 1157 773 velit
1172 763 1182 779 ,
1215 743 1369 772 mutare
1394 748 1475 773 non
1496 736 1647 789 potest,

237 801 360 840 modo
381 802 614 841 adsciscatur
634 802 682 840 ab
703 816 747 840 ea
765 802 940 847 civitate,
962 801 1077 853 cujus
1098 800 1171 838 effe
1191 800 1228 839 se
1249 800 1421 839 civitatis
1444 801 1564 841 velit:
1590 813 1647 848 ut,

238 867 266 906 fi
289 868 478 907 Gaditani
499 869 685 907 sciverint
705 868 947 906 nominatim
968 867 1015 905 de
1036 868 1172 920 aliquo
1193 868 1279 906 cive
1300 868 1501 915 Romano,
1540 879 1583 908 ut
1604 871 1650 908 fit

238 934 271 972 is
288 935 386 974 civis
405 935 642 981 Gaditanus,
660 948 804 988 magna
819 934 986 988 potestas
1009 934 1055 973 fit
1078 935 1209 973 nostro
1227 935 1306 973 civi
1326 936 1525 974 mutandae
1546 938 1649 976 civi-

238 1001 344 1046 tatis,
373 1015 446 1040 nec
467 1000 616 1040 foedere
636 1001 891 1056 impediatur,
914 1014 994 1054 quo
1016 1001 1149 1040 minus
1171 1016 1218 1040 ex
1239 1002 1324 1040 cive
1345 1003 1531 1042 Romano
1551 1004 1649 1043 civis

237 1066 459 1107 Gaditanus
481 1068 597 1122 poffit
617 1068 705 1107 effe.

293 1134 478 1174 Duarum
499 1135 709 1174 civitatum
730 1135 828 1174 civis
850 1134 923 1174 effe
943 1134 1075 1173 nostro
1089 1135 1181 1188 jure
1201 1135 1313 1174 civili
1343 1149 1461 1174 nemo
1492 1137 1619 1189 potest
1637 1153 1647 1176 z

238 1213 318 1238 non
340 1201 413 1239 effe
433 1201 553 1254 hujus
576 1202 747 1240 civitatis
770 1202 883 1248 civis,
915 1201 985 1255 qui
1007 1201 1043 1240 se
1063 1201 1131 1239 alii
1152 1201 1306 1240 civitati
1327 1201 1483 1248 dicarit,
1506 1203 1648 1257 potest.

240 1267 384 1320 Neque
406 1268 535 1307 solum
556 1269 769 1314 dicatione,
799 1268 908 1321 quod
928 1269 970 1306 in
991 1268 1214 1306 calamitate
1235 1268 1454 1308 clariffimis
1477 1271 1570 1309 viris
1592 1271 1661 1323 Q

239 1333 445 1380 Maximo,
479 1335 527 1372 C.
553 1336 720 1380 Laenati,
754 1333 1025 1388 QPhilippo
1057 1335 1258 1381 Nuceriae,
1292 1337 1341 1374 C.
1368 1337 1513 1374 Catoni
1545 1339 1647 1376 Tar-

238 1413 394 1446 racone,
427 1402 496 1453 Q
519 1401 715 1454 Caepioni,
749 1401 794 1439 P.
830 1401 990 1439 Rutilio
1023 1401 1213 1453 Smyrnae,
1246 1402 1419 1441 vidimus
1452 1403 1647 1449 accidiffe,

238 1476 283 1505 ut
303 1480 437 1506 earum
458 1467 669 1507 civitatum
690 1468 829 1506 fierent
850 1468 954 1507 cives
971 1498 981 1514 ,
1013 1467 1117 1506 hanc
1146 1478 1236 1506 ante
1265 1469 1447 1508 amittere
1472 1484 1551 1509 non
1572 1485 1646 1524 po-

238 1534 399 1573 tuiffent
413 1565 424 1580 ,
456 1549 576 1587 quam
597 1535 717 1588 hujus
740 1536 868 1574 solum
889 1536 1062 1574 civitatis
1084 1537 1305 1574 mutatione
1326 1537 1550 1582 vertiffent;
1585 1537 1648 1576 sed

238 1601 358 1639 etiam
378 1600 626 1653 postliminio
647 1601 773 1654 potest
789 1602 961 1639 civitatis
979 1601 1063 1639 fieri
1079 1602 1264 1639 mutatio.
1285 1602 1429 1654 Neque
1445 1604 1553 1641 enim
1570 1603 1649 1642 fine

240 1665 353 1704 causa
372 1665 420 1704 de
442 1666 520 1704 Cn.
537 1666 724 1704 Publicio
746 1666 986 1712 Menandro,
1004 1666 1194 1705 libertino
1211 1666 1389 1714 homine,
1408 1683 1527 1722 quem
1545 1670 1648 1722 apud

239 1733 406 1785 majores
428 1731 549 1785 legati
570 1732 690 1771 nostri
711 1733 753 1771 in
775 1733 974 1772 Graeciam
994 1733 1287 1786 proficiscentes
1310 1735 1567 1788 interpretem
1589 1736 1648 1775 se-

239 1811 335 1837 cum
355 1797 498 1836 habere
519 1799 746 1845 voluerunt,
778 1798 826 1837 ad
846 1799 1045 1853 populum
1068 1800 1212 1846 latum,
1244 1809 1288 1839 ut
1309 1800 1341 1839 is
1368 1801 1591 1849 Publicius,
1622 1803 1649 1842 fi

239 1865 407 1904 domum
439 1865 656 1912 reveniffet,
688 1875 728 1904 et
759 1865 851 1905 inde
883 1867 1058 1905 Romam
1091 1867 1274 1913 rediisset,
1307 1881 1356 1906 ne
1386 1869 1519 1908 minus
1550 1871 1647 1909 civis

238 1931 345 1971 effet.
373 1932 503 1971 Multi
523 1933 643 1971 etiam
665 1932 862 1987 superiore
882 1935 1075 1972 memoria
1094 1935 1198 1973 cives
1222 1935 1395 1974 Romani
1418 1937 1482 1974 sua
1503 1937 1646 1976 volun-

238 2007 331 2045 tate,
354 1998 574 2037 indemnati
590 2009 628 2038 et
644 2000 882 2046 incolumes,
904 1999 968 2039 his
989 2000 1105 2040 rebus
1127 2001 1289 2047 reliditis,
1312 2002 1404 2041 alias
1426 2003 1463 2041 se
1485 2004 1524 2041 in
1546 2005 1648 2043 civi-

240 2073 338 2103 tates
359 2065 633 2104 contulerunt.

296 2131 395 2170 XII.
428 2130 550 2184 Qod
572 2131 597 2169 fi
619 2131 697 2170 civi
719 2132 903 2170 Romano
924 2131 1019 2171 licet
1038 2132 1111 2171 effe
1134 2133 1380 2173 Gaditanum
1403 2135 1477 2174 five
1498 2137 1620 2175 exilio
1634 2167 1646 2183 ,

241 2196 316 2235 five
331 2197 592 2250 postliminio,
612 2198 686 2236 five
702 2199 912 2252 rejectione
928 2198 1048 2253 hujus
1065 2200 1254 2246 civitatis,
1280 2201 1342 2253 (ut
1353 2203 1437 2254 jam
1455 2203 1500 2240 ad
1518 2203 1647 2242 foedus

242 2263 411 2309 veniam,
434 2263 542 2316 quod
562 2264 609 2301 ad
630 2264 784 2304 causam
804 2264 909 2304 nihil
930 2267 1102 2319 pertinet
1113 2286 1125 2312 ;
1159 2266 1206 2305 de
1226 2267 1398 2306 civitatis
1419 2270 1526 2307 enim
1542 2271 1646 2322 jure,

241 2342 323 2367 non
344 2329 392 2367 de
411 2328 644 2376 foederibus,
666 2330 948 2385 disceptamus)
971 2333 1070 2385 quid
1089 2333 1158 2379 est,
1181 2334 1442 2387 quamobrem
1462 2336 1539 2373 civi
1563 2338 1646 2374 Ga-

242 2394 377 2434 ditano
398 2395 440 2434 in
460 2395 562 2434 hanc
584 2397 787 2436 civitatem
806 2400 939 2438 venire
960 2413 1040 2439 non
1060 2400 1204 2438 liceat?
1228 2401 1428 2452 Equidem
1450 2402 1567 2454 longe
1589 2402 1646 2439 se-

242 2474 311 2501 cus
328 2462 468 2502 sentio.
488 2463 611 2509 Nam,
630 2476 724 2503 cum
739 2478 788 2504 ex
803 2465 991 2505 omnibus
1007 2466 1237 2506 civitatibus
1255 2467 1316 2504 via
1331 2467 1376 2505 fit
1398 2468 1438 2505 in
1461 2467 1646 2512 nostram,
