2076 2860
720 154 858 192 PRo
919 154 983 193 M.
1047 155 1303 194 CAELio.
1659 160 1711 211 39

301 257 340 288 te
361 250 602 302 QMetelli
623 250 928 288 matrimonium
950 250 1114 288 tenuiffe
1135 250 1297 297 sciebas,
1329 251 1528 291 clarissimi
1559 265 1602 290 ac
1624 250 1708 290 for-

300 316 436 354 tiffimi
457 316 546 362 viri,
564 316 780 370 patriaeque
800 316 1082 355 amantiflimi?
1105 318 1190 370 qui,
1210 318 1325 357 fimul
1347 332 1390 357 ac
1412 319 1553 372 pedem
1567 319 1710 358 limine

299 382 509 429 extulerat,
541 397 679 422 omnes
712 397 836 437 prope
856 384 961 422 cives
983 384 1145 430 virtute,
1177 385 1317 438 gloria,
1349 386 1558 439 dignitate,
1591 386 1708 439 supe-

298 449 431 489 rabat:
465 452 531 489 cui
552 465 648 490 cum
674 466 723 490 ex
744 452 984 506 ampliffimo
1005 465 1147 506 genere
1168 454 1208 491 in
1231 453 1427 493 familiam
1456 455 1708 494 clariffimam

298 517 499 570 nupfiffes,
522 532 594 557 cur
615 518 691 557 tibi
713 519 860 558 Caelius
884 529 966 558 tam
986 521 1223 572 conjunctus
1246 520 1354 559 fuit?
1388 522 1622 575 Cognatus?
1646 522 1706 561 af-

298 583 418 622 finis?
450 585 525 624 viri
547 586 607 624 tui
627 585 834 625 familiaris
855 588 868 624 ?
901 585 1004 624 nihil
1026 586 1187 626 horum.
1232 587 1343 640 Qid
1364 589 1489 641 igitur
1509 588 1604 634 fuit,
1637 590 1707 628 nifi

298 651 478 703 quaedam
500 653 700 691 temeritas
722 667 766 691 ac
787 653 945 692 libido?
976 653 1124 692 Nonne
1146 663 1199 699 te,
1222 654 1248 692 s1
1270 654 1408 693 nostrae
1429 656 1622 708 imagines
1645 657 1706 695 vi-

298 718 388 756 riles
422 733 503 758 non
535 721 870 765 commovebant,
912 734 961 758 ne
993 720 1201 773 progenies
1235 721 1400 773 quidem
1432 735 1533 768 mea,
1557 723 1709 776 Qilla

299 785 479 832 Claudia,
512 787 697 826 aemulam
712 787 941 825 'domesticae
962 787 1089 825 laudis
1111 788 1152 825 in
1185 788 1311 840 gloria
1331 789 1521 827 muliebri
1542 790 1615 828 effe
1636 791 1707 829 ad-

296 853 484 891 monebat
503 855 516 892 ?
549 867 630 892 non
647 854 763 907 'virgo
784 853 852 891 illa
873 853 1039 892 Vestalis
1062 853 1245 899 Claudia,
1280 869 1381 908 quae,
1416 866 1569 909 patrem
1591 871 1706 896 com-

295 920 412 972 plexa
428 919 761 973 triumphantem,
777 920 824 958 ab
843 920 1010 958 inimico
1027 920 1191 959 tribuno
1207 922 1336 974 plebis
1354 922 1401 960 de
1418 937 1535 962 curru
1553 923 1707 963 detrahi

295 986 396 1039 paffa
416 1000 496 1025 non
513 987 593 1025 est?
619 989 703 1026 Cur
724 997 762 1026 te
783 986 954 1026 fraterna
974 988 1069 1025 vitia
1090 988 1239 1041 potius,
1263 1003 1384 1041 quam
1406 990 1509 1029 bona
1530 1000 1704 1044 paterna,

295 1062 335 1091 et
355 1054 471 1099 avita,
508 1064 547 1092 et
569 1054 691 1108 usque
712 1068 734 1092 a
753 1054 869 1092 nobis
891 1068 987 1092 cum
1008 1054 1050 1092 in
1071 1055 1182 1100 viris,
1212 1064 1300 1094 tum
1321 1057 1441 1095 etiam
1464 1058 1504 1095 in
1525 1057 1705 1097 foeminis

296 1121 476 1173 repetita,
500 1123 740 1160 moverunt?
774 1121 920 1160 Ideone
950 1135 1024 1175 ego
1045 1135 1185 1175 pacem
1219 1122 1362 1175 Pyrrhi
1395 1124 1552 1170 diremi,
1591 1135 1634 1164 ut
1663 1136 1704 1165 tu

295 1200 478 1226 amorum
511 1189 828 1242 turpiffimorum
860 1188 1042 1242 quotidie
1062 1187 1212 1228 foedera
1242 1188 1412 1228 ferires?
1445 1191 1534 1230 ideo
1561 1206 1705 1245 aquam

295 1253 458 1299 adduxi,
481 1264 526 1292 ut
546 1269 590 1293 ea
610 1264 654 1293 tu
676 1255 820 1293 inceste
842 1257 1023 1294 uterere?
1056 1255 1145 1294 ideo
1167 1256 1272 1295 viam
1292 1257 1464 1304 munivi,
1489 1268 1533 1297 ut
1554 1273 1639 1298 eam
1662 1269 1705 1298 tu

294 1320 432 1359 alienis
454 1322 547 1360 viris
569 1323 758 1361 comitata
778 1323 994 1362 celebrares
1014 1324 1027 1362 ?

351 1388 445 1426 XV.
469 1388 543 1425 Sed
565 1388 663 1441 quid
679 1403 767 1442 ego,
785 1389 964 1441 Judices,
987 1390 1043 1428 ita
1061 1403 1221 1443 gravem
1243 1391 1450 1444 personam
1470 1392 1628 1438 induxi,
1661 1405 1705 1433 ut

293 1467 438 1500 verear,
457 1468 506 1493 ne
522 1454 559 1493 se
579 1455 686 1494 idem
701 1457 858 1509 Appius
876 1466 1036 1509 repente
1057 1467 1276 1503 convertat,
1293 1468 1333 1496 et
1351 1460 1523 1498 Caelium
1539 1461 1705 1513 incipiat

294 1521 473 1560 accusare
504 1522 574 1560 illa
594 1522 660 1560 sua
679 1524 869 1575 gravitate
900 1523 1102 1561 censoria?
1137 1524 1211 1561 Sed
1231 1525 1365 1562 videro
1397 1525 1475 1563 hoc
1495 1527 1703 1579 posterius,

295 1596 413 1639 atque
434 1588 502 1632 ita,
526 1588 704 1639 Judices,
728 1598 773 1626 ut
793 1589 854 1627 vel
877 1589 1120 1640 severiffimis
1147 1590 1475 1642 disceptatoribus
1498 1593 1562 1631 M.
1589 1594 1705 1632 Caelii

294 1653 418 1691 vitam
450 1667 515 1691 me
546 1654 809 1707 probaturum
829 1654 902 1692 effe
922 1654 1136 1693 confidam.
1170 1657 1238 1693 Tu
1259 1670 1365 1701 vero,
1400 1658 1559 1703 mulier,
1597 1660 1704 1712 (jam

294 1720 405 1757 enim
426 1719 506 1772 ipse
536 1729 671 1758 tecum
691 1720 803 1758 nulla
822 1720 985 1773 persona
1016 1721 1241 1758 introducta
1273 1722 1445 1775 loquor)
1482 1724 1507 1761 fi
1530 1738 1585 1769 ea,
1616 1739 1704 1778 quae

294 1784 408 1831 facis,
431 1800 518 1839 quae
541 1786 656 1831 dicis,
680 1800 768 1839 quae
789 1786 1008 1832 infimulas,
1033 1801 1120 1840 quae
1142 1787 1183 1825 in
1205 1787 1377 1827 sororem
1400 1799 1510 1829 tuam
1530 1792 1701 1839 moliris,

293 1866 381 1906 quae
403 1853 549 1905 arguis,
567 1853 732 1906 probare
748 1854 899 1906 cogitas
913 1873 923 1900 ;
948 1854 1144 1893 rationem
1162 1863 1278 1894 tantae
1295 1855 1593 1903 familiaritatis,
1613 1868 1702 1897 tan-

292 1928 341 1958 tae
368 1919 681 1966 consuetudinis,
715 1930 831 1959 tantae
866 1921 1177 1974 conjunctionis,
1211 1922 1346 1962 reddas
1379 1933 1499 1977 atque
1529 1939 1702 1979 exponas

293 1986 441 2024 neceffe
470 1986 537 2026 est.
571 1987 829 2026 Accusatores
863 1988 1029 2041 quidem
1059 1989 1262 2036 libidines,
1296 2004 1463 2037 amores,
1495 1992 1700 2038 adulteria,

292 2053 417 2099 Baias,
441 2055 555 2099 actas,
574 2054 770 2099 convivia,
794 2055 1099 2101 comissationes,
1118 2066 1272 2102 cantus,
1296 2057 1565 2110 symphonias,
1589 2060 1700 2098 navi-

292 2119 370 2171 gia,
399 2120 548 2172 jactant
567 2136 575 2159 ε
608 2120 812 2173 iidemque
834 2121 1071 2174 fignificant,
1107 2121 1212 2160 nihil
1234 2123 1284 2168 se,
1320 2133 1358 2162 te
1378 2125 1516 2171 invita,
1554 2126 1697 2166 dicere.

293 2187 393 2237 Qae
416 2196 474 2232 tu,
498 2187 689 2240 quoniam
710 2198 843 2226 mente
863 2188 994 2227 nescio
1016 2203 1093 2242 qua
1113 2189 1313 2236 effrenata,
1347 2201 1465 2244 atque
1487 2194 1698 2246 praecipiti,

292 2252 334 2289 in
354 2251 490 2290 forum
511 2252 653 2291 deferri
676 2254 959 2308 judiciumque
980 2256 1166 2302 voluisti3
1199 2267 1266 2296 aut
1298 2258 1424 2297 diluas
1457 2269 1628 2311 oportet,
1660 2269 1699 2298 et

292 2316 387 2355 falsa
406 2318 478 2356 effe
500 2319 653 2364 doceas,
676 2330 743 2358 aut
764 2320 867 2359 nihil
890 2336 1018 2375 neque
1051 2324 1213 2361 crimini
1247 2334 1331 2370 tuo,
1366 2339 1495 2377 neque
1517 2326 1695 2364 testimo-

291 2385 373 2429 nio,
397 2384 639 2424 credendum
659 2387 731 2425 effe
752 2387 908 2427 fateare.

349 2447 416 2484 Sin
457 2456 589 2485 autem
632 2448 817 2488 urbanius
858 2464 922 2489 me
961 2464 1072 2503 agere
1112 2453 1258 2498 mavis,
1300 2453 1350 2490 fic
1391 2467 1504 2507 agam
1545 2463 1693 2493 tecum.

375 2513 441 2551 To
456 2526 508 2552 M.
544 2514 615 2553 VI.
1342 2519 1392 2556 M
