2076 2860
565 158 700 196 PRO
761 159 811 197 L.
874 159 1087 199 CORN.
1151 161 1398 201 BALBO.
1614 179 1688 219 139

282 255 428 294 comiter
446 256 691 309 cmfi’rvanto.
726 256 771 295 Id
803 255 923 295 habet
954 257 1057 296 hanc
1089 259 1186 303 vim,
1220 268 1263 297 ut
1295 260 1341 299 fit
1369 260 1439 300 ille
1468 262 1509 300 in
1540 261 1688 302 foedere

280 321 458 361 inferior.

335 389 543 434 Primum,
575 389 684 427 verbi
715 402 838 442 genus
859 388 938 428 hoc
959 390 1238 438 conservandi,
1271 407 1350 445 quo
1372 394 1497 446 magis
1519 394 1558 433 in
1582 395 1683 448 legi-

279 453 351 493 bus
373 468 493 508 quam
514 455 556 493 in
576 454 795 494 foederibus
817 457 876 494 uti
898 456 1067 496 solemus
1083 487 1094 503 ,
1126 458 1356 512 imperantis
1377 460 1432 498 est
1446 490 1457 506 ‚
1490 475 1570 500 non
1591 476 1682 514 pre-

276 522 417 561 cantis.
455 521 612 561 Deinde
629 552 640 567 ,
672 536 766 561 cum
787 524 946 561 alterius
967 524 1107 577 populi
1128 524 1303 577 majestas
1329 526 1545 566 conservari
1560 529 1681 581 jube-

276 596 355 634 tur,
379 588 426 628 de
445 589 568 628 altero
589 589 747 636 filetur3
772 600 875 629 certe
896 590 964 628 ille
984 591 1157 644 populus
1180 592 1220 629 in
1242 592 1431 644 superiori
1452 595 1682 635 conditione

275 655 466 709 causaque
486 656 650 709 ponitur
664 686 674 701 ‚
706 657 820 709 cujus
841 656 1016 709 majestas
1037 656 1198 696 foederis
1219 658 1415 697 sanctione
1437 659 1677 702 defenditur.

275 721 323 760 In
354 736 434 775 quo
463 732 545 761 erat
572 722 806 761 accusatoris
829 724 1100 776 interpretatio
1120 722 1285 776 indigna
1305 724 1575 778 responfione,
1609 731 1679 782 qui

273 788 330 826 ita
360 789 530 835 dicebat,
561 790 708 829 comiter
738 789 811 828 effe
841 790 1101 828 communiter:
1133 791 1239 843 quasi
1270 804 1361 830 vero
1396 792 1571 845 priscum
1603 795 1677 833 ali-

272 857 380 909 quod
400 866 468 896 aut
487 857 695 896 insolitum
714 857 880 895 verbum
900 857 1237 909 interpretaretur.
1280 859 1425 898 Comes
1441 890 1452 906 ‚
1485 861 1676 914 benigni,

270 922 406 961 faciles
422 952 433 968 ‚
465 923 596 962 suaves
616 922 799 962 homines
821 923 893 962 effe
914 923 1117 962 dicuntur.
1160 925 1236 977 Qi
1250 926 1399 965 erranti
1412 927 1558 966 comiter
1575 942 1677 967 mon-

256 988 363 1042 strat
381 990 502 1035 viam,
536 990 706 1042 benigne
721 1020 731 1035 ‚
764 999 803 1028 et
823 1004 902 1028 non
923 999 1102 1043 gravate:
1136 992 1368 1031 communiter
1387 993 1551 1046 quidem
1571 1005 1676 1034 certe

269 1069 349 1094 non
371 1057 571 1094 convenit.
606 1057 660 1094 Et
681 1056 796 1094 simul
816 1056 981 1094 absurda
1000 1070 1058 1095 res
1080 1055 1148 1102 est,
1181 1058 1307 1096 caveri
1328 1057 1489 1105 foedere,
1522 1070 1568 1098 ut
1587 1074 1674 1099 ma-

262 1123 443 1176 jestatem
464 1124 604 1178 populi
626 1124 800 1163 Romani
821 1125 1090 1162 communiter
1109 1125 1340 1164 conservent
1352 1146 1363 1171 3
1387 1127 1427 1164 id
1449 1127 1517 1172 est,
1536 1138 1580 1166 ut
1599 1143 1674 1182 po-

266 1191 386 1242 pulus
419 1191 625 1229 Romanus
659 1191 767 1229 suam
798 1191 1040 1243 majestatem
1071 1192 1168 1230 velit
1198 1192 1270 1230 effe
1300 1193 1457 1232 salvam.
1492 1195 1614 1247 Qod
1646 1197 1673 1234 fi

261 1257 346 1308 jam
379 1258 434 1295 ita
460 1257 565 1302 effet,
598 1266 642 1295 ut
668 1257 741 1295 effe
768 1271 849 1295 non
877 1257 1002 1311 potest
1018 1277 1030 1303 ς
1064 1267 1195 1296 tamen
1226 1259 1273 1297 de
1301 1259 1428 1298 nostra
1458 1261 1671 1315 majestate,

266 1322 370 1362 nihil
390 1324 438 1361 de
459 1323 622 1362 illorum
637 1353 649 1369 ,
681 1333 896 1362 caveretur.
948 1323 1129 1362 Potestne
1157 1325 1282 1377 igitur
1309 1325 1437 1364 nostra
1456 1327 1631 1380 majestas
1653 1342 1673 1366 a

266 1390 475 1428 Gaditanis
498 1390 668 1443 benigne
689 1390 927 1436 conservari,
960 1392 986 1429 fi
1007 1391 1055 1428 ad
1076 1405 1161 1430 eam
1184 1393 1428 1431 retinendam
1452 1394 1669 1434 Gaditanos

263 1457 436 1510 praerniis
453 1457 593 1495 elicere
611 1470 690 1495 non
707 1456 908 1509 pofl'umus
926 1459 939 1495 ?
959 1457 1090 1495 Potest
1104 1457 1178 1495 efl‘e
1195 1458 1276 1495 ulla
1291 1458 1462 1512 denique
1477 1460 1668 1513 majestas,

263 1522 291 1561 fi
312 1522 580 1576 impedimur,
612 1536 693 1576 quo
724 1523 856 1561 minus
887 1537 957 1576 per
980 1523 1178 1576 populum
1199 1524 1429 1562 Romanum
1452 1524 1668 1565 beneficio-

262 1602 353 1627 rum
369 1589 527 1627 virtutis
544 1589 657 1627 causa
676 1588 980 1627 tribuendorum
996 1588 1227 1642 potestatem
1249 1589 1553 1643 imperatoribus
1574 1592 1666 1631 nos-

261 1654 332 1692 tris
353 1653 574 1692 deferamus
591 1654 605 1691 ?

318 1721 455 1759 XVII.
490 1720 563 1758 Sed
580 1720 677 1773 quid
692 1733 765 1772 ego
782 1719 954 1772 disputo,
973 1733 1059 1772 quae
1076 1718 1179 1758 mihi
1196 1729 1298 1766 tum,
1316 1720 1343 1759 fi
1361 1721 1551 1761 Gaditani
1567 1735 1665 1762 con-

260 1796 318 1825 tra
337 1800 401 1825 me
422 1786 611 1831 dicerent,
636 1800 722 1824 vere
742 1785 846 1838 poffe
867 1785 946 1824 dici
967 1785 1222 1824 viderentur?
1246 1787 1331 1825 Illis
1353 1788 1461 1826 enim
1482 1798 1664 1842 repeten-

258 1854 365 1892 tibus
388 1853 438 1891 L.
463 1853 714 1898 Cornelium,
743 1852 1032 1906 responderem,
1064 1853 1195 1906 legem
1215 1854 1413 1907 populum
1434 1856 1665 1896 Romanum

253 1919 398 1972 juffiffe
424 1918 472 1957 de
499 1919 659 1958 civitate
686 1918 922 1958 tribuenda:
955 1917 1051 1958 huic
1080 1920 1215 1973 generi
1242 1920 1378 1973 legum
1409 1920 1556 1961 fundos
1588 1936 1662 1976 po-

258 1986 373 2039 pulos
395 1985 480 2024 fieri
501 1999 581 2023 non
603 1985 723 2024 solere
742 2000 751 2023 z
786 1987 863 2024 Cn.
889 1985 1128 2038 Pompeium
1149 1985 1195 2024 de
1215 1986 1369 2025 confilii
1391 1987 1582 2027 sententia
1601 1990 1661 2027 ci-

256 2054 420 2092 vitatem
440 2051 536 2091 huic
563 2052 732 2090 dedisse:
766 2051 925 2090 nullum
953 2052 1094 2104 populi
1121 2052 1241 2091 nostri
1263 2053 1413 2105 juffum
1443 2055 1660 2095 Gaditanos

256 2117 425 2158 habere:
459 2119 591 2172 itaque
623 2118 726 2156 nihil
757 2118 829 2156 effe
856 2118 1166 2164 sacrosanctum,
1199 2119 1307 2172 quod
1335 2120 1421 2173 lege
1448 2132 1660 2175 exceptum

255 2183 454 2223 videretur
473 2199 481 2223 :
515 2185 541 2223 fi
562 2184 653 2222 effet
669 2203 681 2229 ς
715 2193 846 2222 tamen
868 2185 909 2222 in
929 2183 1077 2223 foedere
1098 2184 1201 2223 nihil
1222 2185 1295 2223 effe
1315 2196 1492 2232 cautum,
1521 2198 1661 2240 praeter

255 2263 421 2303 pacem:
454 2250 634 2288 additum
665 2251 784 2288 etiam
811 2250 884 2289 effe
911 2251 1027 2297 illud,
1060 2261 1105 2290 ut
1133 2252 1372 2304 majestatem
1399 2253 1460 2292 illi
1489 2254 1659 2293 nostram

255 2317 478 2355 conservare
498 2317 713 2363 deberent3
745 2332 832 2370 quae
853 2328 957 2357 certe
978 2320 1242 2364 minueretur,
1276 2319 1301 2357 fi
1323 2329 1389 2357 aut
1409 2320 1656 2372 adjutoribus

255 2383 418 2421 illorum
440 2383 592 2421 civibus
615 2385 673 2422 uti
699 2384 740 2421 in
763 2375 876 2422 bellis
899 2385 1012 2422 nobis
1036 2399 1115 2423 non
1137 2385 1287 2430 liceret,
1320 2395 1386 2423 aut
1406 2387 1559 2438 praemii
1582 2387 1653 2424 tri-

254 2449 401 2488 buendi
422 2449 654 2502 potestatem
674 2449 827 2489 nullam
846 2449 1094 2489 haberemus.

1276 2518 1297 2555 S
1330 2530 1352 2556 2
