<?xml version="1.0" encoding="UTF-8"?>
<!DOCTYPE html PUBLIC "-//W3C//DTD XHTML 1.0 Transitional//EN"
    "http://www.w3.org/TR/xhtml1/DTD/xhtml1-transitional.dtd">
<html xmlns="http://www.w3.org/1999/xhtml" xml:lang="en" lang="en">
 <head>
  <title>
</title>
<meta http-equiv="Content-Type" content="text/html;charset=utf-8" />
  <meta name='ocr-system' content='tesseract 3.04.00' />
  <meta name='ocr-capabilities' content='ocr_page ocr_carea ocr_par ocr_line ocrx_word'/>
</head>
<body>
  <div class='ocr_page' id='page_1' title='image "./operacumindicibu06ciceuoft_0283.png"; bbox 0 0 2076 2860; ppageno 0'>
   <div class='ocr_carea' id='block_1_1' title="bbox 568 171 1707 224">
    <p class='ocr_par' dir='ltr' id='par_1_1' title="bbox 568 171 1707 224">
     <span class='ocr_line' id='line_1_1' title="bbox 568 171 1707 224; baseline -0.005 -10"><span class='ocrx_word' id='word_1_1' title='bbox 568 175 707 214; x_wconf 91' lang='lat' dir='ltr'><strong>PRO</strong></span> <span class='ocrx_word' id='word_1_2' title='bbox 769 173 967 213; x_wconf 90' lang='lat' dir='ltr'>REGE</span> <span class='ocrx_word' id='word_1_3' title='bbox 1027 171 1448 224; x_wconf 86' lang='lat' dir='ltr'>DEJOTARO.</span> <span class='ocrx_word' id='word_1_4' title='bbox 1633 184 1707 223; x_wconf 72' lang='lat'><strong>273</strong></span> 
     </span>
    </p>
   </div>
   <div class='ocr_carea' id='block_1_2' title="bbox 312 271 1716 2435">
    <p class='ocr_par' dir='ltr' id='par_1_2' title="bbox 312 271 1708 451">
     <span class='ocr_line' id='line_1_2' title="bbox 312 271 1708 330; baseline -0.005 -15"><span class='ocrx_word' id='word_1_5' title='bbox 312 277 417 330; x_wconf 83' lang='lat' dir='ltr'><strong>leges</strong></span> <span class='ocrx_word' id='word_1_6' title='bbox 434 306 444 322; x_wconf 95' lang='lat'><strong>,</strong></span> <span class='ocrx_word' id='word_1_7' title='bbox 478 276 691 329; x_wconf 83' lang='lat' dir='ltr'><strong>nullajura</strong></span> <span class='ocrx_word' id='word_1_8' title='bbox 711 274 946 314; x_wconf 85' lang='lat' dir='ltr'><strong>custodient.</strong></span> <span class='ocrx_word' id='word_1_9' title='bbox 986 274 1069 311; x_wconf 94' lang='lat' dir='ltr'><strong>Ubi</strong></span> <span class='ocrx_word' id='word_1_10' title='bbox 1090 274 1198 310; x_wconf 85' lang='lat' dir='ltr'><strong>enim</strong></span> <span class='ocrx_word' id='word_1_11' title='bbox 1220 272 1259 310; x_wconf 84' lang='lat' dir='ltr'><strong>id</strong></span> <span class='ocrx_word' id='word_1_12' title='bbox 1275 302 1285 317; x_wconf 90' lang='lat'><em>‚</em></span> <span class='ocrx_word' id='word_1_13' title='bbox 1318 271 1425 325; x_wconf 89' lang='lat' dir='ltr'><strong>quod</strong></span> <span class='ocrx_word' id='word_1_14' title='bbox 1447 272 1553 309; x_wconf 85' lang='lat' dir='ltr'><strong>intus</strong></span> <span class='ocrx_word' id='word_1_15' title='bbox 1575 271 1627 309; x_wconf 90' lang='lat' dir='ltr'><strong>est</strong></span> <span class='ocrx_word' id='word_1_16' title='bbox 1649 281 1708 309; x_wconf 83' lang='lat' dir='ltr'><strong>at-</strong></span> 
     </span>
     <span class='ocr_line' id='line_1_3' title="bbox 313 339 1707 395; baseline -0.004 -15"><span class='ocrx_word' id='word_1_17' title='bbox 313 357 390 395; x_wconf 90' lang='lat' dir='ltr'><strong>que</strong></span> <span class='ocrx_word' id='word_1_18' title='bbox 412 342 608 387; x_wconf 87' lang='lat' dir='ltr'><strong>nostrum,</strong></span> <span class='ocrx_word' id='word_1_19' title='bbox 641 343 806 394; x_wconf 87' lang='lat' dir='ltr'><strong>impune</strong></span> <span class='ocrx_word' id='word_1_20' title='bbox 826 341 977 378; x_wconf 84' lang='lat' dir='ltr'>evolare</span> <span class='ocrx_word' id='word_1_21' title='bbox 1001 339 1123 393; x_wconf 85' lang='lat' dir='ltr'><strong>potest</strong></span> <span class='ocrx_word' id='word_1_22' title='bbox 1137 369 1147 384; x_wconf 91' lang='lat'><strong>,</strong></span> <span class='ocrx_word' id='word_1_23' title='bbox 1180 348 1393 391; x_wconf 80' lang='lat' dir='ltr'>contraque</span> <span class='ocrx_word' id='word_1_24' title='bbox 1415 352 1485 376; x_wconf 88' lang='lat' dir='ltr'><strong>nos</strong></span> <span class='ocrx_word' id='word_1_25' title='bbox 1507 352 1680 391; x_wconf 82' lang='lat' dir='ltr'><strong>pugnare</strong></span> <span class='ocrx_word' id='word_1_26' title='bbox 1699 358 1707 380; x_wconf 83' lang='lat'><em>;</em></span> 
     </span>
     <span class='ocr_line' id='line_1_4' title="bbox 312 405 1390 451; baseline -0.004 -5"><span class='ocrx_word' id='word_1_27' title='bbox 312 409 358 446; x_wconf 90' lang='lat' dir='ltr'><strong>fit</strong></span> <span class='ocrx_word' id='word_1_28' title='bbox 380 409 419 445; x_wconf 88' lang='lat' dir='ltr'><strong>in</strong></span> <span class='ocrx_word' id='word_1_29' title='bbox 442 407 647 446; x_wconf 88' lang='lat' dir='ltr'><strong>dominatu</strong></span> <span class='ocrx_word' id='word_1_30' title='bbox 670 407 847 451; x_wconf 88' lang='lat' dir='ltr'><strong>servitus,</strong></span> <span class='ocrx_word' id='word_1_31' title='bbox 880 407 920 444; x_wconf 89' lang='lat' dir='ltr'><strong>in</strong></span> <span class='ocrx_word' id='word_1_32' title='bbox 943 406 1127 443; x_wconf 81' lang='lat' dir='ltr'><strong>servitute</strong></span> <span class='ocrx_word' id='word_1_33' title='bbox 1149 405 1390 443; x_wconf 83' lang='lat' dir='ltr'>dominatus.</span> 
     </span>
    </p>

    <p class='ocr_par' dir='ltr' id='par_1_3' title="bbox 370 471 1709 526">
     <span class='ocr_line' id='line_1_5' title="bbox 370 471 1709 526; baseline -0.002 -15"><span class='ocrx_word' id='word_1_34' title='bbox 370 474 407 511; x_wconf 92' lang='lat' dir='ltr'>O</span> <span class='ocrx_word' id='word_1_35' title='bbox 431 482 630 526; x_wconf 86' lang='lat' dir='ltr'><strong>tempora,</strong></span> <span class='ocrx_word' id='word_1_36' title='bbox 664 475 700 511; x_wconf 89' lang='lat' dir='ltr'>O</span> <span class='ocrx_word' id='word_1_37' title='bbox 724 472 876 511; x_wconf 83' lang='lat' dir='ltr'><strong>mores!</strong></span> <span class='ocrx_word' id='word_1_38' title='bbox 912 473 989 510; x_wconf 88' lang='lat' dir='ltr'><strong>Cn.</strong></span> <span class='ocrx_word' id='word_1_39' title='bbox 1014 471 1221 509; x_wconf 81' lang='lat' dir='ltr'>Domitius</span> <span class='ocrx_word' id='word_1_40' title='bbox 1243 471 1333 515; x_wconf 91' lang='lat' dir='ltr'><strong>ille,</strong></span> <span class='ocrx_word' id='word_1_41' title='bbox 1367 484 1487 522; x_wconf 87' lang='lat' dir='ltr'><strong>quem</strong></span> <span class='ocrx_word' id='word_1_42' title='bbox 1508 485 1577 508; x_wconf 87' lang='lat' dir='ltr'><strong>nos</strong></span> <span class='ocrx_word' id='word_1_43' title='bbox 1600 472 1709 523; x_wconf 81' lang='lat' dir='ltr'><strong>pueri</strong></span> 
     </span>
    </p>

    <p class='ocr_par' dir='ltr' id='par_1_4' title="bbox 312 536 1715 1515">
     <span class='ocr_line' id='line_1_6' title="bbox 312 536 1709 591; baseline -0.002 -15"><span class='ocrx_word' id='word_1_44' title='bbox 312 538 530 584; x_wconf 90' lang='lat' dir='ltr'><strong>consulem,</strong></span> <span class='ocrx_word' id='word_1_45' title='bbox 557 539 771 583; x_wconf 84' lang='lat' dir='ltr'><strong>censorem,</strong></span> <span class='ocrx_word' id='word_1_46' title='bbox 802 538 1035 591; x_wconf 88' lang='lat' dir='ltr'><strong>pontificem</strong></span> <span class='ocrx_word' id='word_1_47' title='bbox 1056 537 1278 574; x_wconf 85' lang='lat' dir='ltr'><strong>maximum</strong></span> <span class='ocrx_word' id='word_1_48' title='bbox 1299 536 1488 580; x_wconf 86' lang='lat' dir='ltr'><strong>vidimus,</strong></span> <span class='ocrx_word' id='word_1_49' title='bbox 1522 550 1615 574; x_wconf 89' lang='lat' dir='ltr'><strong>cum</strong></span> <span class='ocrx_word' id='word_1_50' title='bbox 1638 536 1709 573; x_wconf 88' lang='lat' dir='ltr'><strong>tri-</strong></span> 
     </span>
     <span class='ocr_line' id='line_1_7' title="bbox 314 602 1711 658; baseline -0.003 -15"><span class='ocrx_word' id='word_1_51' title='bbox 314 605 445 643; x_wconf 87' lang='lat' dir='ltr'><strong>bunus</strong></span> <span class='ocrx_word' id='word_1_52' title='bbox 477 604 603 658; x_wconf 85' lang='lat' dir='ltr'><strong>plebis</strong></span> <span class='ocrx_word' id='word_1_53' title='bbox 636 605 699 643; x_wconf 87' lang='lat' dir='ltr'><strong>M.</strong></span> <span class='ocrx_word' id='word_1_54' title='bbox 725 606 939 648; x_wconf 80' lang='lat' dir='ltr'>Scaurum,</span> <span class='ocrx_word' id='word_1_55' title='bbox 972 604 1193 656; x_wconf 85' lang='lat' dir='ltr'><strong>principem</strong></span> <span class='ocrx_word' id='word_1_56' title='bbox 1224 602 1421 646; x_wconf 83' lang='lat' dir='ltr'><strong>civitatis,</strong></span> <span class='ocrx_word' id='word_1_57' title='bbox 1453 602 1711 654; x_wconf 86' lang='lat' dir='ltr'><strong>injudicium</strong></span> 
     </span>
     <span class='ocr_line' id='line_1_8' title="bbox 314 668 1711 725; baseline -0.003 -15"><span class='ocrx_word' id='word_1_58' title='bbox 314 672 454 725; x_wconf 91' lang='lat' dir='ltr'><strong>populi</strong></span> <span class='ocrx_word' id='word_1_59' title='bbox 477 671 642 710; x_wconf 85' lang='lat' dir='ltr'><strong>vocaffet</strong></span> <span class='ocrx_word' id='word_1_60' title='bbox 657 702 668 717; x_wconf 88' lang='lat'>‚</span> <span class='ocrx_word' id='word_1_61' title='bbox 701 672 913 720; x_wconf 80' lang='lat' dir='ltr'><strong>Scaurique</strong></span> <span class='ocrx_word' id='word_1_62' title='bbox 933 671 1062 708; x_wconf 85' lang='lat' dir='ltr'><strong>servus</strong></span> <span class='ocrx_word' id='word_1_63' title='bbox 1083 670 1130 706; x_wconf 86' lang='lat' dir='ltr'><strong>ad</strong></span> <span class='ocrx_word' id='word_1_64' title='bbox 1159 683 1251 707; x_wconf 89' lang='lat' dir='ltr'><strong>eum</strong></span> <span class='ocrx_word' id='word_1_65' title='bbox 1272 669 1374 706; x_wconf 86' lang='lat' dir='ltr'><strong>clam</strong></span> <span class='ocrx_word' id='word_1_66' title='bbox 1396 668 1561 706; x_wconf 86' lang='lat' dir='ltr'><strong>domum</strong></span> <span class='ocrx_word' id='word_1_67' title='bbox 1582 669 1711 706; x_wconf 87' lang='lat' dir='ltr'><strong>venis-</strong></span> 
     </span>
     <span class='ocr_line' id='line_1_9' title="bbox 314 733 1710 786; baseline -0.003 -11"><span class='ocrx_word' id='word_1_68' title='bbox 314 737 383 782; x_wconf 84' lang='lat' dir='ltr'><strong>set,</strong></span> <span class='ocrx_word' id='word_1_69' title='bbox 406 746 444 775; x_wconf 90' lang='lat' dir='ltr'><strong>et</strong></span> <span class='ocrx_word' id='word_1_70' title='bbox 465 738 632 775; x_wconf 81' lang='lat' dir='ltr'><strong>crimina</strong></span> <span class='ocrx_word' id='word_1_71' title='bbox 654 738 693 775; x_wconf 88' lang='lat' dir='ltr'><strong>in</strong></span> <span class='ocrx_word' id='word_1_72' title='bbox 716 737 925 775; x_wconf 88' lang='lat' dir='ltr'><strong>dominum</strong></span> <span class='ocrx_word' id='word_1_73' title='bbox 946 736 1169 773; x_wconf 77' lang='lat' dir='ltr'><strong>delaturum</strong></span> <span class='ocrx_word' id='word_1_74' title='bbox 1191 734 1226 771; x_wconf 89' lang='lat' dir='ltr'><strong>se</strong></span> <span class='ocrx_word' id='word_1_75' title='bbox 1246 733 1319 772; x_wconf 86' lang='lat' dir='ltr'><strong>effe</strong></span> <span class='ocrx_word' id='word_1_76' title='bbox 1339 734 1515 778; x_wconf 52' lang='lat' dir='ltr'><strong>dixissen</strong></span> <span class='ocrx_word' id='word_1_77' title='bbox 1538 733 1710 786; x_wconf 86' lang='lat' dir='ltr'><strong>prehen-</strong></span> 
     </span>
     <span class='ocr_line' id='line_1_10' title="bbox 314 800 1710 856; baseline -0.003 -14"><span class='ocrx_word' id='word_1_78' title='bbox 314 803 354 842; x_wconf 91' lang='lat' dir='ltr'><strong>di</strong></span> <span class='ocrx_word' id='word_1_79' title='bbox 375 803 582 842; x_wconf 82' lang='lat' dir='ltr'><strong>hominem</strong></span> <span class='ocrx_word' id='word_1_80' title='bbox 597 804 728 856; x_wconf 86' lang='lat' dir='ltr'><strong>juffit,</strong></span> <span class='ocrx_word' id='word_1_81' title='bbox 760 803 807 841; x_wconf 90' lang='lat' dir='ltr'><strong>ad</strong></span> <span class='ocrx_word' id='word_1_82' title='bbox 829 804 1097 854; x_wconf 81' lang='lat' dir='ltr'><strong>Scaurumque</strong></span> <span class='ocrx_word' id='word_1_83' title='bbox 1118 800 1274 838; x_wconf 90' lang='lat' dir='ltr'><strong>deduci.</strong></span> <span class='ocrx_word' id='word_1_84' title='bbox 1308 800 1430 845; x_wconf 84' lang='lat' dir='ltr'><strong>Vide,</strong></span> <span class='ocrx_word' id='word_1_85' title='bbox 1463 800 1561 852; x_wconf 89' lang='lat' dir='ltr'><strong>quid</strong></span> <span class='ocrx_word' id='word_1_86' title='bbox 1587 801 1710 839; x_wconf 87' lang='lat' dir='ltr'><strong>inter-</strong></span> 
     </span>
     <span class='ocr_line' id='line_1_11' title="bbox 315 866 1712 922; baseline -0.002 -14"><span class='ocrx_word' id='word_1_87' title='bbox 315 870 387 908; x_wconf 87' lang='lat' dir='ltr'><strong>fit:</strong></span> <span class='ocrx_word' id='word_1_88' title='bbox 421 870 487 908; x_wconf 89' lang='lat' dir='ltr'><strong>ets1</strong></span> <span class='ocrx_word' id='word_1_89' title='bbox 518 871 654 922; x_wconf 90' lang='lat' dir='ltr'><strong>inique</strong></span> <span class='ocrx_word' id='word_1_90' title='bbox 685 869 883 907; x_wconf 83' lang='lat' dir='ltr'><strong>Castorem</strong></span> <span class='ocrx_word' id='word_1_91' title='bbox 914 882 1008 906; x_wconf 88' lang='lat' dir='ltr'><strong>cum</strong></span> <span class='ocrx_word' id='word_1_92' title='bbox 1038 867 1222 906; x_wconf 88' lang='lat' dir='ltr'><strong>Domitio</strong></span> <span class='ocrx_word' id='word_1_93' title='bbox 1243 880 1455 919; x_wconf 84' lang='lat' dir='ltr'><strong>comparo:</strong></span> <span class='ocrx_word' id='word_1_94' title='bbox 1489 866 1552 904; x_wconf 89' lang='lat' dir='ltr'><strong>sed</strong></span> <span class='ocrx_word' id='word_1_95' title='bbox 1581 876 1712 905; x_wconf 85' lang='lat' dir='ltr'><strong>tamen</strong></span> 
     </span>
     <span class='ocr_line' id='line_1_12' title="bbox 315 932 1711 986; baseline -0.001 -13"><span class='ocrx_word' id='word_1_96' title='bbox 315 936 382 973; x_wconf 90' lang='lat' dir='ltr'><strong>ille</strong></span> <span class='ocrx_word' id='word_1_97' title='bbox 402 936 569 974; x_wconf 89' lang='lat' dir='ltr'><strong>inimico</strong></span> <span class='ocrx_word' id='word_1_98' title='bbox 590 936 742 974; x_wconf 87' lang='lat' dir='ltr'><strong>servum</strong></span> <span class='ocrx_word' id='word_1_99' title='bbox 763 935 922 979; x_wconf 82' lang='lat' dir='ltr'><strong>remifit,</strong></span> <span class='ocrx_word' id='word_1_100' title='bbox 947 944 989 972; x_wconf 90' lang='lat' dir='ltr'><strong>tu</strong></span> <span class='ocrx_word' id='word_1_101' title='bbox 1012 934 1058 971; x_wconf 88' lang='lat' dir='ltr'><strong>ab</strong></span> <span class='ocrx_word' id='word_1_102' title='bbox 1080 947 1150 972; x_wconf 85' lang='lat' dir='ltr'><strong>avo</strong></span> <span class='ocrx_word' id='word_1_103' title='bbox 1171 933 1388 971; x_wconf 87' lang='lat' dir='ltr'><strong>abduxisti:</strong></span> <span class='ocrx_word' id='word_1_104' title='bbox 1414 932 1480 971; x_wconf 90' lang='lat' dir='ltr'><strong>ille</strong></span> <span class='ocrx_word' id='word_1_105' title='bbox 1501 934 1711 986; x_wconf 87' lang='lat' dir='ltr'><strong>incorrup-</strong></span> 
     </span>
     <span class='ocr_line' id='line_1_13' title="bbox 315 999 1713 1053; baseline -0.001 -13"><span class='ocrx_word' id='word_1_106' title='bbox 315 1002 556 1042; x_wconf 14' lang='lat' dir='ltr'><strong>tumraudire</strong></span> <span class='ocrx_word' id='word_1_107' title='bbox 578 1002 721 1047; x_wconf 90' lang='lat' dir='ltr'><strong>noluit,</strong></span> <span class='ocrx_word' id='word_1_108' title='bbox 746 1011 788 1039; x_wconf 92' lang='lat' dir='ltr'><strong>tu</strong></span> <span class='ocrx_word' id='word_1_109' title='bbox 811 1000 1042 1053; x_wconf 87' lang='lat' dir='ltr'><strong>corrupisti:</strong></span> <span class='ocrx_word' id='word_1_110' title='bbox 1075 1000 1142 1038; x_wconf 90' lang='lat' dir='ltr'><strong>ille</strong></span> <span class='ocrx_word' id='word_1_111' title='bbox 1162 1000 1381 1052; x_wconf 85' lang='lat' dir='ltr'><strong>adjutorem</strong></span> <span class='ocrx_word' id='word_1_112' title='bbox 1404 999 1555 1039; x_wconf 87' lang='lat' dir='ltr'><strong>servum</strong></span> <span class='ocrx_word' id='word_1_113' title='bbox 1578 1008 1713 1039; x_wconf 88' lang='lat' dir='ltr'><strong>contra</strong></span> 
     </span>
     <span class='ocr_line' id='line_1_14' title="bbox 315 1065 1527 1120; baseline -0.001 -14"><span class='ocrx_word' id='word_1_114' title='bbox 315 1067 525 1108; x_wconf 87' lang='lat' dir='ltr'><strong>dominum</strong></span> <span class='ocrx_word' id='word_1_115' title='bbox 546 1068 780 1120; x_wconf 88' lang='lat' dir='ltr'><strong>repudiavit,</strong></span> <span class='ocrx_word' id='word_1_116' title='bbox 812 1078 856 1105; x_wconf 90' lang='lat' dir='ltr'><strong>tu</strong></span> <span class='ocrx_word' id='word_1_117' title='bbox 877 1067 996 1106; x_wconf 86' lang='lat' dir='ltr'><strong>etiam</strong></span> <span class='ocrx_word' id='word_1_118' title='bbox 1016 1065 1279 1104; x_wconf 81' lang='lat' dir='ltr'><strong>accusatorem</strong></span> <span class='ocrx_word' id='word_1_119' title='bbox 1300 1065 1527 1105; x_wconf 87' lang='lat' dir='ltr'>adhibuisti.</span> 
     </span>
     <span class='ocr_line' id='line_1_15' title="bbox 322 1132 1711 1186; baseline -0.002 -11"><span class='ocrx_word' id='word_1_120' title='bbox 322 1169 330 1175; x_wconf 88' lang='lat'><em>.</em></span> <span class='ocrx_word' id='word_1_121' title='bbox 357 1134 565 1175; x_wconf 59' lang='lat' dir='ltr'><strong>,Ansemel</strong></span> <span class='ocrx_word' id='word_1_122' title='bbox 587 1134 655 1174; x_wconf 89' lang='lat' dir='ltr'><strong>iste</strong></span> <span class='ocrx_word' id='word_1_123' title='bbox 676 1134 729 1172; x_wconf 89' lang='lat' dir='ltr'><strong>est</strong></span> <span class='ocrx_word' id='word_1_124' title='bbox 750 1142 959 1186; x_wconf 88' lang='lat' dir='ltr'><strong>corruptus</strong></span> <span class='ocrx_word' id='word_1_125' title='bbox 980 1146 1001 1170; x_wconf 91' lang='lat' dir='ltr'><strong>a</strong></span> <span class='ocrx_word' id='word_1_126' title='bbox 1021 1132 1132 1170; x_wconf 88' lang='lat' dir='ltr'><strong>vobis</strong></span> <span class='ocrx_word' id='word_1_127' title='bbox 1152 1133 1165 1170; x_wconf 86' lang='lat'>?</span> <span class='ocrx_word' id='word_1_128' title='bbox 1198 1133 1360 1177; x_wconf 85' lang='lat' dir='ltr'><strong>Nonne,</strong></span> <span class='ocrx_word' id='word_1_129' title='bbox 1385 1146 1477 1170; x_wconf 87' lang='lat' dir='ltr'><strong>cum</strong></span> <span class='ocrx_word' id='word_1_130' title='bbox 1499 1133 1588 1171; x_wconf 85' lang='lat' dir='ltr'><strong>effet</strong></span> <span class='ocrx_word' id='word_1_131' title='bbox 1618 1147 1711 1186; x_wconf 89' lang='lat' dir='ltr'><strong>pro-</strong></span> 
     </span>
     <span class='ocr_line' id='line_1_16' title="bbox 314 1197 1715 1250; baseline 0 -13"><span class='ocrx_word' id='word_1_132' title='bbox 314 1199 470 1244; x_wconf 62' lang='lat' dir='ltr'><strong>duetus,</strong></span> <span class='ocrx_word' id='word_1_133' title='bbox 493 1210 531 1238; x_wconf 88' lang='lat' dir='ltr'><strong>et</strong></span> <span class='ocrx_word' id='word_1_134' title='bbox 551 1213 645 1238; x_wconf 88' lang='lat' dir='ltr'><strong>cum</strong></span> <span class='ocrx_word' id='word_1_135' title='bbox 667 1210 800 1238; x_wconf 90' lang='lat' dir='ltr'><strong>tecum</strong></span> <span class='ocrx_word' id='word_1_136' title='bbox 822 1199 967 1244; x_wconf 87' lang='lat' dir='ltr'><strong>fuisset,</strong></span> <span class='ocrx_word' id='word_1_137' title='bbox 995 1197 1142 1250; x_wconf 86' lang='lat' dir='ltr'><strong>refugit</strong></span> <span class='ocrx_word' id='word_1_138' title='bbox 1162 1197 1208 1236; x_wconf 83' lang='lat' dir='ltr'><strong>ad</strong></span> <span class='ocrx_word' id='word_1_139' title='bbox 1228 1198 1377 1250; x_wconf 87' lang='lat' dir='ltr'><strong>legatos</strong></span> <span class='ocrx_word' id='word_1_140' title='bbox 1397 1199 1410 1236; x_wconf 83' lang='lat'>?</span> <span class='ocrx_word' id='word_1_141' title='bbox 1444 1212 1574 1236; x_wconf 86' lang='lat' dir='ltr'><strong>nonne</strong></span> <span class='ocrx_word' id='word_1_142' title='bbox 1595 1200 1715 1238; x_wconf 87' lang='lat' dir='ltr'><strong>etiam</strong></span> 
     </span>
     <span class='ocr_line' id='line_1_17' title="bbox 314 1264 1713 1316; baseline 0 -12"><span class='ocrx_word' id='word_1_143' title='bbox 314 1265 361 1304; x_wconf 91' lang='lat' dir='ltr'><strong>ad</strong></span> <span class='ocrx_word' id='word_1_144' title='bbox 382 1265 491 1316; x_wconf 79' lang='lat' dir='ltr'><strong>hunc</strong></span> <span class='ocrx_word' id='word_1_145' title='bbox 513 1268 590 1304; x_wconf 91' lang='lat' dir='ltr'><strong>Cn.</strong></span> <span class='ocrx_word' id='word_1_146' title='bbox 614 1267 846 1304; x_wconf 89' lang='lat' dir='ltr'><strong>Domitium</strong></span> <span class='ocrx_word' id='word_1_147' title='bbox 867 1266 1003 1303; x_wconf 87' lang='lat' dir='ltr'><strong>venit?</strong></span> <span class='ocrx_word' id='word_1_148' title='bbox 1027 1279 1172 1310; x_wconf 88' lang='lat' dir='ltr'><strong>nonne,</strong></span> <span class='ocrx_word' id='word_1_149' title='bbox 1195 1265 1377 1303; x_wconf 87' lang='lat' dir='ltr'><strong>audiente</strong></span> <span class='ocrx_word' id='word_1_150' title='bbox 1397 1264 1475 1303; x_wconf 91' lang='lat' dir='ltr'><strong>hoc</strong></span> <span class='ocrx_word' id='word_1_151' title='bbox 1497 1266 1602 1304; x_wconf 87' lang='lat' dir='ltr'><strong>Serv.</strong></span> <span class='ocrx_word' id='word_1_152' title='bbox 1623 1266 1713 1304; x_wconf 89' lang='lat' dir='ltr'><strong>Sul-</strong></span> 
     </span>
     <span class='ocr_line' id='line_1_18' title="bbox 315 1331 1713 1385; baseline 0.001 -16"><span class='ocrx_word' id='word_1_153' title='bbox 315 1332 438 1385; x_wconf 89' lang='lat' dir='ltr'><strong>picio,</strong></span> <span class='ocrx_word' id='word_1_154' title='bbox 469 1331 678 1370; x_wconf 84' lang='lat' dir='ltr'><strong>clariffimo</strong></span> <span class='ocrx_word' id='word_1_155' title='bbox 700 1332 797 1376; x_wconf 88' lang='lat' dir='ltr'><strong>viro,</strong></span> <span class='ocrx_word' id='word_1_156' title='bbox 831 1331 901 1383; x_wconf 90' lang='lat' dir='ltr'><strong>qui</strong></span> <span class='ocrx_word' id='word_1_157' title='bbox 923 1341 1010 1368; x_wconf 89' lang='lat' dir='ltr'><strong>tum</strong></span> <span class='ocrx_word' id='word_1_158' title='bbox 1031 1331 1118 1368; x_wconf 89' lang='lat' dir='ltr'><strong>casu</strong></span> <span class='ocrx_word' id='word_1_159' title='bbox 1139 1331 1243 1383; x_wconf 88' lang='lat' dir='ltr'><strong>apud</strong></span> <span class='ocrx_word' id='word_1_160' title='bbox 1266 1331 1496 1369; x_wconf 77' lang='lat' dir='ltr'><strong>DomitIum</strong></span> <span class='ocrx_word' id='word_1_161' title='bbox 1517 1332 1713 1378; x_wconf 71' lang='lat' dir='ltr'><strong>coenabat,</strong></span> 
     </span>
     <span class='ocr_line' id='line_1_19' title="bbox 316 1396 1712 1451; baseline 0 -15"><span class='ocrx_word' id='word_1_162' title='bbox 316 1407 356 1436; x_wconf 89' lang='lat' dir='ltr'><strong>et</strong></span> <span class='ocrx_word' id='word_1_163' title='bbox 375 1397 452 1436; x_wconf 88' lang='lat' dir='ltr'><strong>hoc</strong></span> <span class='ocrx_word' id='word_1_164' title='bbox 474 1399 527 1436; x_wconf 92' lang='lat' dir='ltr'><strong>T.</strong></span> <span class='ocrx_word' id='word_1_165' title='bbox 552 1399 758 1450; x_wconf 80' lang='lat' dir='ltr'><strong>Torquato</strong></span> <span class='ocrx_word' id='word_1_166' title='bbox 774 1427 784 1443; x_wconf 95' lang='lat'><strong>,</strong></span> <span class='ocrx_word' id='word_1_167' title='bbox 817 1397 971 1450; x_wconf 89' lang='lat' dir='ltr'><strong>optimo</strong></span> <span class='ocrx_word' id='word_1_168' title='bbox 992 1397 1235 1435; x_wconf 86' lang='lat' dir='ltr'><strong>adolescente</strong></span> <span class='ocrx_word' id='word_1_169' title='bbox 1250 1426 1260 1441; x_wconf 92' lang='lat'><strong>,</strong></span> <span class='ocrx_word' id='word_1_170' title='bbox 1293 1396 1329 1434; x_wconf 89' lang='lat' dir='ltr'><strong>se</strong></span> <span class='ocrx_word' id='word_1_171' title='bbox 1354 1410 1374 1434; x_wconf 93' lang='lat' dir='ltr'><strong>a</strong></span> <span class='ocrx_word' id='word_1_172' title='bbox 1396 1406 1432 1435; x_wconf 91' lang='lat' dir='ltr'><strong>te</strong></span> <span class='ocrx_word' id='word_1_173' title='bbox 1453 1408 1685 1451; x_wconf 85' lang='lat' dir='ltr'><strong>corruptum</strong></span> <span class='ocrx_word' id='word_1_174' title='bbox 1701 1428 1712 1443; x_wconf 96' lang='lat'><strong>,</strong></span> 
     </span>
     <span class='ocr_line' id='line_1_20' title="bbox 317 1461 1553 1515; baseline -0.002 -13"><span class='ocrx_word' id='word_1_175' title='bbox 317 1463 395 1502; x_wconf 89' lang='lat' dir='ltr'><strong>tuis</strong></span> <span class='ocrx_word' id='word_1_176' title='bbox 418 1463 611 1515; x_wconf 80' lang='lat' dir='ltr'><strong>promifiis</strong></span> <span class='ocrx_word' id='word_1_177' title='bbox 634 1463 674 1500; x_wconf 89' lang='lat' dir='ltr'><strong>in</strong></span> <span class='ocrx_word' id='word_1_178' title='bbox 696 1462 875 1501; x_wconf 88' lang='lat' dir='ltr'><strong>fraudem</strong></span> <span class='ocrx_word' id='word_1_179' title='bbox 896 1462 1128 1514; x_wconf 88' lang='lat' dir='ltr'><strong>impulsum,</strong></span> <span class='ocrx_word' id='word_1_180' title='bbox 1159 1462 1233 1500; x_wconf 85' lang='lat' dir='ltr'><strong>effe</strong></span> <span class='ocrx_word' id='word_1_181' title='bbox 1253 1461 1446 1500; x_wconf 76' lang='lat' dir='ltr'><strong>confessus</strong></span> <span class='ocrx_word' id='word_1_182' title='bbox 1468 1462 1520 1500; x_wconf 89' lang='lat' dir='ltr'><strong>est</strong></span> <span class='ocrx_word' id='word_1_183' title='bbox 1540 1464 1553 1500; x_wconf 91' lang='lat'>?</span> 
     </span>
    </p>

    <p class='ocr_par' dir='ltr' id='par_1_5' title="bbox 315 1528 1716 2435">
     <span class='ocr_line' id='line_1_21' title="bbox 373 1528 1714 1580; baseline -0.001 -12"><span class='ocrx_word' id='word_1_184' title='bbox 373 1530 469 1568; x_wconf 92' lang='lat' dir='ltr'>XII.</span> <span class='ocrx_word' id='word_1_185' title='bbox 504 1530 603 1580; x_wconf 77' lang='lat' dir='ltr'><strong>Qae</strong></span> <span class='ocrx_word' id='word_1_186' title='bbox 624 1529 677 1567; x_wconf 89' lang='lat' dir='ltr'><strong>est</strong></span> <span class='ocrx_word' id='word_1_187' title='bbox 697 1529 766 1566; x_wconf 84' lang='lat' dir='ltr'><strong>ista</strong></span> <span class='ocrx_word' id='word_1_188' title='bbox 787 1538 866 1566; x_wconf 82' lang='lat' dir='ltr'><strong>tam</strong></span> <span class='ocrx_word' id='word_1_189' title='bbox 888 1528 1113 1580; x_wconf 80' lang='lat' dir='ltr'><strong>impudens,</strong></span> <span class='ocrx_word' id='word_1_190' title='bbox 1147 1537 1226 1565; x_wconf 87' lang='lat' dir='ltr'><strong>tam</strong></span> <span class='ocrx_word' id='word_1_191' title='bbox 1248 1528 1433 1572; x_wconf 83' lang='lat' dir='ltr'><strong>crudelis,</strong></span> <span class='ocrx_word' id='word_1_192' title='bbox 1464 1539 1543 1567; x_wconf 81' lang='lat' dir='ltr'><strong>tam</strong></span> <span class='ocrx_word' id='word_1_193' title='bbox 1564 1529 1714 1567; x_wconf 90' lang='lat' dir='ltr'><strong>immo-</strong></span> 
     </span>
     <span class='ocr_line' id='line_1_22' title="bbox 315 1594 1711 1648; baseline -0.001 -14"><span class='ocrx_word' id='word_1_194' title='bbox 315 1596 444 1634; x_wconf 88' lang='lat' dir='ltr'><strong>derata</strong></span> <span class='ocrx_word' id='word_1_195' title='bbox 464 1595 731 1633; x_wconf 84' lang='lat' dir='ltr'><strong>inhumanitas</strong></span> <span class='ocrx_word' id='word_1_196' title='bbox 751 1596 763 1632; x_wconf 90' lang='lat'>?</span> <span class='ocrx_word' id='word_1_197' title='bbox 797 1595 951 1633; x_wconf 86' lang='lat' dir='ltr'><strong>Idcirco</strong></span> <span class='ocrx_word' id='word_1_198' title='bbox 973 1595 1013 1632; x_wconf 92' lang='lat' dir='ltr'><strong>in</strong></span> <span class='ocrx_word' id='word_1_199' title='bbox 1035 1594 1136 1632; x_wconf 88' lang='lat' dir='ltr'><strong>hanc</strong></span> <span class='ocrx_word' id='word_1_200' title='bbox 1159 1594 1298 1632; x_wconf 87' lang='lat' dir='ltr'><strong>urbem</strong></span> <span class='ocrx_word' id='word_1_201' title='bbox 1320 1594 1482 1640; x_wconf 87' lang='lat' dir='ltr'><strong>venisti,</strong></span> <span class='ocrx_word' id='word_1_202' title='bbox 1520 1604 1565 1633; x_wconf 90' lang='lat' dir='ltr'><strong>ut</strong></span> <span class='ocrx_word' id='word_1_203' title='bbox 1590 1594 1711 1648; x_wconf 90' lang='lat' dir='ltr'><strong>hujus</strong></span> 
     </span>
     <span class='ocr_line' id='line_1_23' title="bbox 319 1661 1716 1714; baseline 0 -14"><span class='ocrx_word' id='word_1_204' title='bbox 319 1663 427 1701; x_wconf 90' lang='lat' dir='ltr'><strong>urbis</strong></span> <span class='ocrx_word' id='word_1_205' title='bbox 444 1663 534 1714; x_wconf 86' lang='lat' dir='ltr'><strong>jura</strong></span> <span class='ocrx_word' id='word_1_206' title='bbox 560 1671 598 1700; x_wconf 92' lang='lat' dir='ltr'><strong>et</strong></span> <span class='ocrx_word' id='word_1_207' title='bbox 623 1662 804 1714; x_wconf 86' lang='lat' dir='ltr'><strong>exempla</strong></span> <span class='ocrx_word' id='word_1_208' title='bbox 824 1675 1093 1713; x_wconf 86' lang='lat' dir='ltr'><strong>corrumperes</strong></span> <span class='ocrx_word' id='word_1_209' title='bbox 1110 1691 1120 1706; x_wconf 93' lang='lat'>‚</span> <span class='ocrx_word' id='word_1_210' title='bbox 1152 1661 1441 1714; x_wconf 85' lang='lat' dir='ltr'><strong>domesticaque</strong></span> <span class='ocrx_word' id='word_1_211' title='bbox 1469 1662 1716 1700; x_wconf 86' lang='lat' dir='ltr'><strong>immanitate</strong></span> 
     </span>
     <span class='ocr_line' id='line_1_24' title="bbox 318 1728 1712 1782; baseline 0.001 -16"><span class='ocrx_word' id='word_1_212' title='bbox 318 1729 542 1782; x_wconf 88' lang='lat' dir='ltr'><strong>inquinares</strong></span> <span class='ocrx_word' id='word_1_213' title='bbox 563 1730 575 1766; x_wconf 89' lang='lat'>?</span> <span class='ocrx_word' id='word_1_214' title='bbox 607 1730 664 1766; x_wconf 89' lang='lat' dir='ltr'><strong>At</strong></span> <span class='ocrx_word' id='word_1_215' title='bbox 685 1742 805 1780; x_wconf 85' lang='lat' dir='ltr'><strong>quam</strong></span> <span class='ocrx_word' id='word_1_216' title='bbox 825 1738 937 1767; x_wconf 88' lang='lat' dir='ltr'><strong>acute</strong></span> <span class='ocrx_word' id='word_1_217' title='bbox 959 1728 1123 1766; x_wconf 63' lang='lat' dir='ltr'><strong>collecta</strong></span> <span class='ocrx_word' id='word_1_218' title='bbox 1142 1728 1310 1766; x_wconf 87' lang='lat' dir='ltr'><strong>crimina</strong></span> <span class='ocrx_word' id='word_1_219' title='bbox 1328 1730 1341 1766; x_wconf 72' lang='grc' dir='ltr'><strong><em>ἓ</em></strong></span> <span class='ocrx_word' id='word_1_220' title='bbox 1375 1728 1589 1766; x_wconf 83' lang='lat' dir='ltr'><strong>Blesamius</strong></span> <span class='ocrx_word' id='word_1_221' title='bbox 1604 1758 1616 1774; x_wconf 89' lang='lat'><strong>,</strong></span> <span class='ocrx_word' id='word_1_222' title='bbox 1648 1729 1712 1767; x_wconf 88' lang='lat' dir='ltr'><strong>in-</strong></span> 
     </span>
     <span class='ocr_line' id='line_1_25' title="bbox 318 1793 1712 1848; baseline 0.001 -16"><span class='ocrx_word' id='word_1_223' title='bbox 318 1796 429 1848; x_wconf 87' lang='lat' dir='ltr'><strong>quit,</strong></span> <span class='ocrx_word' id='word_1_224' title='bbox 465 1796 565 1847; x_wconf 80' lang='lat' dir='ltr'><strong>(ejus</strong></span> <span class='ocrx_word' id='word_1_225' title='bbox 594 1796 702 1832; x_wconf 90' lang='lat' dir='ltr'><strong>enim</strong></span> <span class='ocrx_word' id='word_1_226' title='bbox 729 1795 914 1839; x_wconf 90' lang='lat' dir='ltr'><strong>nomine,</strong></span> <span class='ocrx_word' id='word_1_227' title='bbox 947 1794 1091 1846; x_wconf 89' lang='lat' dir='ltr'><strong>optimi</strong></span> <span class='ocrx_word' id='word_1_228' title='bbox 1123 1793 1324 1839; x_wconf 86' lang='lat' dir='ltr'><strong>hominis,</strong></span> <span class='ocrx_word' id='word_1_229' title='bbox 1358 1808 1428 1832; x_wconf 87' lang='lat' dir='ltr'><strong>nec</strong></span> <span class='ocrx_word' id='word_1_230' title='bbox 1457 1794 1532 1832; x_wconf 90' lang='lat' dir='ltr'><strong>tibi</strong></span> <span class='ocrx_word' id='word_1_231' title='bbox 1560 1795 1712 1847; x_wconf 85' lang='lat' dir='ltr'><strong>ignoti,</strong></span> 
     </span>
     <span class='ocr_line' id='line_1_26' title="bbox 319 1860 1711 1914; baseline 0.001 -14"><span class='ocrx_word' id='word_1_232' title='bbox 319 1861 578 1900; x_wconf 84' lang='lat' dir='ltr'><strong>maledicebat</strong></span> <span class='ocrx_word' id='word_1_233' title='bbox 601 1861 700 1911; x_wconf 87' lang='lat' dir='ltr'><strong>tibi)</strong></span> <span class='ocrx_word' id='word_1_234' title='bbox 724 1861 770 1899; x_wconf 85' lang='lat' dir='ltr'><strong>ad</strong></span> <span class='ocrx_word' id='word_1_235' title='bbox 792 1875 925 1914; x_wconf 83' lang='lat' dir='ltr'><strong>regem</strong></span> <span class='ocrx_word' id='word_1_236' title='bbox 946 1860 1111 1899; x_wconf 87' lang='lat' dir='ltr'><strong>scribere</strong></span> <span class='ocrx_word' id='word_1_237' title='bbox 1132 1860 1294 1907; x_wconf 88' lang='lat' dir='ltr'><strong>solebat,</strong></span> <span class='ocrx_word' id='word_1_238' title='bbox 1326 1870 1364 1899; x_wconf 91' lang='lat' dir='ltr'><strong>te</strong></span> <span class='ocrx_word' id='word_1_239' title='bbox 1386 1861 1426 1899; x_wconf 89' lang='lat' dir='ltr'><strong>in</strong></span> <span class='ocrx_word' id='word_1_240' title='bbox 1447 1860 1595 1899; x_wconf 87' lang='lat' dir='ltr'><strong>invidia</strong></span> <span class='ocrx_word' id='word_1_241' title='bbox 1614 1862 1711 1901; x_wconf 84' lang='lat' dir='ltr'><strong>effe:</strong></span> 
     </span>
     <span class='ocr_line' id='line_1_27' title="bbox 316 1926 1714 1980; baseline 0.001 -14"><span class='ocrx_word' id='word_1_242' title='bbox 316 1937 530 1979; x_wconf 85' lang='lat' dir='ltr'><strong>tyrannum</strong></span> <span class='ocrx_word' id='word_1_243' title='bbox 561 1926 773 1965; x_wconf 85' lang='lat' dir='ltr'><strong>existimari</strong></span> <span class='ocrx_word' id='word_1_244' title='bbox 793 1943 801 1965; x_wconf 95' lang='grc'>;</span> <span class='ocrx_word' id='word_1_245' title='bbox 835 1927 956 1965; x_wconf 84' lang='lat' dir='ltr'><strong>statua</strong></span> <span class='ocrx_word' id='word_1_246' title='bbox 975 1927 1078 1964; x_wconf 86' lang='lat' dir='ltr'><strong>inter</strong></span> <span class='ocrx_word' id='word_1_247' title='bbox 1097 1940 1206 1979; x_wconf 87' lang='lat' dir='ltr'><strong>reges</strong></span> <span class='ocrx_word' id='word_1_248' title='bbox 1227 1927 1374 1980; x_wconf 80' lang='lat' dir='ltr'><strong>posita,</strong></span> <span class='ocrx_word' id='word_1_249' title='bbox 1406 1928 1557 1966; x_wconf 85' lang='lat' dir='ltr'><strong>animos</strong></span> <span class='ocrx_word' id='word_1_250' title='bbox 1579 1926 1714 1967; x_wconf 86' lang='lat' dir='ltr'><strong>homi-</strong></span> 
     </span>
     <span class='ocr_line' id='line_1_28' title="bbox 317 1993 1713 2046; baseline 0 -13"><span class='ocrx_word' id='word_1_251' title='bbox 317 2008 417 2034; x_wconf 86' lang='lat' dir='ltr'><strong>num</strong></span> <span class='ocrx_word' id='word_1_252' title='bbox 438 1993 690 2033; x_wconf 85' lang='lat' dir='ltr'><strong>vehementer</strong></span> <span class='ocrx_word' id='word_1_253' title='bbox 709 1993 875 2032; x_wconf 84' lang='lat' dir='ltr'><strong>offensos</strong></span> <span class='ocrx_word' id='word_1_254' title='bbox 896 2009 904 2032; x_wconf 75' lang='grc' dir='ltr'>ε</span> <span class='ocrx_word' id='word_1_255' title='bbox 938 1993 1071 2046; x_wconf 92' lang='lat' dir='ltr'><strong>plaudi</strong></span> <span class='ocrx_word' id='word_1_256' title='bbox 1094 1994 1168 2031; x_wconf 87' lang='lat' dir='ltr'><strong>tibi</strong></span> <span class='ocrx_word' id='word_1_257' title='bbox 1190 2007 1268 2032; x_wconf 90' lang='lat' dir='ltr'><strong>non</strong></span> <span class='ocrx_word' id='word_1_258' title='bbox 1291 1993 1424 2032; x_wconf 87' lang='lat' dir='ltr'><strong>solere.</strong></span> <span class='ocrx_word' id='word_1_259' title='bbox 1473 1995 1620 2033; x_wconf 89' lang='lat' dir='ltr'><strong>Nonne</strong></span> <span class='ocrx_word' id='word_1_260' title='bbox 1650 1996 1713 2033; x_wconf 86' lang='lat' dir='ltr'><strong>in-</strong></span> 
     </span>
     <span class='ocr_line' id='line_1_29' title="bbox 317 2060 1714 2113; baseline 0.001 -14"><span class='ocrx_word' id='word_1_261' title='bbox 317 2061 482 2113; x_wconf 84' lang='lat' dir='ltr'><strong>telligis,</strong></span> <span class='ocrx_word' id='word_1_262' title='bbox 515 2060 654 2106; x_wconf 87' lang='lat' dir='ltr'><strong>Caesar,</strong></span> <span class='ocrx_word' id='word_1_263' title='bbox 687 2075 734 2098; x_wconf 85' lang='lat' dir='ltr'><strong>ex</strong></span> <span class='ocrx_word' id='word_1_264' title='bbox 767 2061 924 2098; x_wconf 87' lang='lat' dir='ltr'><strong>urbanis</strong></span> <span class='ocrx_word' id='word_1_265' title='bbox 954 2060 1238 2098; x_wconf 86' lang='lat' dir='ltr'><strong>malevolorum</strong></span> <span class='ocrx_word' id='word_1_266' title='bbox 1269 2060 1528 2099; x_wconf 80' lang='lat' dir='ltr'><strong>sermunculis</strong></span> <span class='ocrx_word' id='word_1_267' title='bbox 1557 2060 1639 2100; x_wconf 81' lang='lat' dir='ltr'><strong>haec</strong></span> <span class='ocrx_word' id='word_1_268' title='bbox 1666 2062 1714 2100; x_wconf 89' lang='lat' dir='ltr'><strong>ab</strong></span> 
     </span>
     <span class='ocr_line' id='line_1_30' title="bbox 319 2125 1713 2177; baseline 0.001 -13"><span class='ocrx_word' id='word_1_269' title='bbox 319 2125 398 2164; x_wconf 84' lang='lat' dir='ltr'><strong>istis</strong></span> <span class='ocrx_word' id='word_1_270' title='bbox 415 2126 487 2164; x_wconf 86' lang='lat' dir='ltr'><strong>effe</strong></span> <span class='ocrx_word' id='word_1_271' title='bbox 503 2125 689 2163; x_wconf 68' lang='lat' dir='ltr'><strong>collecta?</strong></span> <span class='ocrx_word' id='word_1_272' title='bbox 710 2126 923 2164; x_wconf 80' lang='lat' dir='ltr'><strong>Blesamius</strong></span> <span class='ocrx_word' id='word_1_273' title='bbox 942 2135 1153 2177; x_wconf 85' lang='lat' dir='ltr'><strong>tyrannum</strong></span> <span class='ocrx_word' id='word_1_274' title='bbox 1171 2127 1360 2166; x_wconf 83' lang='lat' dir='ltr'><strong>Caesarem</strong></span> <span class='ocrx_word' id='word_1_275' title='bbox 1378 2127 1585 2165; x_wconf 83' lang='lat' dir='ltr'><strong>scriberet?</strong></span> <span class='ocrx_word' id='word_1_276' title='bbox 1604 2128 1713 2166; x_wconf 75' lang='lat' dir='ltr'><strong>mul-</strong></span> 
     </span>
     <span class='ocr_line' id='line_1_31' title="bbox 322 2191 1714 2246; baseline 0.002 -17"><span class='ocrx_word' id='word_1_277' title='bbox 322 2202 454 2229; x_wconf 88' lang='lat' dir='ltr'><strong>torum</strong></span> <span class='ocrx_word' id='word_1_278' title='bbox 475 2192 584 2229; x_wconf 91' lang='lat' dir='ltr'><strong>enim</strong></span> <span class='ocrx_word' id='word_1_279' title='bbox 605 2191 756 2228; x_wconf 89' lang='lat' dir='ltr'><strong>civium</strong></span> <span class='ocrx_word' id='word_1_280' title='bbox 777 2192 904 2244; x_wconf 89' lang='lat' dir='ltr'><strong>capita</strong></span> <span class='ocrx_word' id='word_1_281' title='bbox 925 2192 1097 2231; x_wconf 85' lang='lat' dir='ltr'><strong>viderat:</strong></span> <span class='ocrx_word' id='word_1_282' title='bbox 1124 2193 1274 2231; x_wconf 88' lang='lat' dir='ltr'><strong>multos</strong></span> <span class='ocrx_word' id='word_1_283' title='bbox 1290 2193 1394 2246; x_wconf 74' lang='lat' dir='ltr'><strong>jussu</strong></span> <span class='ocrx_word' id='word_1_284' title='bbox 1418 2194 1575 2231; x_wconf 79' lang='lat' dir='ltr'><strong>Caesaris</strong></span> <span class='ocrx_word' id='word_1_285' title='bbox 1598 2207 1714 2232; x_wconf 79' lang='lat' dir='ltr'><strong>vexa-</strong></span> 
     </span>
     <span class='ocr_line' id='line_1_32' title="bbox 323 2258 1711 2302; baseline 0.003 -8"><span class='ocrx_word' id='word_1_286' title='bbox 323 2269 404 2302; x_wconf 82' lang='lat' dir='ltr'><strong>tos,</strong></span> <span class='ocrx_word' id='word_1_287' title='bbox 435 2258 677 2302; x_wconf 70' lang='lat' dir='ltr'><strong>verberat05‚</strong></span> <span class='ocrx_word' id='word_1_288' title='bbox 712 2268 867 2296; x_wconf 89' lang='lat' dir='ltr'><strong>necatos</strong></span> <span class='ocrx_word' id='word_1_289' title='bbox 887 2274 895 2297; x_wconf 74' lang='grc' dir='ltr'>ε</span> <span class='ocrx_word' id='word_1_290' title='bbox 929 2259 1074 2297; x_wconf 87' lang='lat' dir='ltr'><strong>multas</strong></span> <span class='ocrx_word' id='word_1_291' title='bbox 1107 2258 1266 2298; x_wconf 68' lang='lat' dir='ltr'><strong>affli&amp;as</strong></span> <span class='ocrx_word' id='word_1_292' title='bbox 1299 2270 1337 2298; x_wconf 90' lang='lat' dir='ltr'><strong>et</strong></span> <span class='ocrx_word' id='word_1_293' title='bbox 1369 2260 1512 2298; x_wconf 77' lang='lat' dir='ltr'><strong>eversas</strong></span> <span class='ocrx_word' id='word_1_294' title='bbox 1546 2260 1682 2298; x_wconf 83' lang='lat' dir='ltr'><strong>domos</strong></span> <span class='ocrx_word' id='word_1_295' title='bbox 1702 2275 1711 2298; x_wconf 90' lang='lat'>:</span> 
     </span>
     <span class='ocr_line' id='line_1_33' title="bbox 319 2323 1714 2380; baseline 0.002 -18"><span class='ocrx_word' id='word_1_296' title='bbox 319 2324 477 2362; x_wconf 81' lang='lat' dir='ltr'><strong>armatis</strong></span> <span class='ocrx_word' id='word_1_297' title='bbox 500 2323 697 2361; x_wconf 86' lang='lat' dir='ltr'><strong>militibus</strong></span> <span class='ocrx_word' id='word_1_298' title='bbox 718 2324 906 2364; x_wconf 90' lang='lat' dir='ltr'><strong>refertum</strong></span> <span class='ocrx_word' id='word_1_299' title='bbox 928 2325 1084 2365; x_wconf 86' lang='lat' dir='ltr'><strong>forum:</strong></span> <span class='ocrx_word' id='word_1_300' title='bbox 1117 2341 1204 2379; x_wconf 83' lang='lat' dir='ltr'><strong>quae</strong></span> <span class='ocrx_word' id='word_1_301' title='bbox 1225 2327 1376 2380; x_wconf 85' lang='lat' dir='ltr'><strong>semper</strong></span> <span class='ocrx_word' id='word_1_302' title='bbox 1396 2328 1436 2365; x_wconf 88' lang='lat' dir='ltr'><strong>in</strong></span> <span class='ocrx_word' id='word_1_303' title='bbox 1459 2327 1568 2366; x_wconf 82' lang='lat' dir='ltr'><strong>civili</strong></span> <span class='ocrx_word' id='word_1_304' title='bbox 1589 2328 1714 2365; x_wconf 69' lang='lat' dir='ltr'><strong>victo-</strong></span> 
     </span>
     <span class='ocr_line' id='line_1_34' title="bbox 320 2390 1200 2435; baseline 0.003 -7"><span class='ocrx_word' id='word_1_305' title='bbox 320 2392 375 2429; x_wconf 81' lang='lat' dir='ltr'><strong>ria</strong></span> <span class='ocrx_word' id='word_1_306' title='bbox 395 2390 596 2435; x_wconf 65' lang='lat' dir='ltr'><strong>sensimus,</strong></span> <span class='ocrx_word' id='word_1_307' title='bbox 627 2403 670 2427; x_wconf 89' lang='lat' dir='ltr'><strong>ea</strong></span> <span class='ocrx_word' id='word_1_308' title='bbox 691 2400 727 2428; x_wconf 92' lang='lat' dir='ltr'><strong>te</strong></span> <span class='ocrx_word' id='word_1_309' title='bbox 748 2392 892 2430; x_wconf 66' lang='lat' dir='ltr'><strong>victore</strong></span> <span class='ocrx_word' id='word_1_310' title='bbox 913 2406 991 2430; x_wconf 90' lang='lat' dir='ltr'><strong>non</strong></span> <span class='ocrx_word' id='word_1_311' title='bbox 1014 2393 1200 2432; x_wconf 88' lang='lat' dir='ltr'><strong>vidimus.</strong></span> 
     </span>
    </p>
   </div>
   <div class='ocr_carea' id='block_1_3' title="bbox 379 2456 1714 2563">
    <p class='ocr_par' dir='ltr' id='par_1_6' title="bbox 379 2456 1714 2563">
     <span class='ocr_line' id='line_1_35' title="bbox 379 2456 1714 2514; baseline 0.001 -20"><span class='ocrx_word' id='word_1_312' title='bbox 379 2456 515 2502; x_wconf 82' lang='lat' dir='ltr'><strong>Solus,</strong></span> <span class='ocrx_word' id='word_1_313' title='bbox 548 2457 736 2509; x_wconf 81' lang='lat' dir='ltr'><strong>inquam,</strong></span> <span class='ocrx_word' id='word_1_314' title='bbox 769 2472 831 2504; x_wconf 85' lang='lat' dir='ltr'><strong>es,</strong></span> <span class='ocrx_word' id='word_1_315' title='bbox 865 2460 913 2499; x_wconf 94' lang='lat' dir='ltr'><strong>C.</strong></span> <span class='ocrx_word' id='word_1_316' title='bbox 939 2459 1086 2506; x_wconf 84' lang='lat' dir='ltr'><strong>Caesar,</strong></span> <span class='ocrx_word' id='word_1_317' title='bbox 1118 2461 1231 2514; x_wconf 87' lang='lat' dir='ltr'><strong>cujus</strong></span> <span class='ocrx_word' id='word_1_318' title='bbox 1264 2460 1304 2498; x_wconf 89' lang='lat' dir='ltr'><strong>in</strong></span> <span class='ocrx_word' id='word_1_319' title='bbox 1338 2460 1498 2498; x_wconf 67' lang='lat' dir='ltr'><strong>victoria</strong></span> <span class='ocrx_word' id='word_1_320' title='bbox 1529 2459 1714 2498; x_wconf 85' lang='lat' dir='ltr'><strong>ceciderit</strong></span> 
     </span>
     <span class='ocr_line' id='line_1_36' title="bbox 406 2523 1414 2563; baseline 0.002 -2"><span class='ocrx_word' id='word_1_321' title='bbox 406 2524 472 2561; x_wconf 90' lang='lat' dir='ltr'><strong>To</strong></span> <span class='ocrx_word' id='word_1_322' title='bbox 486 2535 537 2562; x_wconf 86' lang='lat' dir='ltr'><strong>M.</strong></span> <span class='ocrx_word' id='word_1_323' title='bbox 571 2523 644 2561; x_wconf 87' lang='lat' dir='ltr'><strong>VI.</strong></span> <span class='ocrx_word' id='word_1_324' title='bbox 1295 2525 1344 2563; x_wconf 88' lang='lat' dir='ltr'><em>M</em></span> <span class='ocrx_word' id='word_1_325' title='bbox 1371 2539 1414 2563; x_wconf 87' lang='lat' dir='ltr'><strong>m</strong></span> 
     </span>
    </p>
   </div>
  </div>
 </body>
</html>
