2076 2860
564 140 704 179 PRO
765 138 963 177 REGE
1024 136 1447 188 DEJOTARO.
1626 135 1703 187 269

307 242 463 282 fuerant
480 272 492 288 ,
528 243 694 280 retinere
729 255 921 294 magnum
955 238 1034 278 fuit
1053 240 1065 277 ?
1104 240 1211 278 Cum
1245 239 1287 276 in
1322 237 1505 276 convivio
1540 237 1709 275 comiter

307 309 539 363 etjucunde
559 308 717 354 fuiffes,
750 318 837 346 tum
868 307 965 345 illuc
987 305 1116 351 ivisti,
1149 315 1192 344 ut
1214 305 1379 343 dixeras.
1417 305 1511 356 Qo
1544 304 1584 341 in
1618 304 1706 342 loco

309 376 546 428 Dejotarum
568 375 686 413 talem
707 387 798 426 erga
818 382 856 411 te
877 371 1095 425 cognovisti
1110 401 1121 417 ‚
1153 371 1281 424 qualis
1303 385 1370 409 rex
1397 370 1556 410 Attalus
1587 371 1627 408 in
1659 371 1705 408 P.

309 440 548 479 Africanum
568 440 670 479 fuit:
703 441 768 478 cui
790 437 1175 491 magnificentiffima
1191 437 1306 482 dona,
1329 446 1373 475 ut
1394 437 1586 489 scriptum
1607 436 1708 489 legi-

310 520 415 552 mus,
447 506 568 559 usque
588 506 635 543 ad
656 506 920 544 Numantiam
941 503 1047 542 mifit
1066 517 1115 541 ex
1135 503 1226 540 Afia
1240 521 1254 548 ς
1286 517 1372 555 quae
1393 501 1622 547 Africanus,
1644 502 1707 539 in-

310 572 505 626 spectante
525 572 715 617 exercitu,
737 571 903 624 accepit.
928 569 1048 623 Qod
1070 583 1163 607 cum
1184 568 1348 622 praesens
1370 569 1580 620 Dejotarus
1602 568 1710 620 regio

311 648 350 677 et
370 640 502 678 animo
523 648 561 677 et
583 652 691 677 more
711 637 874 682 fecisset,
907 646 950 675 tu
971 637 1013 674 in
1034 636 1271 674 cubiculum
1291 634 1503 673 disceffisti.

370 705 572 751 Obsecro,
606 705 756 750 Caefar‚
789 714 918 757 repete
951 703 1140 756 temporis
1173 702 1282 739 illius
1314 701 1576 740 memoriam:
1608 715 1711 754 pone

312 772 431 810 illum
451 781 540 810 ante
563 772 701 810 oculos
723 771 829 808 diem
848 785 857 808 z
890 770 1024 807 vultus
1045 768 1258 807 hominum
1287 777 1324 805 te
1345 767 1591 805 intuentium
1607 797 1617 813 ,
1650 778 1710 806 at-

313 852 391 891 que
411 838 693 876 admirantium
709 867 720 882 ,
752 835 966 874 recordare.
1005 835 1120 873 Num
1139 848 1226 887 quae
1248 833 1458 886 trepidatio
1477 835 1490 871 ?
1522 847 1621 871 num
1642 834 1713 886 qui

313 904 512 943 tumultus
532 905 545 942 ?
577 918 676 942 num
697 903 816 956 quid,
848 902 917 940 nifi
940 902 1162 946 moderate,
1194 900 1264 938 nifi
1286 901 1443 952 quiete,
1475 900 1545 938 nifi
1566 914 1614 938 ex
1635 899 1712 938 ho-

314 970 433 1008 minis
463 969 675 1022 graviffimi
703 978 743 1006 et
774 967 997 1006 sanfflffimi
1027 966 1266 1019 disciplina?
1300 966 1410 1018 Qid
1440 966 1563 1018 igitur
1593 965 1713 1004 causae

314 1036 530 1089 excogitari
550 1035 689 1089 potest,
722 1049 792 1073 cur
824 1044 861 1072 te
892 1034 1047 1072 lautum
1078 1033 1263 1078 voluerit,
1295 1041 1495 1071 coenatum
1524 1033 1712 1077 noluerit,

314 1103 519 1142 occidere?

372 1171 420 1209 In
451 1170 670 1224 posterum,
702 1170 850 1224 inquit,
883 1170 989 1208 diem
1021 1168 1189 1214 distulit,
1221 1177 1279 1213 ut,
1311 1166 1412 1205 eum'
1438 1167 1477 1205 in
1511 1166 1715 1205 castellum

317 1237 514 1276 Luceium
534 1246 699 1275 ventum
719 1237 824 1282 esset,
848 1237 906 1274 ibi
926 1236 1097 1288 cogitata
1116 1233 1336 1288 perficeret.
1368 1234 1463 1272 Non
1486 1233 1599 1271 video
1620 1247 1714 1271 cau-

317 1301 399 1340 sam
418 1302 498 1340 loci
519 1302 699 1340 mutandi
717 1317 725 1339 :
756 1302 819 1340 sed
841 1312 970 1339 tamen
992 1303 1074 1339 acta
1093 1314 1151 1338 res
1173 1299 1383 1338 criminose
1403 1299 1470 1338 est.
1505 1300 1626 1344 Cum,
1650 1300 1714 1337 in-

319 1369 428 1421 quit,
459 1381 616 1407 vomere
638 1378 675 1406 te
695 1367 780 1420 post
800 1381 955 1405 coenam
976 1366 1077 1405 velle
1098 1365 1275 1410 dixiffes,
1308 1366 1348 1403 in
1372 1366 1559 1403 balneum
1581 1374 1618 1403 te
1639 1365 1716 1402 du-

318 1447 404 1472 cere
425 1443 630 1487 coeperunt
649 1449 656 1471 :
691 1434 747 1471 ibi
770 1434 877 1471 enim
898 1442 1007 1471 erant
1027 1431 1188 1470 infidiae.
1235 1433 1291 1469 At
1317 1441 1354 1469 te
1374 1431 1508 1468 eadem
1541 1440 1606 1469 tua
1632 1430 1715 1468 for-

318 1509 415 1538 tuna
434 1500 617 1538 servavit:
642 1500 682 1537 in
705 1499 940 1537 cubiculum
958 1508 995 1537 te
1011 1499 1066 1536 ire
1082 1498 1199 1536 malle
1216 1497 1361 1536 dixisti.
1387 1498 1458 1535 Dii
1480 1506 1516 1534 te
1538 1497 1715 1549 perdant,

319 1564 515 1618 fugitive:
549 1567 603 1603 ita
634 1580 713 1603 non
746 1565 865 1604 modo
897 1578 1069 1618 nequam
1100 1573 1139 1602 et
1172 1564 1393 1615 improbus,
1426 1563 1489 1600 sed
1516 1562 1647 1600 fatuus
1679 1573 1717 1600 et

320 1645 451 1670 amens
479 1646 533 1670 es.
610 1631 709 1669 uid?
743 1632 809 1670 ille
842 1633 948 1684 figna
979 1644 1082 1669 aenea
1113 1631 1154 1668 in
1183 1629 1331 1668 infidiis
1359 1629 1551 1682 posuerat,
1584 1643 1670 1682 quae
1697 1643 1718 1667 e

321 1698 462 1736 balneo
485 1699 524 1736 in
545 1698 780 1736 cubiculum
803 1697 1003 1736 transferri
1025 1711 1104 1735 non
1126 1696 1275 1750 poffent
1295 1697 1307 1734 ?

378 1765 514 1802 Habes
540 1764 707 1802 crimina
733 1763 988 1801 insidiarum:
1023 1762 1125 1800 nihil
1153 1763 1260 1800 enim
1282 1762 1385 1800 dixit
1405 1762 1590 1814 amplius.
1626 1762 1719 1800 Ho-

323 1845 427 1876 rum,
459 1831 605 1883 inquit,
637 1843 741 1867 eram
764 1829 957 1867 conscius.
997 1828 1107 1880 Qid
1129 1838 1214 1866 tum
1235 1829 1248 1865 ?
1280 1828 1334 1866 ita
1354 1828 1512 1865 demens
1535 1828 1602 1865 ille
1623 1837 1717 1872 erat,

323 1907 367 1936 ut
387 1911 493 1942 eum,
516 1911 636 1948 quem
656 1896 860 1934 conscium
883 1896 981 1934 tanti
1002 1895 1155 1934 sceleris
1176 1894 1360 1940 habebat,
1389 1909 1409 1932 a
1429 1895 1464 1932 sc
1486 1895 1717 1940 dimitteret,

324 1965 495 2002 Romam
518 1964 635 2001 etiam
658 1964 848 2008 mitteret,
881 1963 950 2000 ubi
972 1972 1010 2000 ct
1031 1961 1347 1999 inimiciffimum
1370 1961 1482 1999 sciret
1503 1961 1574 1999 effe
1596 1975 1718 2013 nepo-

324 2039 405 2068 tem
431 2030 544 2068 suum
561 2059 570 2074 ,
602 2040 640 2067 et
670 2031 717 2068 C.
743 2029 960 2074 Caesarem,
991 2028 1057 2066 cui
1084 2027 1233 2066 feciffet
1260 2027 1445 2066 infidias?
1478 2027 1690 2079 pracsertim
1707 2057 1717 2073 2

324 2109 418 2134 cum
439 2097 470 2134 is
493 2109 593 2133 unus
615 2095 719 2140 esset,
743 2096 812 2147 qui
834 2094 955 2147 posset
976 2094 1022 2132 de
1042 2094 1199 2133 absente
1220 2093 1257 2131 se
1277 2094 1448 2131 indicare
1468 2095 1479 2131 ?
1509 2095 1561 2132 Et
1584 2093 1719 2131 fratres

327 2176 449 2208 meos,
482 2163 629 2214 inquit,
661 2161 767 2213 quod
799 2171 907 2199 erant
939 2161 1101 2206 conscii,
1133 2162 1173 2199 in
1207 2161 1366 2198 vincula
1397 2162 1581 2213 conjecit.
1616 2161 1722 2199 Cum

326 2228 449 2279 igitur
469 2241 533 2265 eos
555 2227 746 2272 vinciret,
778 2224 876 2279 quos
899 2227 1030 2265 secum
1050 2226 1247 2272 habebat3
1282 2235 1319 2264 te
1346 2226 1519 2264 solutum
1549 2227 1721 2264 Romam

327 2293 525 2337 mittebat,
558 2292 627 2344 qui
647 2292 780 2330 eadem
803 2292 932 2338 scires,
965 2306 1050 2345 quae
1071 2293 1161 2331 illos
1183 2292 1278 2330 scire
1298 2292 1397 2330 dicis
1418 2293 1430 2329 ?

385 2358 502 2396 VIII.
536 2357 707 2410 Reliqua
738 2362 823 2410 pars
856 2358 1112 2397 accusationis
1145 2358 1291 2410 duplex
1319 2357 1423 2395 fuit:
1458 2370 1556 2402 una,
1590 2370 1721 2407 regem

331 2425 480 2477 semper
500 2424 540 2461 in
563 2423 728 2476 speculis
751 2423 885 2470 fuiffe,
917 2438 1011 2463 cum
1031 2438 1052 2463 a
1073 2434 1110 2463 te
1130 2424 1262 2463 animo
1283 2423 1373 2462 esset
1394 2424 1520 2461 alieno
1538 2441 1548 2468 5
1581 2422 1722 2467 altera,
