2076 2860
706 131 845 170 PRO
912 132 956 171 Ρ.
1020 133 1312 172 SEXTIO.
1669 152 1716 191 35

369 231 568 269 XXXIX.
602 231 815 275 Homines,
849 231 996 282 inquit,
1030 230 1172 274 emisti,
1207 229 1382 282 coegisti,
1416 231 1567 283 parasti.
1603 227 1714 282 Qid

310 297 371 334 uti
391 296 535 335 faceret
555 298 567 335 ?
600 296 778 334 senatum
808 297 1001 335 obfideret
1021 298 1032 334 ἓ
1066 297 1170 334 cives
1193 297 1441 335 indemnatos
1464 297 1678 350 expelleret
1698 298 1710 333 ?

311 362 414 400 bona
448 362 667 415 diriperet?
704 362 802 400 aedes
840 362 1099 400 incenderet?
1133 365 1232 400 tecta
1267 362 1531 401 disturbaret?
1565 363 1714 416 templa

310 429 491 467 Deorum
523 429 814 467 immortalium
848 430 1142 468 inflammaret?
1183 430 1362 468 tribunos
1396 431 1523 483 plebis
1557 430 1660 468 ferro
1693 445 1713 468 e

308 495 458 534 Rostris
473 495 715 548 expelleret?
730 496 968 548 provincias,
984 510 1079 549 quas
1097 496 1229 541 vellet,
1248 497 1395 548 quibus
1412 497 1546 542 vellet,
1564 496 1711 535 vende-

308 570 366 600 ret
381 563 393 600 ?
417 575 525 614 reges
547 562 762 615 appellaret
778 564 790 600 ?
814 576 946 600 rerum
963 562 1193 615 capitalium
1211 562 1494 601 condemnatos
1512 564 1552 600 in
1570 563 1712 601 liberas

308 629 485 667 civitates
526 643 595 681 per
633 629 782 681 legatos
819 630 967 667 nostros
1004 630 1205 667 reduceret
1224 630 1237 667 ?
1279 630 1504 682 principem
1539 630 1711 668 civitatis

308 693 411 734 ferro
433 695 625 733 obseffum
648 704 797 733 teneret
816 697 828 733 ?
862 696 961 734 Haec
984 705 1027 733 ut
1047 695 1200 733 efficere
1221 695 1358 747 poffet,
1391 709 1477 748 quae
1508 695 1606 741 fieri,
1639 697 1710 734 nisi

308 762 426 800 armis
448 762 623 814 opprefl'a
644 762 862 815 republica,
886 762 998 800 nullo
1020 761 1140 799 modo
1161 770 1358 814 poterant,
1381 762 1546 807 idcirco,
1577 764 1710 808 credo,

307 842 471 866 manum
493 829 565 867 fibi
587 829 632 867 P.
657 830 811 867 Sextius
833 838 872 866 et
893 830 1024 882 copias
1047 829 1304 881 comparavit.

363 896 421 933 At
452 895 632 933 nondum
663 904 744 933 erat
777 904 1007 933 maturum:
1042 895 1223 934 nondum
1253 910 1311 934 res
1343 896 1424 949 ipsa
1448 897 1495 934 ad
1516 896 1711 950 ejusmodi

306 962 480 1015 praefidia
499 962 602 1000 viros
627 962 749 1000 bonos
772 962 1053 1015 compellebat.
1074 963 1179 1001 Pulfi
1197 977 1267 1001 nos
1284 977 1453 1009 eramus,
1473 978 1552 1002 non
1575 965 1710 1002 omni-

307 1042 358 1066 no
379 1028 449 1066 ista
468 1042 588 1066 manu
611 1028 712 1074 sola,
744 1029 809 1067 sed
830 1038 963 1067 tamen
984 1043 1063 1067 non
1086 1030 1164 1068 fine
1185 1029 1254 1067 ista
1272 1047 1280 1069 :
1314 1044 1381 1068 vos
1406 1031 1515 1069 taciti
1536 1031 1708 1069 miraba-

305 1095 421 1134 mini.
438 1097 613 1148 Captum
629 1105 709 1134 erat
725 1095 860 1134 forum
873 1110 976 1134 anno
993 1096 1203 1149 superiore,
1222 1084 1301 1135 ssde
1319 1097 1503 1143 Castoris,
1521 1107 1710 1150 tanquam

305 1175 392 1200 arce
412 1162 556 1215 aliqua,
579 1177 601 1201 a
620 1161 802 1216 fugitivis
824 1173 1016 1217 occupata
1034 1179 1042 1202 :
1073 1164 1271 1203 filebatur.
1307 1165 1457 1203 Omnia
1476 1164 1707 1210 hominum,

306 1241 401 1267 cum
435 1229 614 1282 egestate,
652 1239 741 1268 tum
775 1230 949 1276 audacia,
981 1231 1245 1284 perditorum,
1278 1232 1464 1278 clamore,
1497 1233 1707 1278 concursu,

306 1295 360 1340 vi,
382 1309 517 1341 manu,
540 1296 800 1349 gerebantur:
824 1296 1094 1351 perferebatis.
1118 1298 1375 1351 Magistratus
1398 1300 1558 1353 templis
1581 1300 1707 1354 pelle-

307 1360 449 1400 bantur
459 1381 471 1407 3
490 1362 557 1400 alii
572 1363 739 1402 omnino
755 1364 865 1403 aditu
885 1378 928 1403 ac
949 1364 1036 1403 foro
1058 1364 1395 1418 prohibebantur:
1420 1380 1538 1404 nemo
1560 1366 1707 1405 refiste—

308 1427 387 1466 bat.
408 1428 655 1468 Gladiatores
678 1444 726 1468 ex
746 1432 922 1484 praetoris
945 1432 1139 1470 comitatu
1160 1431 1447 1486 comprehenfi,
1466 1433 1508 1471 in
1530 1433 1708 1472 senatum

306 1494 536 1542 introducti,
569 1496 754 1544 confeffi,
787 1499 829 1536 in
864 1499 1024 1537 vincula
1057 1501 1227 1553 conjeffiti
1259 1514 1281 1538 a
1315 1500 1497 1546 Milone,
1529 1501 1653 1539 emiffi
1688 1515 1710 1538 a

307 1561 495 1602 Serrano:
529 1564 682 1602 mentio
714 1565 838 1604 nulla.
873 1567 1024 1604 Forum
1056 1567 1288 1619 corporibus
1319 1567 1470 1604 civium
1501 1568 1707 1606 Romano-

306 1641 395 1665 rum
416 1628 657 1667 constratum
678 1631 781 1668 caede
803 1633 1019 1669 nocturna:
1054 1645 1132 1669 non
1164 1632 1284 1670 modo
1314 1633 1424 1670 nulla
1454 1647 1554 1671 nova
1582 1634 1707 1686 quaes-

307 1694 379 1740 tio,
402 1694 466 1732 sed
487 1695 605 1733 etiam
626 1696 923 1748 veterajudicia
943 1697 1105 1736 sublata.
1131 1698 1362 1736 Tribunum
1384 1699 1512 1751 plebis
1534 1699 1622 1752 plus
1645 1701 1707 1738 vi-

305 1761 410 1813 ginti
442 1762 671 1800 vulneribus
704 1764 875 1815 acceptis
903 1765 1102 1815 ⁷iacentem
1135 1765 1504 1818 moribundumque
1532 1767 1704 1806 vidistis:

305 1826 464 1865 alterius
487 1828 638 1865 tribuni
659 1827 803 1880 plebis,
836 1828 961 1867 divini
989 1829 1166 1869 hominis
1191 1831 1340 1883 (dicam
1362 1833 1470 1870 enim
1492 1834 1598 1885 quod
1620 1834 1706 1872 sen-

304 1893 361 1931 tio
376 1923 386 1939 ,
419 1903 458 1931 et
479 1894 585 1946 quod
607 1908 767 1933 mecum
788 1895 962 1935 sentiunt
983 1898 1140 1948 omnes)
1165 1897 1314 1942 divini,
1347 1899 1490 1951 infigni
1511 1900 1678 1952 quadam
1695 1932 1705 1947 ‚

305 1959 504 2005 inaudita,
537 1974 637 1999 nova
668 1962 945 2014 magnitudine
980 1964 1132 2009 animi,
1165 1965 1380 2016 gravitate,
1414 1965 1490 2003 fide
1525 1966 1705 2019 praediti‚

306 2026 447 2066 domus
469 2027 522 2065 est
543 2039 771 2081 oppugnata
791 2028 908 2075 ferro,
942 2029 1110 2077 facibus,
1142 2032 1318 2069 exercitu
1342 2032 1552 2072 Clodiano.

360 2090 452 2128 XL.
486 2090 539 2127 Et
562 2099 604 2128 tu
623 2089 702 2128 hoc
723 2091 812 2129 loco
834 2091 965 2129 laudas
988 2092 1206 2138 lWilonem,
1233 2103 1272 2131 et
1287 2094 1376 2146 jure
1397 2094 1545 2133 laudas.
1574 2097 1708 2148 Qem

305 2156 412 2194 enirn
435 2170 609 2208 unquam
630 2158 758 2195 virum
782 2168 862 2195 tam
885 2158 1104 2197 immortali
1125 2160 1271 2198 virtute
1287 2160 1474 2206 vidimus,
1493 2162 1575 2214 qui,
1594 2163 1709 2202 nullo

304 2223 467 2274 praemio
494 2223 693 2276 proposito
711 2253 721 2269 ,
754 2234 892 2276 praeter
922 2224 1000 2263 hoc
1018 2255 1028 2271 ,
1061 2227 1167 2279 quod
1192 2228 1277 2279 jam
1307 2229 1528 2267 contritum
1549 2239 1588 2267 et
1609 2243 1707 2267 con-

307 2298 506 2341 temptum
528 2299 702 2342 putatur,
720 2290 921 2343 judicium
944 2292 1156 2338 bonorum,
1175 2294 1309 2331 omnia
1324 2295 1513 2347 pericula,
1533 2296 1707 2335 summos

307 2354 473 2400 labores,
505 2357 742 2407 gravissimas
765 2359 1040 2397 contentiones
1063 2360 1386 2413 inimicitiasque,
1420 2361 1616 2415 suscepit?
1640 2363 1709 2414 qui

307 2420 409 2458 mihi
432 2434 531 2460 unus
552 2435 600 2460 ex
621 2423 808 2462 omnibus
832 2425 985 2463 civibus
1008 2426 1163 2465 videtur
1183 2440 1222 2464 re
1244 2426 1430 2472 docuiffe,
1463 2442 1542 2467 non
1564 2429 1707 2473 verbis,

1314 2494 1346 2530 E
1380 2506 1401 2531 2
