2076 2860
784 157 925 198 PRO
988 155 1032 194 P.
1095 148 1390 192 SEXTIO.

1770 173 1789 197 a

388 258 507 304 nihil,
534 255 643 311 quod
662 254 709 292 ad
731 250 1038 305 rempublicam,
1071 246 1280 300 pertineat,
1313 239 1614 296 praetermissum
1636 238 1708 277 effe
1730 240 1790 276 vi-

389 328 539 366 deatur.
572 325 642 367 Et,
664 320 857 374 quoniam
876 318 918 355 in
940 313 1172 369 graviffimis
1195 308 1442 363 temporibus
1465 306 1652 349 civitatis,
1675 315 1794 358 atque

389 395 432 433 in
453 391 578 432 ruinis
600 388 736 428 eversae
758 395 876 439 atque
896 383 1049 422 afflietae
1075 379 1320 434 reipublicae,
1353 377 1398 414 Ρ.
1424 374 1548 412 Sextii
1570 373 1794 411 tribunatus

391 461 445 501 est
464 474 485 499 a
504 459 667 499 fortuna
685 455 767 509 ipsa
787 453 1005 493 collocatus
1025 470 1035 496 ς
1060 463 1140 487 non
1161 445 1363 500 aggrediar
1383 442 1430 481 ad
1451 442 1520 480 illa
1540 440 1715 479 maxima
1735 450 1795 477 at-

392 541 471 583 que
490 523 727 579 ampliffima
748 521 872 575 prius,
906 531 1026 572 quam
1049 517 1234 559 docuero,
1268 511 1415 565 quibus
1437 508 1563 547 initiis
1585 521 1628 546 ac
1650 506 1797 545 funda>-

393 594 540 635 mentis
561 592 622 631 hae
644 599 761 630 tantae
783 587 948 627 summis
972 586 1012 623 in
1036 583 1150 622 rebus
1172 579 1306 619 laudes
1327 577 1507 616 excitatae
1529 575 1618 613 fint.

449 663 528 701 ΙΙΙ.
562 661 728 699 Parente
751 657 796 695 P.
814 654 970 693 Sextius
994 662 1107 690 natus
1129 648 1197 694 est,
1214 646 1392 699 Judices,
1410 643 1591 688 homine,
1611 651 1655 680 ut
1675 641 1798 694 pleri-

394 741 474 784 que
494 725 747 769 meministis,
770 732 810 761 et
830 721 1016 774 sapiente,
1039 727 1078 756 et
1099 715 1244 759 saneto,
1266 721 1305 751 et
1322 711 1476 750 severo:
1500 709 1587 762 qui,
1609 721 1705 747 cum
1727 708 1800 746 tri-

397 798 530 835 bunus
563 791 692 847 plebis
723 790 877 843 primus
907 787 1012 824 inter
1040 782 1226 822 homines
1257 775 1521 817 nobiliffimos
1553 775 1804 829 temporibus

397 861 562 917 optimis
595 858 720 897 faetus
753 854 860 900 effet,
892 851 1056 905 reliquis
1088 846 1309 888 honoribus
1344 858 1424 883 non
1457 854 1539 882 tam
1569 842 1629 881 uti
1659 842 1802 886 voluit,

398 942 521 984 quam
541 927 686 979 dignus
707 921 848 963 videri.
872 922 934 960 Eo
955 920 1112 958 auetore
1127 915 1245 954 duxit
1264 910 1524 952 honestissimi
1544 920 1583 948 et
1605 908 1804 962 spectatis-

398 996 487 1036 fimi
516 994 591 1033 viri
622 993 671 1030 C.
696 987 840 1029 Albini
861 987 987 1026 filiam
1005 1005 1016 1031 ς
1048 998 1096 1023 ex
1118 995 1196 1036 qua
1215 980 1283 1020 hic
1304 978 1358 1018 est
1378 992 1490 1031 puer,
1523 986 1562 1015 et
1583 986 1707 1029 nupta
1721 977 1806 1028 jam

400 1064 496 1103 filia.
521 1059 693 1101 Duobus
714 1057 778 1096 his
799 1053 1029 1110 graviffimae
1050 1047 1301 1104 antiquitatis
1322 1045 1416 1084 viris
1439 1044 1489 1083 fic
1507 1043 1695 1097 probatus
1711 1041 1807 1087 fuit,

401 1140 448 1169 ut
468 1128 628 1181 utrique
648 1137 788 1164 eorum
809 1132 848 1161 et
868 1133 979 1160 carus
1001 1118 1176 1158 maxime
1197 1125 1236 1154 et
1257 1110 1462 1168 jucundus
1492 1110 1598 1148 effet.
1643 1108 1810 1147 Ademit

403 1195 557 1235 Albino
578 1192 700 1232 soceri
721 1203 869 1230 nornen
890 1199 996 1227 mors
1019 1185 1126 1230 filiae,
1157 1182 1220 1222 sed
1241 1180 1446 1219 caritatem
1467 1177 1577 1215 illius
1598 1175 1810 1214 necestitu-

404 1262 508 1301 dinis
531 1270 570 1300 et
591 1257 909 1298 benevolentiam
930 1267 1011 1292 non
1031 1251 1180 1290 ademit
1198 1265 1207 1289 :
1240 1246 1360 1286 hodie
1381 1245 1432 1284 fic
1454 1242 1563 1282 hunc
1585 1242 1734 1294 diligit,
1767 1250 1811 1280 ut

405 1342 474 1369 vos
505 1327 700 1367 facillime
720 1323 881 1379 potestis
902 1335 950 1360 ex
971 1319 1045 1359 hac
1066 1319 1128 1358 vel
1149 1315 1367 1356 affiduitate
1388 1312 1487 1365 erS,
1519 1310 1582 1348 vel
1612 1309 1811 1348 sollicitu-

407 1396 501 1436 dine
521 1404 559 1435 et
580 1383 773 1438 molestia,
800 1390 993 1445 judicare.

464 1462 597 1501 Duxit
628 1472 820 1504 uxorem,
852 1465 961 1510 patre
992 1454 1107 1497 vivo,
1139 1447 1285 1503 optimi
1317 1456 1355 1485 et
1388 1441 1709 1484 calamitofiffimi
1741 1440 1816 1479 viri

410 1529 550 1574 filiam,
570 1528 619 1566 C.
638 1525 851 1579 Scipionis.
876 1522 992 1561 Clara
1008 1521 1048 1558 in
1065 1518 1143 1557 hoc
1161 1517 1206 1555 P.
1222 1513 1346 1554 Sextii
1362 1512 1485 1566 pietas
1503 1509 1652 1553 extitit,
1670 1517 1709 1546 et
1726 1521 1816 1546 om-

410 1596 530 1635 nibus
552 1603 675 1647 grata,
697 1590 808 1645 quod
823 1599 862 1628 et
878 1587 1094 1627 Maffiliam
1113 1583 1245 1622 statim
1265 1578 1464 1633 profectus
1487 1576 1554 1620 est,
1574 1584 1618 1613 ut
1639 1574 1820 1612 socerum

412 1661 546 1700 videre
575 1657 849 1709 consolarique
869 1652 1015 1707 poffet,
1049 1649 1235 1689 fluetibus
1258 1644 1488 1699 reipublicae
1509 1640 1745 1695 expulsum,
1776 1640 1821 1679 in

413 1726 553 1766 alienis
574 1724 686 1763 terris
703 1724 919 1775 jacentem,
939 1731 1060 1771 quem
1077 1716 1118 1754 in
1135 1715 1334 1767 majorum
1349 1712 1511 1750 suorum
1531 1707 1704 1760 vestigiis
1726 1706 1823 1745 stare

414 1792 623 1848 oportebat
637 1809 649 1837 ;
682 1798 721 1828 et
741 1787 789 1826 ad
809 1799 902 1826 eum
923 1784 1048 1823 filiam
1069 1784 1152 1836 ejus
1175 1779 1354 1824 adduxit,
1388 1787 1433 1816 ut
1453 1776 1525 1814 illo
1546 1773 1742 1827 insperato
1762 1772 1820 1811 as-

414 1862 532 1914 pectu
553 1856 864 1911 complexuque,
897 1852 924 1891 fi
954 1865 1033 1890 non
1065 1862 1243 1892 omnem,
1275 1855 1315 1884 at
1343 1844 1519 1897 aliquam
1545 1850 1696 1894 partem
1718 1853 1823 1878 moe-

417 1926 516 1965 roris
550 1925 608 1964 sui
641 1923 854 1976 deponeret
870 1938 882 1966 ;
915 1928 954 1958 et
986 1916 1174 1956 maximis
1207 1913 1349 1952 officiis
1380 1920 1419 1949 et
1449 1909 1558 1947 illius
1590 1919 1823 1951 aerumnam,

417 1992 549 2047 quoad
569 1991 686 2036 vixit,
704 1999 744 2028 et
764 1988 856 2027 filiae
877 1984 1150 2028 solitudinem,
1169 1978 1411 2020 sustentavit.
1436 1975 1596 2015 Poffum
1613 1973 1742 2012 multa
1761 1972 1824 2011 di-

418 2074 507 2099 cere
528 2059 574 2098 de
595 2057 832 2097 liberalitate
847 2085 857 2101 ,
890 2053 937 2092 de
959 2050 1184 2090 domesticis
1205 2047 1348 2087 officiis
1364 2075 1375 2091 ,
1408 2044 1455 2082 de
1485 2042 1691 2082 tribunatu
1714 2040 1826 2079 mili-

419 2128 508 2173 tari,
541 2126 589 2165 de
610 2123 845 2179 provinciali
867 2122 908 2159 in
930 2134 975 2158 eo
996 2117 1225 2171 magistratu
1246 2111 1506 2156 abstinentia;
1530 2108 1594 2147 sed
1616 2105 1718 2146 mihi
1739 2116 1830 2145 ante

421 2194 560 2233 oculos
593 2191 820 2231 obversatur
852 2185 1082 2240 reipublicae
1115 2183 1302 2236 dignitas,
1335 2192 1423 2233 quae
1451 2190 1516 2216 me
1542 2175 1590 2214 ad
1615 2174 1691 2213 sese
1712 2174 1828 2227 rapit,

422 2261 507 2300 haec
529 2261 684 2299 minora
704 2258 926 2309 relinquere
946 2253 1142 2292 hortatur.

481 2327 662 2380 Qaestor
682 2324 749 2364 hic
773 2325 822 2362 C.
847 2320 1042 2365 Antonii,
1075 2317 1237 2369 collegae
1259 2313 1362 2358 mei,
1395 2310 1557 2365 Judices
1572 2339 1582 2354 ‚
1614 2306 1694 2346 fuit
1716 2305 1831 2351 sorte,

427 2392 491 2432 sed
512 2393 695 2431 societate
715 2389 973 2429 consiliorum
994 2398 1122 2424 meus.
1147 2381 1350 2435 Impedior
1370 2376 1606 2417 nonnullius
1627 2372 1765 2416 officii,
1790 2381 1835 2409 ut

428 2472 502 2513 ego
523 2459 775 2512 interpretor,
808 2454 1014 2508 religione,
1046 2464 1129 2505 quo
1158 2449 1292 2489 minus
1321 2457 1534 2498 exponam,
1566 2453 1687 2495 quam
1709 2438 1837 2477 multa

1440 2512 1476 2549 A
1509 2523 1529 2548 2
