2076 2860
454 243 555 283 234·
934 227 1378 265 ORATIO

454 329 546 369 effet
560 360 571 376 ,
603 329 877 368 crudelitatem
906 327 1008 381 regis
1036 327 1078 366 in
1099 334 1253 380 togatos
1274 326 1435 366 vestitus
1456 326 1680 366 mutatione
1699 325 1853 366 vitavit.

454 398 562 449 Ergo
582 396 650 434 ille
672 396 717 433 P.
742 394 937 440 Rutilius,
959 393 1030 448 qui
1051 393 1338 432 documentum
1359 392 1440 432 fuit
1459 392 1693 432 hominibus
1714 392 1854 432 nostris

454 463 625 507 virtutis,
657 461 920 514 antiquitatiS,
952 460 1185 514 prudentiae,
1216 460 1430 499 consularis
1455 458 1594 506 homo,
1626 459 1760 498 soccos
1779 458 1852 497 ha-

455 529 542 566 buit
562 537 600 566 et
621 528 789 580 pallium
805 546 818 573 3
850 540 923 566 nec
943 540 1034 565 vero
1058 527 1099 565 id
1119 526 1277 566 homini
1298 536 1387 565 tum
1408 526 1633 579 quisquam,
1666 525 1730 565 sed
1751 534 1854 564 tem-

454 594 556 647 pori,
586 593 856 646 affignandum
875 593 1055 646 putavit:
1089 594 1278 632 Postumo
1298 593 1451 631 crimen
1470 592 1631 632 vestitus
1651 591 1787 631 afferet
1807 592 1854 637 is,

454 661 496 698 in
513 673 594 713 quo
610 659 693 713 spes
710 658 803 706 fuit,
821 659 925 713 posse
941 659 1017 698 sese
1032 659 1245 712 aliquando
1261 658 1308 698 ad
1328 657 1506 697 fortunas
1523 659 1606 698 suas
1622 658 1825 712 pervenire
1840 658 1854 696 ?

510 727 646 772 Nam,
678 735 724 765 ut
751 735 917 765 ventum
947 726 1000 765 est
1030 726 1313 765 Alexandriam
1342 725 1389 764 ad
1420 726 1633 771 Auletem,
1665 724 1855 777 Judices,

455 791 540 831 haec
561 806 638 831 una
657 794 755 831 ratio
776 807 797 832 a
817 807 905 846 rege
926 793 1121 846 proposita
1142 792 1331 831 Postumo
1349 791 1403 831 est
1432 791 1623 831 servandae
1651 791 1855 846 pecuniae,

457 859 483 897 fi
504 860 773 905 curationem,
805 868 844 897 et
865 859 970 912 quafi
991 859 1321 912 dispensationem
1341 859 1510 912 regiam,
1543 857 1778 912 suscepisset.
1811 856 1858 896 Id

457 925 746 969 autemsacere
778 939 858 963 non
891 934 1069 978 poterat,
1101 925 1171 963 nisi
1199 924 1412 963 dioecetes:
1446 924 1522 963 hoc
1554 924 1664 964 enim
1696 922 1859 962 nomine

458 991 599 1037 utitur,
631 992 701 1044 qui
721 1005 743 1029 a
762 1006 851 1044 rege
871 991 962 1030 effet
983 991 1236 1030 constitutus.
1270 991 1466 1030 Odiosum
1486 991 1694 1044 negotium
1715 989 1857 1029 Postu-

457 1071 525 1096 mo
545 1057 768 1096 videbatur:
793 1057 857 1095 sed
877 1067 957 1096 erat
973 1057 1083 1095 nulla
1097 1057 1263 1096 omnino
1279 1056 1483 1096 recusatio.
1503 1056 1723 1096 Molestum
1738 1056 1858 1094 etiam

457 1137 604 1162 nomen
637 1123 794 1176 ipsum:
828 1123 892 1162 sed
924 1137 982 1162 res
1015 1122 1185 1161 habebat
1217 1137 1364 1162 nomen
1396 1122 1473 1161 hoc
1505 1122 1609 1176 apud
1640 1122 1746 1168 illos,
1778 1135 1859 1160 non

457 1188 525 1228 hic
545 1190 798 1243 imposuerat.
833 1189 980 1228 Oderat
1001 1189 1186 1228 vestitum
1206 1190 1325 1228 etiam
1346 1189 1464 1228 illum
1482 1204 1491 1228 ι
1525 1189 1589 1228 sed
1609 1189 1687 1228 fine
1712 1202 1759 1228 eo
1788 1201 1860 1227 nec

460 1269 606 1294 nomen
634 1256 736 1294 illud
767 1265 934 1309 poterat,
966 1269 1038 1294 nec
1067 1269 1228 1301 munus,
1261 1256 1376 1294 tueri.
1410 1256 1518 1307 Ergo
1549 1255 1679 1293 aderat
1710 1255 1783 1300 vis,
1815 1262 1860 1293 ut

459 1322 513 1360 ait
533 1332 648 1375 poeta
677 1323 745 1360 ille
775 1322 901 1360 noster
915 1351 926 1367 ,
958 1336 1039 1375 quae
1043 1323 1207 1375 sicmmas
1211 1321 1371 1374 frangit
1389 1321 1620 1375 &firmatque
1637 1329 1728 1374 opes.
1759 1321 1858 1361 Mo·

461 1398 621 1434 teretur,
645 1389 823 1441 inquies:
857 1402 948 1426 nam
970 1387 1010 1426 id
1031 1387 1220 1440 sequitur.
1255 1387 1420 1427 Fecisset
1441 1397 1559 1433 certe,
1583 1387 1610 1426 fi
1630 1387 1708 1427 fine
1729 1386 1859 1427 maxi-

460 1469 527 1493 mo
548 1454 750 1500 dedecore,
783 1463 863 1492 tam
884 1453 1086 1507 impeditis
1113 1454 1189 1492 suis
1212 1454 1342 1499 rebus,
1375 1453 1559 1507 potuisset
1579 1453 1718 1491 emori.

517 1522 591 1560 XI.
624 1521 764 1560 Nolite
785 1521 908 1573 igitur
924 1519 1125 1559 fortunam
1142 1530 1368 1561 convertere
1388 1521 1428 1558 in
1446 1520 1627 1572 culpam;
1651 1532 1780 1572 neque
1796 1532 1857 1557 re-

460 1588 519 1639 gis
540 1587 727 1639 injuriam
746 1585 866 1639 hujus
888 1587 1039 1625 crimen
1061 1595 1222 1640 putare3
1246 1600 1317 1624 nec
1334 1586 1543 1624 confilium
1559 1599 1607 1624 ex
1624 1584 1858 1630 necestitate,

462 1668 532 1692 nec
553 1653 799 1692 voluntatem
819 1667 867 1692 ex
888 1653 942 1699 vi,
964 1653 1237 1706 interpretari:
1264 1653 1335 1692 nisi
1357 1652 1458 1691 forte
1475 1666 1538 1691 eos
1560 1652 1695 1697 etiam,
1727 1651 1797 1703 qui
1818 1651 1859 1690 in

460 1718 587 1758 hostes
619 1728 685 1757 aut
717 1718 759 1757 in
792 1718 991 1771 praedones
1023 1719 1262 1764 inciderint,
1293 1719 1320 1757 fi
1353 1719 1465 1757 aliter
1496 1717 1704 1771 quippiam
1736 1716 1861 1755 coacti

460 1785 621 1830 faciant,
639 1799 760 1837 quarn
780 1785 918 1830 libere,
934 1785 1213 1837 vituperandos
1234 1794 1363 1838 putes.
1387 1785 1523 1824 Nemo
1544 1783 1720 1822 nostrum
1741 1783 1859 1835 igno-

462 1860 519 1889 rat
534 1868 547 1895 ,·
576 1851 695 1888 etiam
716 1851 742 1888 fi
764 1851 915 1903 experti
936 1864 1015 1888 non
1037 1850 1170 1888 sumus
1188 1880 1198 1894 ,
1231 1850 1558 1888 consuetudinem
1579 1850 1741 1901 regiam.
1775 1850 1858 1887 Re-

463 1931 560 1970 gum
580 1925 711 1955 autem
731 1915 814 1955 haec
835 1916 925 1955 sunt
946 1916 1132 1968 imperia,
1164 1915 1452 1960 Animadverte,
1482 1924 1520 1954 et
1540 1914 1630 1954 dieto
1642 1924 1737 1967 pare
1751 1930 1765 1953 .-
1796 1924 1859 1959 et,

463 1985 614 2023 Praeter
633 1983 831 2036 rogitatum
836 1983 878 2036 st
893 1997 1045 2037 querare
1062 1999 1074 2022 :
1106 1993 1144 2021 et
1166 1983 1242 2021 illae
1265 1983 1381 2021 minae
1397 2012 1408 2027 ,
1441 1982 1483 2020 Si
1506 1990 1541 2021 te
1552 1980 1708 2035 stcundo
1732 1981 1862 2019 lumine

463 2050 520 2089 hic
539 2049 723 2103 qffi’ndero,
746 2050 920 2088 Moriere.
944 2051 1058 2102 Qae,
1083 2063 1161 2087 non
1184 2059 1227 2087 ut
1248 2048 1487 2087 deleuemur
1509 2048 1652 2092 solum,
1675 2047 1802 2099 legere
1821 2055 1861 2086 et

464 2116 631 2170 spectare
651 2115 854 2161 debemus,
887 2115 952 2154 sed
972 2125 1016 2154 ut
1037 2129 1169 2153 cavere
1189 2116 1323 2160 etiam,
1355 2124 1394 2153 et
1413 2114 1598 2166 effugere,
1630 2113 1840 2151 discamus.

520 2183 576 2219 At
605 2195 652 2219 ex
683 2180 759 2219 hoc
791 2181 874 2234 ipso
903 2181 1054 2219 crimen
1084 2182 1272 2220 exoritur.
1306 2182 1378 2218 Ait
1407 2180 1529 2225 enim,
1561 2179 1658 2217 dum
1685 2178 1862 2217 Gabinio

464 2248 673 2302 pecuniam
701 2246 909 2286 Postumus
937 2257 1094 2299 cogeret
1121 2261 1167 2285 ex
1196 2247 1373 2285 decumis
1407 2247 1706 2299 imperatorum,
1737 2258 1860 2297 pecu-

465 2315 572 2353 niam
592 2314 664 2352 fibi
685 2313 862 2366 coegiffe.
896 2314 991 2353 Non
1015 2314 1197 2366 intelligo
1218 2313 1294 2352 hoc
1316 2313 1429 2365 quale
1460 2314 1532 2352 sit:
1566 2321 1702 2351 utrum
1731 2310 1860 2349 acces-

466 2381 612 2419 fionem
633 2380 806 2419 decumae
821 2410 832 2426 ,
865 2389 909 2419 ut
938 2379 1056 2419 nostri
1077 2379 1203 2418 facere
1224 2382 1417 2418 coaffitores
1440 2379 1564 2418 solent
1578 2408 1591 2424 ,
1622 2376 1831 2417 centesima
1846 2395 1860 2421 ;

464 2462 511 2487 an
544 2447 800 2487 deceffionem
831 2447 879 2486 de
910 2447 1062 2486 summa
1092 2445 1245 2485 fecerit.
1289 2447 1326 2484 Si
1359 2446 1642 2490 acceffionem;
1674 2442 1859 2483 undecim

466 2514 593 2553 millia
612 2513 806 2554 talentum
826 2514 874 2554 ad
895 2513 1118 2554 Gabinium
1139 2522 1415 2566 pervenerunt.
1449 2514 1504 2552 At
1535 2525 1613 2550 non
1645 2509 1763 2549 modo
1793 2508 1862 2547 abs
