2076 2860
456 177 615 221 186,
928 171 1370 208 ORATIO

452 272 492 308 in
510 270 626 308 illum
643 270 834 312 ordinem,
851 267 953 304 nulli
969 267 1212 305 eximentur:
1231 279 1309 304 non
1327 265 1493 304 ambitio
1506 265 1552 303 ad
1568 266 1747 319 gratiam,
1764 279 1840 303 non

453 337 640 388 iniquitas
662 335 707 371 ad
730 333 1041 377 simulationem,
1073 333 1320 384 conjicietur.
1353 331 1513 383 Judices
1530 331 1768 384 judicabunt
1789 331 1841 375 ii,

452 415 549 453 quos
571 402 634 438 lex
656 400 748 452 ipsa,
773 413 851 436 non
872 412 970 450 quos
992 397 1205 436 hominum
1225 398 1365 442 libido,
1388 396 1589 451 delegerit.
1610 397 1729 449 Qod
1750 411 1842 434 cum

452 468 505 504 ita
526 467 585 510 sit,
609 465 708 503 mihi
730 464 856 508 crede,
880 464 1081 501 neminem
1102 464 1248 501 invitus
1270 463 1480 501 invitabis:
1510 476 1566 501 res
1590 463 1682 516 ipsa,
1706 472 1743 500 et
1766 463 1841 499 reia

451 532 620 585 publicae
642 539 813 581 tempus,
836 537 902 566 aut
922 542 985 566 me
1006 529 1150 581 ipsum,
1173 528 1279 580 quod
1300 528 1441 573 nolim,
1470 538 1536 567 aut
1556 528 1678 566 alium
1699 541 1841 580 quem-

453 598 572 649 piam,
604 605 670 633 aut
691 595 889 639 invitabit,
921 602 988 631 aut
1007 593 1293 632 dehortabitur.

509 661 708 713 Equidem
724 691 734 705 ,
767 669 810 697 ut
839 660 957 712 paulo
986 669 1075 697 ante
1102 659 1210 704 dixi,
1244 672 1323 696 non
1344 658 1477 697 eadem
1499 659 1690 712 supplicia
1710 658 1781 696 effe
1802 658 1843 695 in

451 727 682 766 hominibus
703 725 896 771 existimo,
914 739 1000 777 quae
1020 724 1173 762 fortaffe
1188 724 1380 777 plerique,
1398 724 1681 769 damnationes,
1699 723 1842 776 expul-

453 793 590 838 fiones,
614 806 725 830 neces
745 807 754 829 ι
788 791 957 844 denique
978 791 1130 829 nullam
1150 789 1252 828 mihi
1273 803 1432 843 poenam
1452 789 1606 828 videtur
1626 789 1767 827 habere
1788 788 1843 833 id,

454 858 561 911 quod
581 857 754 895 accidere
776 857 993 901 innocenti,
1016 856 1123 909 quod
1143 855 1253 901 forti,
1276 855 1383 908 quod
1404 854 1582 908 sapienti,
1610 854 1718 908 quod
1739 854 1846 892 bono

453 924 537 962 viro
557 933 596 962 et
615 924 693 961 civi
714 923 852 975 potest.
886 923 1100 961 Damnatio
1126 921 1209 967 ista,
1240 935 1326 974 quae
1356 922 1397 959 in
1426 929 1464 959 te
1493 921 1704 974 flagitatur,
1735 919 1843 958 obti-

454 990 514 1042 git
536 990 580 1028 P.
605 989 762 1027 Rutilio
780 1003 788 1026 :
822 988 929 1041 quod
950 988 1147 1040 specimen
1167 986 1308 1025 habuit
1329 985 1411 1025 haec
1433 987 1568 1025 civitas
1590 985 1843 1024 innocentiae.

455 1055 588 1107 Major
616 1053 718 1092 mihi
742 1053 942 1106 judicum,
975 1063 1014 1091 et
1033 1053 1276 1105 reipublicae‚
1309 1065 1423 1104 poena
1443 1052 1511 1089 illa
1530 1051 1607 1090 visa
1626 1051 1693 1096 est,
1725 1064 1845 1103 quam

457 1120 618 1158 Rutilii.
652 1121 701 1158 L.
718 1119 905 1171 Opimius
927 1119 1070 1171 ejectus
1088 1117 1140 1156 est
1155 1132 1175 1156 e
1190 1118 1326 1171 patria,
1342 1118 1389 1162 is,
1408 1118 1478 1169 qui
1498 1126 1639 1170 praetor
1653 1126 1692 1155 et
1708 1115 1844 1154 consul

454 1185 637 1224 maximis
659 1184 946 1237 rempublicam
966 1183 1151 1237 periculis
1172 1183 1366 1221 liberarat.
1399 1183 1495 1220 Non
1516 1183 1556 1220 in
1577 1196 1638 1228 eo,
1660 1182 1726 1220 cui
1745 1181 1848 1219 faeta

456 1252 507 1289 est
528 1252 684 1304 injuria,
703 1251 765 1289 sed
786 1251 826 1288 in
847 1251 910 1296 iis,
927 1251 999 1303 qui
1017 1249 1211 1294 fecerunt,
1234 1248 1387 1287 sceleris
1402 1262 1445 1286 ac
1462 1249 1709 1286 conscientiae
1729 1260 1846 1300 poena

456 1317 677 1370 permansit.
706 1318 760 1354 At
781 1326 915 1354 contra
936 1316 995 1353 bis
1018 1315 1191 1353 Catilina
1210 1314 1434 1353 absolutus:
1459 1313 1614 1352 emiffus
1635 1314 1755 1352 etiam
1775 1312 1845 1350 ille

456 1385 587 1421 anastor
607 1393 697 1420 tuus
718 1382 929 1435 provinciae
943 1411 955 1427 ,
986 1395 1079 1419 cum
1100 1381 1279 1433 stuprum
1300 1381 1417 1418 Bonae
1447 1381 1542 1419 Deae
1571 1379 1844 1432 pulvinaribus

457 1449 659 1487 intulisset.
692 1448 793 1500 Qis
815 1447 893 1486 fuit
917 1448 957 1485 in
979 1456 1085 1485 tanta
1104 1447 1287 1491 civitate,
1319 1446 1389 1497 qui
1419 1446 1536 1483 illum
1566 1445 1711 1483 incesto
1739 1444 1844 1482 libe-

457 1524 607 1559 ratum,
639 1528 718 1552 non
746 1527 834 1558 eos,
865 1514 936 1566 qui
967 1513 1021 1550 ita
1046 1512 1302 1565 judicarunt,
1334 1512 1416 1564 pari
1448 1511 1588 1549 scelere
1618 1511 1842 1555 adstrictos,

455 1580 704 1617 arbitraretur
722 1579 735 1616 ?

511 1646 600 1683 XL.
634 1646 698 1682 An
719 1657 792 1696 ego
812 1645 1038 1696 expe&em,
1071 1642 1167 1680 dum
1194 1642 1241 1680 de
1270 1651 1307 1680 te
1334 1642 1510 1694 quinque
1537 1650 1576 1679 et
1602 1640 1847 1693 septuaginta

459 1712 607 1750 tabellae
628 1711 883 1755 diribeantur,
902 1709 949 1747 de
964 1723 1044 1762 quo
1055 1709 1294 1762 jampridem
1308 1722 1446 1746 omnes
1463 1707 1645 1745 mortales
1662 1707 1846 1745 omnium

456 1791 658 1830 generum,
677 1785 850 1820 aetatum,
868 1775 1068 1819 ordinum,
1086 1775 1362 1826 judicaverunt
1379 1776 1391 1811 ?
1410 1774 1512 1826 Qis
1533 1773 1640 1811 enim
1663 1782 1700 1810 te
1718 1772 1843 1818 aditu,

458 1843 545 1895 quis
566 1842 649 1879 ullo
670 1840 832 1884 honore,
865 1839 952 1891 quis
980 1839 1149 1890 denique
1174 1839 1380 1876 communi
1402 1838 1645 1883 salutatione,
1677 1838 1845 1890 dignum

458 1917 569 1960 putet
589 1908 601 1944 ?
635 1907 784 1944 Omnes
807 1903 1282 1953 memoriamlconsulatus
1306 1904 1378 1948 tui,
1401 1902 1513 1947 facta,
1536 1916 1678 1947 mores,
1701 1903 1845 1941 faciem

458 1973 626 2024 denique
646 1985 689 2008 ac
711 1983 881 2015 nomen,
913 1983 933 2006 a
960 1969 1161 2021 republica
1187 1968 1436 2007 detestantur.
1470 1968 1634 2020 Legati,
1666 1968 1736 2020 qui
1768 1982 1846 2006 una

458 2039 579 2082 fuere,
602 2036 782 2074 alienati:
807 2035 957 2073 tribuni
978 2035 1155 2072 militum
1177 2034 1356 2072 inimici:
1380 2034 1643 2079 centuriones,
1666 2043 1704 2071 et
1725 2034 1750 2071 fi
1773 2035 1843 2086 qui

457 2119 502 2143 ex
521 2113 628 2141 tanto
644 2102 817 2140 exercitu
835 2101 976 2153 reliqui
993 2101 1139 2139 milites
1155 2100 1341 2145 existunt,
1359 2114 1437 2138 non
1457 2099 1599 2138 dimiffi
1620 2100 1687 2138 abs
1710 2109 1762 2145 te,
1779 2099 1844 2138 sed

459 2169 638 2221 diffipati,
657 2177 694 2206 te
710 2167 890 2213 oderunt,
909 2167 983 2205 tibi
998 2167 1143 2219 pestem
1159 2176 1361 2219 exoptant,
1381 2177 1417 2204 te
1432 2175 1674 2204 execrantur.
1694 2165 1845 2204 Achaia

458 2234 661 2274 exhausta:
682 2232 877 2270 Theffalia
898 2241 1054 2270 vexata:
1080 2232 1250 2270 laceratae
1273 2231 1437 2270 Athenae
1455 2247 1462 2269 :
1488 2229 1784 2283 Dyrrhachium
1804 2240 1844 2269 et

461 2299 672 2352 Apollonia
690 2298 910 2336 exinanita:
935 2298 1146 2335 Ambracia
1166 2297 1338 2349 direpta:
1369 2296 1547 2335 Parthini
1567 2306 1605 2334 et
1626 2296 1842 2336 Ballienses

458 2365 584 2404 illufi:
619 2365 762 2416 Epirus
783 2362 927 2401 excisa:
968 2362 1101 2407 Locri,
1125 2361 1280 2407 Phocii,
1303 2363 1462 2408 Boeotii,
1484 2362 1633 2401 exusti:
1666 2363 1842 2400 Acarna-

458 2434 533 2477 nia,
566 2429 863 2483 Amphilochia,
898 2428 1129 2474 Perrhaebia,
1154 2427 1502 2481 Athamanumque
1522 2442 1632 2482 gens,
1655 2428 1838 2467 vendita:
