2076 2860
433 223 509 260 194
904 202 1347 242 ORATIO

431 323 536 347 nunc
558 309 707 346 nullam
728 306 959 344 haberemus
979 319 988 342 z
1021 302 1252 341 decernebat
1272 302 1379 340 enim
1393 330 1404 346 ,
1436 309 1480 338 ut
1500 300 1696 338 veteribus
1716 300 1818 352 legi-

430 376 504 413 bus
522 373 797 412 tantummodo
813 380 921 408 extra
935 369 1115 408 ordinem
1131 377 1379 421 quaereretur.
1398 366 1532 406 Divisa
1548 366 1736 404 sententia
1751 365 1819 410 est,

430 441 648 493 postulante
676 437 804 474 nescio
832 449 938 487 quo:
972 434 1074 472 nihil
1102 434 1209 472 enim
1237 432 1383 472 neceffe
1410 432 1463 470 est
1490 432 1672 470 omnium
1706 431 1820 482 flagi-

430 507 484 543 tia
504 504 690 557 proferre.
729 503 790 539 Sic
812 501 962 553 reliqua
981 500 1187 538 auctoritas
1209 499 1361 537 senatus
1391 507 1523 550 empta
1554 496 1821 535 interceffione

430 571 578 609 sublata
597 569 664 607 est.

486 638 541 673 At
562 635 669 672 enim
692 635 769 672 Cn.
794 632 1005 685 Pompeius
1028 631 1228 683 rogatione
1249 629 1313 667 sua
1331 638 1370 668 et
1391 628 1438 666 de
1463 641 1502 667 re
1516 658 1528 674 ,
1559 638 1597 667 et
1617 628 1665 666 de
1685 627 1795 666 causa
1809 656 1821 672 ‚

425 701 634 753 judicavit.
667 699 785 737 Tulit
811 699 918 735 enim
949 697 995 734 de
1024 696 1127 734 caede
1141 725 1152 740 ‚
1184 709 1270 747 quae
1290 694 1331 732 in
1352 694 1485 746 Appia
1503 694 1565 731 via
1583 693 1684 732 faeta
1702 693 1820 738 esset,

430 768 472 805 in
493 781 570 820 qua
591 767 635 804 P.
655 765 820 803 Clodius
837 763 987 801 occisus
1004 762 1096 800 fuit.
1116 761 1226 813 Qid
1242 774 1334 813 ergo
1351 760 1468 798 tulit?
1492 773 1634 812 nempe
1654 769 1698 797 ut
1713 773 1822 810 quae-

432 842 592 871 reretur.
618 830 728 883 Qid
748 844 864 883 porro
885 828 1141 881 quaerendum
1162 827 1241 865 est?
1265 827 1481 864 Faetumne
1502 825 1575 864 fit?
1599 834 1638 863 at
1657 823 1822 862 constat.

432 901 470 937 A
498 899 609 952 quo?
642 907 679 935 at
706 906 826 949 patet.
858 895 987 940 Vidit,
1018 895 1137 932 etiam
1165 894 1205 931 in
1233 891 1470 930 confeffione
1499 890 1608 936 fasti,
1632 890 1734 943 juris
1763 898 1824 928 ta-

432 979 525 1004 men
556 963 821 1002 defenfionem
853 961 994 1014 suscipi
1025 959 1143 1013 poffe.
1176 957 1297 1010 Qod
1324 958 1394 996 nisi
1421 957 1587 1003 vidiffet,
1618 955 1722 1010 poffe
1751 956 1822 994 ab-

434 1031 530 1069 solvi
551 1044 656 1075 eum,
680 1029 749 1082 qui
770 1028 977 1066 fateretur:
1010 1040 1104 1064 cum
1124 1024 1271 1063 videret
1294 1037 1362 1061 nos
1384 1022 1523 1068 fater13
1556 1035 1683 1074 neque
1704 1021 1826 1074 quaeri

434 1110 610 1150 unquam
626 1094 812 1148 juffiffet‚
845 1107 915 1131 nec
942 1092 1053 1131 vobis
1082 1101 1161 1129 tam
1190 1091 1393 1128 salutarem
1420 1088 1521 1127 hanc
1548 1089 1590 1126 in
1609 1086 1826 1140 judicando

434 1164 613 1206 literam,
646 1174 765 1213 quam
798 1159 907 1197 illam
940 1157 1114 1202 tristem,
1146 1155 1321 1193 dedisset.
1354 1154 1463 1192 Mihi
1488 1168 1579 1192 vero
1601 1155 1678 1191 Cn.
1704 1154 1826 1190 Pom·—

435 1228 545 1280 peius
574 1240 653 1264 non
681 1225 800 1263 modo
828 1223 929 1262 nihil
956 1222 1110 1275 gravius
1138 1230 1274 1258 contra
1302 1220 1501 1257 Milonem
1521 1217 1733 1271 judicafl‘e,
1764 1217 1828 1255 sed

436 1294 555 1332 etiam
575 1291 740 1330 statuisse
761 1290 915 1328 videtur
930 1319 940 1334 ‚
972 1288 1068 1341 quid
1095 1300 1162 1325 vos
1184 1287 1224 1324 in
1241 1285 1458 1338 judicando
1479 1284 1645 1336 speetare
1666 1291 1827 1336 oporte-

438 1369 508 1398 ret.
532 1360 655 1404 Nam,
678 1358 746 1410 qui
770 1370 846 1394 non
868 1368 1027 1408 poenam
1049 1352 1293 1397 confeffioni,
1316 1350 1380 1389 sed
1400 1349 1679 1394 defenfionem,
1702 1349 1826 1394 dedit,

438 1426 469 1463 is
490 1425 643 1463 causam
664 1424 845 1461 interitus
867 1420 1114 1474 quaerendam
1131 1448 1141 1463 ,
1174 1431 1252 1456 non
1274 1417 1480 1455 interitum
1495 1446 1505 1461 ,
1537 1416 1705 1469 putavit.
1739 1416 1830 1466 Jam

439 1491 539 1529 illud
560 1491 664 1528 dicet
685 1489 763 1541 ipse
784 1487 958 1542 profecito
976 1506 987 1531 3
1010 1484 1116 1538 quod
1138 1484 1203 1522 sua
1223 1484 1358 1536 sponte
1378 1482 1488 1527 fecit,
1512 1482 1707 1520 Publione
1730 1481 1829 1518 Clo-

439 1557 504 1595 dio
526 1556 780 1594 tribuendum
802 1555 962 1606 putarit,
994 1566 1041 1589 an
1067 1551 1252 1603 tempori.

495 1624 590 1660 VII.
623 1621 747 1659 Domi
769 1620 842 1658 suae
863 1617 1124 1657 nobiliffimus
1145 1616 1218 1660 vir,
1237 1615 1387 1652 senatus
1409 1621 1692 1666 propugnator,
1714 1621 1831 1664 atque

442 1688 519 1725 illis
541 1687 703 1741 quidem
725 1685 969 1737 temporibus
991 1696 1089 1735 pene
1109 1690 1311 1734 patronuS,
1333 1678 1550 1717 avunculus
1571 1677 1689 1730 hujus
1713 1676 1831 1715 nostri

435 1754 598 1807 judicis,
621 1751 818 1790 fortiffimi
839 1750 927 1794 viri,
950 1749 1014 1787 M.
1032 1747 1210 1791 Catonis,
1229 1746 1410 1784 tribunus
1433 1745 1559 1797 plebis
1581 1744 1644 1781 M.
1663 1742 1832 1787 Drusus,

442 1818 591 1856 occisus
612 1817 678 1855 est.
699 1815 816 1854 Nihil
834 1814 880 1852 de
895 1815 978 1865 ejus
999 1820 1126 1850 morte
1146 1811 1316 1863 populus
1338 1810 1554 1853 consultus,
1578 1809 1686 1846 nulla
1706 1807 1831 1860 quaes-

445 1885 500 1922 tio
521 1880 673 1921 decreta
692 1895 713 1918 a
733 1881 864 1919 senatu
886 1879 953 1917 est.
987 1880 1194 1929 Qantum
1221 1876 1372 1913 luctum
1401 1875 1441 1911 in
1469 1874 1542 1911 hac
1564 1875 1659 1911 urbe
1679 1873 1791 1910 fuiffe
1812 1886 1834 1910 a

445 1948 582 1986 nostris
603 1946 777 2000 patribus
799 1944 1020 1996 accepimus
1036 1950 1049 1987 ,’
1079 1954 1171 1979 cum
1198 1940 1242 1978 P.
1266 1938 1456 1976 Africano
1477 1938 1585 1976 domi
1606 1937 1680 1975 suae
1701 1936 1832 1989 quies-

444 2015 549 2052 centi
571 2013 637 2051 illa
658 2013 846 2049 nocturna
865 2010 921 2048 vis
943 2008 1032 2046 effet
1054 2008 1160 2045 illata
1179 2007 1191 2043 ?
1215 2006 1303 2058 quis
1327 2014 1411 2042 tum
1434 2018 1511 2042 non
1533 2003 1685 2055 gemuit
1704 2004 1716 2040 ?
1744 2003 1833 2055 quis

448 2095 525 2118 non
547 2079 633 2117 arsit
654 2077 815 2115 dolore?
847 2089 966 2128 quem
989 2072 1268 2116 immortalem,
1291 2071 1317 2108 fi
1339 2070 1422 2108 fieri
1444 2069 1579 2123 poffet,
1601 2082 1737 2107 omnes
1760 2068 1832 2106 effe

447 2154 648 2199 cuperent,
671 2145 753 2195 ejus
772 2157 818 2180 ne
834 2141 1078 2180 necessariam
1099 2138 1260 2192 quidem
1281 2138 1521 2190 exped'tatam
1542 2135 1614 2174 effe
1634 2136 1832 2173 mortem?

449 2214 562 2252 Num
594 2212 715 2263 igitur
748 2209 826 2247 ulla
857 2208 1016 2261 quaestio
1047 2207 1093 2244 de
1125 2205 1305 2243 Africani
1336 2213 1462 2242 morte
1494 2204 1570 2240 lata
1600 2201 1684 2240 est?
1718 2202 1835 2239 Certe

449 2279 570 2317 nulla.
604 2276 713 2329 Qid
743 2277 826 2313 ita?
859 2276 950 2328 quia
983 2287 1060 2311 non
1093 2272 1169 2309 alio
1200 2270 1373 2309 facinore
1405 2270 1498 2307 clari
1530 2268 1726 2313 homines,
1758 2267 1836 2305 alio

449 2344 602 2383 obscuri
620 2373 629 2387 ,
663 2350 864 2379 necantur.
905 2339 1058 2378 Interfit
1080 2339 1181 2376 inter
1200 2337 1288 2375 vitae
1309 2336 1543 2387 dignitatem
1564 2335 1808 2373 summorum
1823 2362 1835 2377 ,

450 2422 566 2463 atque
585 2409 814 2447 infimorum
832 2422 840 2445 z
868 2420 972 2444 mors
993 2405 1154 2457 quidem
1175 2403 1282 2440 illata
1300 2416 1368 2456 per
1389 2402 1511 2440 scelus
1533 2401 1670 2439 iisdem
1690 2409 1728 2438 et
1749 2413 1835 2452 poe-

453 2479 510 2515 nis
533 2485 722 2519 teneatur,
744 2483 781 2511 et
802 2473 971 2526 legibus,
1003 2471 1087 2510 Nifi
1109 2470 1210 2509 forte
1231 2469 1354 2521 magis
1375 2469 1446 2506 crit
1468 2467 1670 2520 parricida,
1702 2465 1727 2502 fi
1749 2465 1838 2515 quis
