2076 2860
1029 205 1261 262 [414]

1086 410 1103 446 Ι
1155 411 1193 446 N

499 606 616 681 M.
726 546 1790 678 ANTONIUM

776 838 1353 877 PHILIPPICA
1431 839 1510 877 XI.

446 1049 479 1087 Ι.
647 1048 684 1086 Α
703 1048 741 1085 G
760 1047 801 1086 N
821 1047 857 1085 O
893 1046 937 1084 in
967 1045 1117 1091 dolore,
1151 1045 1282 1084 Patres
1318 1045 1547 1098 conscripti,
1579 1046 1641 1084 vel
1675 1059 1845 1085 moerore

663 1114 822 1167 potius‚·
843 1127 964 1166 quem
984 1126 1032 1150 ex
1053 1111 1205 1150 crudeli
1225 1120 1263 1149 et
1284 1112 1496 1150 miserabili
1519 1121 1647 1151 morte
1668 1114 1717 1151 C.
1737 1114 1842 1151 Tre-

445 1182 582 1227 bonii,
614 1181 759 1235 optimi
791 1180 916 1224 civis,
948 1178 1324 1231 moderatiffimique
1355 1178 1559 1225 hominis,
1591 1180 1842 1233 accepimus,

444 1248 543 1287 inest
564 1256 695 1286 tamen
715 1247 880 1300 aliquid,
904 1245 1011 1298 quod
1033 1245 1260 1298 reipublicae
1281 1244 1539 1297 profuturum
1560 1254 1714 1298 putem.
1748 1247 1844 1285 Per-

446 1310 644 1368 speximus
679 1314 801 1359 enim,
833 1322 981 1366 quanta
1012 1312 1053 1349 in
1089 1311 1151 1356 iis,
1183 1310 1253 1363 qui
1289 1320 1426 1349 contra
1460 1311 1628 1365 patriam
1661 1312 1845 1352 scelerata

445 1394 551 1420 arma
571 1388 774 1434 ceperunt,
807 1377 942 1417 ineffet
962 1378 1204 1416 immanitas.
1243 1377 1350 1416 Nam
1382 1376 1461 1416 duo
1493 1376 1577 1416 haec
1608 1379 1737 1432 capita
1755 1389 1846 1417 nata

444 1448 535 1486 sunt
555 1447 640 1502 post
660 1446 842 1485 homines
864 1454 974 1484 natos
997 1444 1196 1483 teterrima
1219 1452 1258 1482 et
1288 1443 1543 1497 spurciffima,
1576 1444 1788 1483 Dolabella
1806 1456 1846 1484 et

444 1513 646 1552 Antonius
664 1528 672 1552 :
705 1525 877 1565 quorum
899 1511 996 1549 alter
1016 1510 1163 1555 effecit,
1185 1510 1292 1562 quod
1313 1510 1496 1562 optabam
1521 1510 1567 1549 de
1588 1510 1710 1548 altero
1731 1519 1842 1564 pate-

443 1579 594 1620 saecum
614 1579 682 1625 est,
714 1579 813 1632 quid
841 1579 1047 1632 cogitaret.
1093 1578 1142 1616 L.
1167 1578 1298 1616 Cinna
1317 1576 1487 1615 crudelis
1507 1592 1515 1616 :
1551 1577 1601 1616 C.
1624 1577 1779 1616 Marius
1801 1579 1844 1616 in

444 1646 646 1687 iracundia
664 1646 932 1701 perseverans:
957 1646 1007 1684 L.
1024 1644 1130 1698 Sylla
1149 1644 1384 1683 vehemens:
1408 1657 1535 1697 neque
1556 1643 1677 1682 ullius
1698 1643 1847 1683 horum

444 1716 486 1753 in
509 1714 735 1753 ulciscendo
755 1713 944 1752 acerbitas
961 1711 1160 1766 ‘progressa
1181 1712 1283 1750 ultra
1304 1719 1475 1750 mortem
1495 1711 1548 1749 est
1567 1726 1576 1750 :
1606 1724 1692 1764 quae
1714 1719 1847 1750 tamen

444 1794 563 1833 poena
580 1780 622 1818 in
643 1780 748 1818 cives
769 1779 890 1817 nimis
910 1778 1081 1818 crudelis
1099 1778 1328 1832 putabatur.
1352 1779 1459 1816 Ecce
1480 1777 1555 1816 tibi
1571 1777 1781 1830 geminum
1801 1777 1844 1816 in

447 1846 587 1885 scelere
608 1859 690 1899 par,
721 1845 967 1890 inusitatum,
1000 1843 1240 1889 inauditum,
1262 1843 1407 1888 ferum,
1430 1843 1655 1882 barbarum.
1689 1845 1843 1896 Itaque,

445 1925 618 1964 quorum
639 1910 840 1950 summum
861 1909 1061 1963 quoddam
1081 1910 1185 1948 inter
1214 1909 1316 1963 ipsos
1338 1909 1477 1947 odium
1505 1909 1737 1962 bellumque
1757 1922 1845 1946 me-

446 1978 631 2024 ministis,
662 1977 819 2017 eosdem
850 1977 980 2032 postea
1007 1976 1192 2030 singulari
1223 1976 1325 2015 inter
1354 1975 1390 2014 se
1422 1975 1610 2014 consensu
1642 1984 1682 2014 et
1713 1989 1846 2014 amore

447 2046 626 2084 devinxit
660 2044 929 2098 impuriffimae
964 2052 1109 2082 naturae
1144 2052 1182 2081 et
1218 2042 1445 2097 turpiflimae
1479 2043 1568 2080 vitae
1607 2041 1842 2082 fimilitudo.

447 2114 556 2166 Ergo
577 2112 631 2158 id,
654 2113 761 2165 quod
782 2112 879 2151 fecit
900 2110 1110 2152 Dolabella
1130 2111 1170 2150 in
1193 2124 1274 2164 quo
1294 2111 1441 2164 potuit,
1474 2110 1612 2148 multis
1636 2110 1740 2148 idem
1762 2110 1843 2148 mi-

447 2190 563 2220 natur
584 2181 801 2219 Antonius.
840 2179 912 2219 Sed
933 2179 1017 2225 ille,
1040 2193 1133 2218 cum
1155 2179 1293 2231 procul
1316 2178 1406 2216 esset
1434 2191 1454 2216 a
1481 2177 1709 2216 consulibus
1731 2191 1845 2216 exer-

447 2248 673 2302 citibusque
708 2247 862 2292 nostris,
899 2260 970 2285 nec
1004 2245 1100 2285 dum
1136 2245 1312 2284 senatum
1348 2259 1441 2283 cum
1476 2245 1626 2298 populo
1662 2245 1845 2283 Romano

447 2314 677 2368 conspirasse
698 2313 878 2359 sensisset,
909 2312 1033 2351 frctus
1056 2312 1225 2350 Antonii
1247 2312 1387 2365 copiis,
1419 2326 1461 2350 ea
1492 2312 1631 2350 scelera
1660 2311 1842 2364 suscepit,

447 2394 534 2433 quae
555 2381 693 2419 Romae
707 2382 791 2433 jam
813 2379 987 2432 suscepta
1007 2378 1267 2416 arbitrabatur
1288 2392 1308 2415 a
1328 2377 1433 2416 socio
1458 2377 1601 2416 furoris
1623 2377 1695 2415 sui.
1733 2375 1844 2428 Qid

447 2461 540 2500 ergo
561 2445 670 2485 hunc
690 2446 797 2485 aliud
819 2446 967 2491 moliri,
986 2444 1083 2498 quid
1103 2454 1237 2497 optare
1253 2443 1432 2489 censetis,
1451 2453 1517 2482 aut
1539 2457 1657 2495 quam
1678 2442 1843 2480 omnino

447 2514 601 2554 causam
623 2514 696 2553 effe
722 2514 851 2553 belli?
885 2514 1052 2558 Omnes,
1086 2512 1154 2565 qui
1188 2511 1310 2550 li-bere
1339 2511 1385 2549 de
1418 2510 1621 2563 republica
1642 2509 1840 2553 sensimus,
