2076 2860
744 190 893 229 PRO
955 190 1298 230 MILONE.
1647 208 1725 247 229

320 290 414 344 quia
437 290 643 329 videbatur
670 290 898 343 indignum,
930 301 970 330 et
1001 291 1175 330 dominis
1209 302 1336 331 morte
1368 292 1449 346 ipsa
1481 293 1643 334 tristius.
1678 297 1724 334 In

319 371 430 396 reum
447 357 494 395 de
510 357 626 395 servis
643 357 877 396 accusatoris
894 372 989 396 cum
1007 360 1210 411 quaeritur,
1229 374 1366 398 verum
1383 361 1552 399 inveniri
1573 361 1723 414 potest?

375 424 464 475 Age
495 436 601 468 vero,
634 437 721 476 quae
752 433 833 462 erat
865 433 931 462 aut
963 425 1092 477 qualis
1125 425 1319 478 quaestio?
1353 427 1465 465 Heus
1499 436 1543 465 tu
1575 428 1725 466 Ruscio

319 489 449 541 (verbi
470 489 598 541 causa)
623 490 762 529 cavefis
784 492 989 530 mentiare.
1025 492 1192 531 Clodius
1226 493 1380 532 infidias
1413 493 1511 532 fecit
1539 494 1722 533 Miloni?

318 555 447 594 Fecit.
487 555 605 594 Certa
631 570 744 595 crux.
783 557 928 596 Nullas
960 557 1072 596 fecit.
1116 559 1273 612 Sperata
1299 560 1474 599 libertas.
1509 561 1620 614 Qid
1651 560 1724 599 hac

317 621 532 675 quaestione
552 624 697 661 certius
718 624 731 661 ?
764 624 905 662 Subito
926 624 1079 677 abrepti
1099 625 1141 662 in
1163 625 1433 678 quaestionem,
1462 636 1593 665 tamen
1615 627 1722 681 sepa-

318 698 453 727 rantur
468 702 488 726 a
503 690 667 734 caeteris,
690 699 729 728 et
745 690 786 728 in
807 703 912 728 arcas
929 691 1214 743 conjiciuntur,
1238 705 1287 729 ne
1303 693 1392 744 quis
1414 706 1508 730 cum
1525 693 1572 731 iis
1595 694 1722 732 collo—

317 755 389 807 qui
409 755 538 808 posfit.
572 756 633 794 Hi
665 765 828 794 centum
861 756 942 794 dies
975 770 1093 810 penes
1126 757 1391 796 accusatorem
1424 772 1519 797 cum
1548 758 1722 805 fuissent,

317 821 367 858 ab
391 835 437 859 eo
468 821 551 875 ipso
581 822 802 860 accusatore
829 823 1014 875 producti
1044 823 1148 863 sunt.
1182 824 1294 877 Qid
1314 823 1388 863 hac
1410 825 1624 878 quaestione
1644 826 1723 865 dici

317 887 444 940 potest
463 888 656 941 integrius
674 889 687 926 ?
719 888 817 942 quid
837 890 1107 942 incorruptius
1127 891 1140 928 ?

375 955 535 993 XXIII.
559 954 681 1007 Qod
698 954 724 993 fi
740 954 921 994 nondum
942 955 1031 994 satis
1053 958 1230 1003 cernitis,
1254 972 1348 997 cum
1370 972 1428 997 res
1450 960 1529 1013 ipsa
1552 969 1625 1006 tot,
1645 970 1725 999 tam

317 1019 432 1058 claris
454 1021 698 1073 argumentis
724 1021 919 1075 signisque
941 1022 1095 1068 luceat,
1127 1038 1225 1077 pura
1256 1035 1389 1063 mente
1422 1035 1540 1080 atque
1572 1027 1725 1080 integra

317 1086 537 1133 Milonem,
553 1088 666 1126 nullo
681 1088 821 1127 scelere
835 1089 1055 1135 imbutum,
1073 1091 1185 1129 nullo
1201 1101 1312 1130 metu
1328 1095 1599 1145 perterritum,
1616 1095 1725 1133 nulla

315 1153 558 1192 conscientia
577 1155 863 1199 exanimatum,
896 1156 1070 1194 Romam
1091 1157 1313 1203 revertiffe;
1348 1159 1624 1205 recordamini,
1658 1174 1725 1213 per

318 1221 426 1259 Deos
443 1220 710 1260 immortales!
735 1235 821 1274 quae
842 1221 963 1261 fuerit
984 1223 1162 1262 celeritas
1183 1225 1332 1264 reditus
1353 1227 1457 1278 ejus:
1482 1227 1552 1279 qui
1572 1227 1723 1281 ingres-

318 1286 379 1326 sus
402 1287 442 1325 in
464 1287 613 1334 forum,
631 1288 790 1327 ardente
810 1290 938 1328 curia:
958 1303 1045 1343 quae
1067 1292 1303 1344 magnitudo
1323 1293 1462 1339 animi,
1481 1295 1551 1346 qui
1572 1294 1722 1340 vultus,

315 1368 405 1408 quae
425 1355 565 1394 oratio.
609 1356 753 1410 Neque
773 1370 865 1395 vero
886 1356 923 1395 se
943 1358 1094 1411 populo
1115 1358 1244 1398 solum
1260 1390 1270 1406 ‚
1303 1359 1367 1398 sed
1397 1362 1516 1400 etiam
1547 1361 1722 1407 senatui,

316 1421 539 1460 commisit:
563 1435 692 1475 neque
713 1422 862 1461 senatui
882 1423 1018 1469 modo,
1041 1423 1105 1462 sed
1126 1425 1244 1464 etiam
1266 1427 1440 1479 publicis
1462 1427 1664 1480 praefidiis,
1687 1438 1726 1466 et

315 1487 435 1526 armis
455 1503 464 1526 :
497 1501 626 1541 neque
652 1487 715 1527 his
742 1498 913 1535 tantum,
945 1503 1083 1528 verum
1104 1492 1224 1530 etiam
1245 1493 1328 1544 ejus
1350 1492 1545 1545 potestati,
1578 1494 1644 1531 cui
1665 1493 1724 1532 se-

317 1563 431 1592 natus
454 1563 579 1592 totam
600 1555 890 1607 rempublicam
905 1584 917 1600 ,
948 1568 1111 1594 omnem
1133 1557 1256 1596 Italiae
1277 1559 1425 1609 pubem
1441 1587 1452 1604 ,
1485 1561 1625 1597 cuneca
1650 1574 1723 1612 po-

319 1620 406 1672 puli
426 1620 602 1657 Romani
622 1633 742 1665 arma,
775 1620 1039 1660 commiserat.
1075 1622 1153 1660 Cui
1174 1622 1211 1660 se
1232 1637 1437 1676 nunquam
1460 1623 1526 1661 hic
1548 1624 1726 1677 profecto

319 1684 548 1730 tradidisset,
566 1685 637 1723 nifi
654 1685 775 1724 causae
796 1685 870 1724 suae
891 1685 1127 1734 confideret3
1152 1688 1366 1741 praesertim
1382 1690 1516 1728 omnia
1531 1689 1723 1737 audienti,

318 1764 462 1803 magna
481 1751 692 1798 metuenti,
725 1752 853 1790 multa
877 1752 1103 1805 suspicanti,
1135 1755 1330 1793 nonnulla
1350 1755 1541 1795 credenti.
1574 1756 1725 1810 Magna

318 1817 375 1856 vis
398 1817 451 1855 est
471 1817 736 1864 conscientiae,
759 1818 936 1870 JudiceS,
966 1828 1005 1857 et
1025 1833 1169 1873 magna
1188 1821 1230 1859 in
1252 1827 1460 1874 utramqhe
1480 1832 1655 1875 partem:
1680 1834 1726 1863 ut

317 1897 446 1937 neque
467 1885 646 1930 timeant,
674 1885 744 1937 qui
766 1884 868 1923 nihil
890 1885 1163 1925 commiserint
1178 1906 1191 1934 ⁵
1224 1897 1263 1927 et
1283 1902 1443 1942 pcenam
1464 1888 1616 1943 semper
1635 1900 1725 1930 ante

316 1950 453 1988 oculos
474 1950 614 1988 versari
633 1960 792 2004 putent,
823 1952 894 2004 qui
914 1953 1131 2005 peccarint.

375 2017 518 2069 Neque
544 2030 636 2055 vero
666 2018 744 2056 fine
776 2018 926 2056 radone
956 2027 1062 2057 certa
1090 2019 1201 2058 causa
1233 2020 1404 2060 Milonis
1435 2022 1587 2076 semper
1615 2036 1636 2061 a
1665 2023 1722 2061 se-

319 2092 412 2121 natu
434 2084 597 2136 probata
617 2083 683 2123 est.
701 2084 901 2123 Videbant
923 2086 1030 2123 enim
1052 2085 1321 2140 sapientissimi
1341 2087 1525 2128 homines
1547 2089 1640 2128 faeci
1662 2103 1722 2128 ra-

319 2149 469 2186 tionem
487 2179 496 2193 ‚
529 2149 773 2201 praesentiam
799 2151 948 2196 animi,
981 2150 1216 2191 defenfionis
1239 2154 1512 2194 constantiam.
1546 2157 1610 2194 An
1632 2170 1724 2193 vero

319 2213 436 2251 obliti
458 2215 545 2252 estis
561 2245 571 2259 ‚
605 2214 765 2265 Judices
781 2246 792 2262 ,
825 2218 973 2255 recenti
995 2218 1066 2257 illo
1088 2221 1230 2258 nuntio
1251 2221 1358 2259 necis
1382 2222 1584 2260 Clodianae
1599 2252 1609 2267 ‚
1643 2236 1723 2260 non

321 2281 439 2317 modo
473 2282 731 2321 inimicorum
763 2283 933 2322 Milonis
968 2285 1163 2326 sermones
1196 2297 1235 2326 et
1267 2289 1490 2341 opiniones,
1523 2289 1585 2327 sed
1619 2303 1722 2326 non-

320 2347 523 2384 nullorum
545 2348 663 2386 etiam
685 2350 961 2403 imperitorum
981 2354 993 2390 ?
1026 2354 1238 2406 Negabant
1259 2369 1351 2393 eum
1373 2356 1545 2394 Romam
1567 2355 1638 2393 esse
1660 2369 1721 2393 re-

318 2414 513 2452 diturum.
548 2415 634 2453 Sive
665 2417 773 2455 enim
806 2418 906 2457 illud
939 2420 1072 2458 animo
1103 2422 1201 2459 irato
1231 2435 1274 2459 ac
1302 2423 1453 2474 percito
1485 2422 1645 2466 fecisset,
1678 2431 1723 2460 ut

319 2480 500 2518 incensus
530 2480 621 2519 odio
654 2483 866 2523 trucidaret
899 2486 1140 2533 inimicum3
1173 2488 1478 2534 arbitrabantur,
1511 2502 1601 2526 eum
1624 2488 1722 2526 tanti

404 2549 469 2585 To
483 2561 535 2586 M.
571 2549 644 2587 VI.
1324 2554 1362 2591 D
1395 2554 1419 2591 d
