2076 2860
331 179 401 204 102
798 165 1243 205 ORATIO

322 263 477 310 videtis,
508 278 587 302 non
609 272 673 301 aut
694 262 858 300 stantem
878 260 1267 315 comprehenderint,
1289 274 1355 302 aut
1376 264 1599 317 fugientem
1620 280 1718 305 con-

323 330 445 368 secuti
467 331 553 369 fint.
575 330 657 382 Qi
678 329 713 366 se
735 342 940 382 nunquam
960 328 1152 382 profecto,
1170 330 1197 368 si
1219 330 1337 370 istum
1353 332 1394 370 in
1410 332 1545 372 locum
1564 334 1717 386 proces-

324 396 454 442 serint,
486 396 770 449 explicabunt3
804 409 924 447 quam
944 396 1079 442 volent
1109 397 1148 434 in
1171 398 1363 437 conviviis
1384 398 1518 445 faceti,
1550 399 1717 446 dicaces,

322 475 607 515 nonnunquam
628 462 747 499 etiam
768 460 815 498 ad
836 462 975 500 vinum
997 462 1130 501 diserti
1151 463 1239 502 sint.
1263 464 1356 503 Alia
1375 464 1451 504 fori
1472 466 1530 504 vis
1551 466 1620 512 est,
1645 467 1720 505 alia

321 528 508 565 triclinii:
528 528 601 565 alia
621 527 896 565 subselliorum
919 529 1031 574 ratio,
1049 529 1124 567 alia
1144 530 1361 570 lectorum:
1381 546 1461 571 non
1482 533 1589 571 idem
1603 533 1716 586 judi-

319 607 426 638 cum,
450 593 836 646 comifl‘atorumque,
860 594 1089 646 conspectus
1109 611 1117 633 :
1151 596 1221 634 lux
1242 597 1412 651 denique
1433 598 1551 652 longe
1571 599 1647 637 alia
1665 599 1719 638 est

319 659 422 704 solis,
440 669 478 697 et
494 659 749 711 lychnorum.
761 660 1033 712 Qamobrem
1049 661 1296 701 excutiemus
1313 678 1449 703 omnes
1467 665 1630 703 istorum
1646 665 1717 704 de-

318 724 441 770 licias,
473 739 610 764 omnes
641 726 822 778 ineptias,
855 726 880 764 fi
902 726 1135 779 prodierint.
1180 728 1269 773 Sed,
1301 729 1327 768 fi
1353 744 1416 768 me
1437 731 1612 776 audiant,
1644 745 1714 769 na-

317 800 408 828 vent
429 792 545 830 aliam
566 806 740 845 operam,
771 792 888 830 aliam
909 793 1042 831 ineant
1062 793 1242 846 gratiam,
1275 795 1316 833 in
1344 795 1430 834 aliis
1457 796 1493 834 se
1514 797 1630 834 rebus
1651 797 1714 835 os-

318 866 470 895 tentent
489 873 497 895 :
531 859 687 910 vigeant
708 858 811 910 apud
832 858 943 897 istam
965 859 1173 897 mulierem
1201 861 1398 899 venustate
1416 881 1426 907 ;
1460 862 1717 901 dominentur

318 924 566 976 sumptibus;
599 924 783 970 haereant,
810 927 980 978 jaceant,
1004 926 1243 965 deserviant:
1268 929 1390 981 capiti
1410 943 1500 967 vero
1521 931 1714 969 innocen-

316 990 364 1028 tis
386 1000 425 1028 et
445 990 615 1029 fortunis
636 1001 810 1044 parcant.

370 1056 526 1095 XXIX.
560 1058 616 1095 At
633 1057 722 1095 sunt
743 1057 838 1095 servi
859 1057 921 1095 illi
942 1057 989 1095 de
1010 1067 1270 1111 cognatorum
1291 1059 1495 1107 sententia,
1517 1060 1712 1100 nobiliffi-

315 1135 472 1159 morum
489 1132 527 1160 et
543 1123 843 1161 clarisfimorum
859 1122 1087 1169 hominum,
1107 1126 1344 1165 manumifii.
1363 1127 1546 1165 Tandem
1562 1127 1715 1180 aliquid

315 1189 554 1234 invenimus,
573 1190 680 1242 quod
696 1190 764 1228 ista
780 1191 924 1229 mulier
945 1191 992 1229 de
1012 1191 1171 1229 suorum
1192 1194 1526 1246 propinquorum,
1548 1193 1713 1233 fortiffi-

314 1267 472 1293 morum
504 1257 694 1301 virorum,
726 1257 916 1295 sententia
947 1267 1065 1310 atque
1095 1259 1324 1297 auctoritate
1356 1259 1486 1298 feciffe
1518 1260 1711 1300 videatur.

314 1321 387 1358 Sed
419 1321 515 1359 scire
546 1323 680 1375 cupio,
712 1324 809 1375 quid
841 1323 982 1361 habeat
1011 1326 1234 1376 argumenti
1265 1325 1334 1363 ista
1362 1326 1637 1366 manumiffio:
1670 1327 1714 1366 in

312 1401 390 1438 qua
409 1398 475 1425 aut
497 1388 647 1426 crimen
669 1389 722 1426 est
745 1390 868 1428 Caelio
889 1390 1110 1442 quaefitum‚
1141 1400 1208 1428 aut
1229 1392 1391 1444 quaestio
1412 1392 1623 1438 sublevata,
1645 1402 1713 1432 aut

312 1454 530 1493 multarum
570 1469 701 1494 rerum
735 1457 901 1495 consciis
938 1457 1053 1495 servis
1092 1471 1186 1496 cum
1221 1458 1333 1496 causa
1370 1459 1580 1512 praemium
1620 1474 1710 1513 per-

312 1519 501 1559 solutum.

367 1587 422 1624 At
442 1588 677 1640 propinquis
699 1589 862 1640 placuit.
907 1590 990 1627 Cur
1010 1603 1089 1627 non
1111 1590 1306 1642 placeret,
1338 1605 1432 1629 cum
1453 1605 1536 1629 rem
1559 1600 1643 1629 tute
1663 1591 1712 1630 ad

310 1666 375 1690 eos
398 1667 475 1691 non
498 1654 544 1691 ab
567 1654 652 1692 aliis
684 1654 759 1692 tibi
779 1655 952 1700 allatam,
984 1655 1048 1693 sed
1069 1669 1090 1693 a
1110 1665 1147 1693 te
1168 1656 1249 1709 ipsa
1260 1666 1529 1710 compertam,
1561 1656 1711 1696 deferre

310 1719 456 1757 diceres
475 1722 487 1757 ?
520 1721 602 1758 Hic
624 1721 742 1758 etiam
764 1721 968 1766 miramur,
1000 1722 1026 1759 fi
1048 1723 1159 1760 illam
1180 1724 1500 1762 commentitiam
1519 1724 1709 1777 pyxidem

309 1785 595 1823 obscoeniffima
617 1786 660 1823 s1t
681 1785 816 1823 fabula
835 1786 1043 1824 consecuta
1061 1789 1074 1824 ?
1098 1787 1215 1825 Nihil
1236 1789 1303 1833 est,
1327 1789 1434 1840 quod
1453 1789 1494 1827 in
1515 1790 1710 1841 ejusmodi

311 1851 518 1888 mulierem
540 1865 618 1889 non
641 1852 775 1889 cadere
796 1852 985 1890 videatur.
1009 1852 1159 1890 Audita
1174 1861 1212 1890 et
1228 1854 1493 1905 percelebrata
1512 1854 1706 1893 sermoni-

312 1917 383 1955 bus
406 1931 463 1955 res
485 1917 552 1955 est.
586 1917 790 1970 percipitis
812 1918 968 1963 animis,
995 1918 1171 1969 Judices,
1188 1919 1429 1971 jamdudum
1450 1920 1548 1972 quid
1567 1921 1705 1967 velim,

311 1983 370 2021 vel
392 1983 539 2035 potins,
563 1983 659 2036 quid
682 1984 822 2029 nolim,
845 1984 987 2023 dicere.
1013 1985 1134 2037 Qod
1155 1985 1273 2023 etiam
1295 1985 1320 2023 s1
1342 1985 1395 2023 est
1415 1985 1580 2032 factum,
1602 1997 1708 2026 certe

308 2064 329 2087 a
351 2050 473 2088 Caelio
495 2064 573 2088 non
595 2050 647 2088 est
668 2050 816 2089 factum
834 2066 841 2089 :
866 2051 962 2104 quid
983 2052 1090 2091 enim
1110 2053 1329 2092 attinebat?
1353 2053 1420 2091 Est
1440 2053 1547 2092 enim
1563 2054 1610 2091 ab
1631 2054 1705 2092 ali--

309 2131 388 2170 quo
408 2117 561 2155 fortafl‘e
581 2118 837 2163 adolescente,
870 2133 949 2156 non
972 2128 1051 2157 tam
1072 2119 1231 2164 insulso,
1263 2134 1382 2172 quam
1413 2134 1492 2158 non
1513 2135 1704 2159 verecun-

309 2183 373 2221 do.
399 2183 464 2220 Sin
485 2192 615 2221 autem
637 2184 689 2221 est
710 2184 872 2229 fistum5
898 2198 977 2222 non
993 2184 1095 2222 illud
1116 2185 1277 2238 quidem
1300 2185 1535 2232 modestum,
1559 2187 1622 2224 sed
1644 2195 1703 2225 ta-

309 2264 399 2288 men
422 2250 474 2288 est
495 2264 574 2288 non
596 2250 817 2296 inficetum,
850 2251 1115 2290 mendacium.
1161 2252 1281 2304 Qod
1302 2252 1478 2305 profecto
1499 2267 1704 2307 nunquam

307 2316 520 2355 hominum
541 2316 666 2355 sermo
686 2326 803 2369 atque
824 2317 958 2370 opinio
988 2318 1272 2371 comprobasset
1287 2348 1297 2363 ,
1330 2318 1399 2357 nifi
1428 2319 1561 2357 omnia
1575 2349 1586 2365 ,
1617 2333 1704 2372 quae

307 2396 401 2420 cum
422 2383 669 2435 turpitudine
689 2383 819 2436 aliqua
839 2383 1061 2422 dicerentur
1075 2413 1086 2430 ,
1118 2384 1159 2421 in
1180 2383 1290 2422 istam
1312 2384 1498 2437 quadrare
1525 2394 1613 2439 apte
1639 2385 1699 2424 vi-

308 2449 504 2487 derenmr.
