2076 2860
698 147 840 187 PRO
901 148 946 186 P.
1010 146 1305 185 SEXTIO.
1656 161 1705 199 59

301 257 453 287 tantam
474 246 766 299 rempublicam
788 245 865 283 suis
887 244 1059 282 consiliis
1082 253 1148 282 aut
1176 243 1378 281 laboribus
1405 251 1472 281 aut
1499 243 1706 289 auxerint,

301 325 368 353 aut
389 313 638 352 defenderint
653 341 663 357 ‚
696 321 763 350 aut
789 312 974 350 servarint
988 340 999 357 ,
1032 309 1105 348 ess'e
1125 310 1395 349 immortalem
1417 309 1587 362 gloriam
1608 324 1710 348 con-<-

301 382 470 420 secutos.

306 458 307 461 ’
357 449 512 487 LXIX.
547 446 621 484 Sed
650 459 715 484 me
745 454 919 499 repente,
952 444 1130 496 Judices,
1163 445 1210 483 de
1235 444 1538 483 fortiffimorum
1566 453 1605 482 et
1626 444 1707 482 cla<

301 515 541 554 riffimorum
561 514 712 552 civium
734 513 928 565 dignitate
947 522 986 550 et
1006 512 1133 565 gloria
1152 512 1367 557 dicentem,
1398 522 1437 550 et
1457 512 1571 565 plura
1591 512 1710 549 etiam

301 582 431 620 dicere
451 590 669 636 parantem,
687 579 834 618 horum
850 579 1024 632 aspectus
1046 580 1087 616 in
1108 579 1192 632 ipso
1213 578 1328 616 cursu
1349 579 1537 616 orationis
1561 578 1707 631 repres—

301 650 362 688 fit.
381 649 510 687 Video
532 649 577 687 P.
603 648 797 692 Sextium,
822 660 917 685 meae
939 645 1089 691 salutis,
1107 645 1237 684 vestrae
1258 646 1516 690 auetoritatis,
1539 645 1710 698 publicae

301 715 422 754 causae
435 714 696 759 defensorem,
714 721 1066 767 propugnatorem,
1085 713 1298 756 auctorem,
1318 725 1450 750 reum:
1469 710 1584 749 video
1600 709 1709 749 hunc

301 791 581 836 praetextatum
609 782 692 834 ejus
724 781 855 819 filium
882 780 1010 818 oculis
1036 779 1348 831 lacrymantibus
1370 792 1434 817 me
1455 779 1708 817 intuentem:

302 850 419 889 video
450 850 668 893 Milonem,
700 846 902 885 vindicem
933 845 1064 884 vestrae
1097 846 1307 891 libertatis,
1342 845 1545 884 custodem
1577 845 1711 884 salutis

305 931 416 962 meae,
448 911 665 954 subsidium
685 913 838 952 afflietae
860 912 1104 966 reipublic-ae,
1136 913 1400 951 extinctorem
1421 911 1627 951 domestici
1653 911 1711 949 la-

305 983 491 1029 trocinii,
524 981 776 1036 reprefforem
808 980 924 1019 caedis
957 979 1224 1033 quotidianae,
1258 978 1503 1018 defensorem
1536 978 1710 1032 templo-

305 1065 394 1089 rum
426 1059 544 1103 atque
578 1051 787 1094 tectorum,
820 1046 1044 1101 praefidium
1075 1047 1209 1092 curiae,
1242 1045 1485 1085 sordidatum
1510 1055 1549 1084 et
1570 1060 1710 1085 reum:

303 1117 418 1155 video
448 1117 493 1155 P.
519 1115 742 1154 Lentulum
757 1145 769 1160 ‚
800 1115 914 1167 cujus
941 1127 1014 1166 ego
1035 1122 1188 1167 patrem
1208 1113 1327 1151 deum
1348 1127 1392 1152 ac
1413 1122 1617 1166 parentem
1638 1112 1711 1151 sta-

305 1192 377 1222 tuo
396 1182 567 1222 fortunae
582 1196 626 1220 ac
642 1181 817 1220 nominis
840 1181 933 1226 mei,
952 1189 992 1218 et
1013 1179 1158 1226 fratris,
1178 1194 1390 1233 rerumque
1413 1179 1648 1224 nostrarum,
1672 1179 1713 1216 in

307 1249 385 1288 hoc
407 1250 548 1288 mise-ro
575 1249 754 1302 squalore
780 1257 819 1286 et
848 1247 1055 1286 sordibus:
1089 1248 1155 1286 cui
1186 1247 1362 1300 superior
1388 1260 1514 1285 annus
1543 1246 1649 1284 idem
1677 1255 1715 1283 et

306 1317 479 1362 virilem,
513 1317 661 1370 patris;
695 1324 733 1353 et
753 1323 999 1368 praetextam,
1032 1314 1171 1366 populi
1187 1313 1360 1366 judicio,
1391 1322 1525 1366 togam
1548 1311 1714 1356 dederit,

307 1382 417 1422 hunc
447 1382 525 1422 hoc
557 1396 660 1421 anno
700 1383 740 1420 in
775 1380 849 1420 hac
883 1391 975 1434 toga
1006 1381 1221 1433 rogationis
1255 1380 1512 1433 injustiflimae
1544 1379 1717 1418 subi-tam

306 1450 563 1488 acerbitatem
597 1463 670 1503 pro
704 1458 814 1502 patre
846 1447 1084 1495 fortiffimo‚
1116 1456 1156 1487 et
1187 1447 1398 1486 clariffimo
1430 1447 1541 1493 cive,
1574 1445 1715 1500 depre-

307 1521 480 1556 cantem.

365 1584 501 1635 Atque
520 1582 588 1620 hic
610 1591 670 1620 tot
689 1590 728 1620 et
749 1582 892 1619 talium
911 1581 1062 1619 civium
1084 1579 1254 1632 squalor,
1286 1578 1354 1617 hic
1376 1579 1521 1624 luerim,
1550 1576 1611 1616 hae
1632 1576 1714 1616 sor·

309 1648 376 1687 des
409 1648 594 1701 susceptae
627 1648 717 1686 sunt
748 1656 910 1701 propter
941 1660 1068 1684 unum
1100 1659 1178 1691 me,
1215 1645 1309 1698 quia
1341 1659 1405 1684 me
1437 1644 1715 1689 defenderunt,

310 1717 404 1769 quia
423 1730 560 1754 meum
581 1715 713 1753 casum
734 1715 968 1766 luctumque
990 1713 1203 1751 doluerunt
1219 1742 1229 1757 ,
1263 1713 1356 1765 quia
1384 1727 1447 1750 me
1469 1713 1623 1764 lugenti
1644 1725 1716 1764 pa-

311 1784 409 1829 triae,
440 1782 635 1835 flagitanti
655 1781 819 1826 senatui,
852 1779 1029 1833 poscenti
1051 1779 1189 1824 Italiae‚
1219 1779 1332 1817 vobis
1354 1780 1543 1817 omnibus
1564 1779 1717 1817 oranti-

313 1848 402 1894 bus,
434 1847 703 1886 reddiderunt.
737 1845 859 1898 Qod
881 1855 1037 1884 tantum
1058 1844 1112 1883 est
1132 1845 1173 1883 in
1195 1858 1259 1883 me
1280 1844 1405 1883 scelus
1423 1846 1435 1883 ?
1463 1844 1562 1898 quid
1584 1853 1717 1883 tanto-

311 1929 402 1969 pere
434 1914 586 1968 deliqui
617 1914 704 1959 illo,
736 1913 808 1951 illo
836 1913 914 1958 die,
946 1926 1040 1950 cum
1072 1911 1120 1949 ad
1147 1925 1215 1950 vos
1245 1911 1407 1957 indicia,
1439 1911 1585 1957 literas,
1617 1925 1721 1949 con-

311 1981 506 2027 feffmnes,
524 1981 752 2019 communis
773 1979 886 2018 exitii
908 1979 1061 2017 detuli?
1080 1992 1174 2016 cum
1194 1978 1305 2031 parui
1328 1978 1440 2016 vobis
1458 1979 1471 2016 ?
1494 1980 1565 2023 At,
1585 1977 1611 2016 fi
1633 1977 1717 2015 sce—

311 2048 454 2087 lestum
473 2047 527 2086 est
548 2061 675 2086 amare
696 2047 877 2100 patriam,
896 2045 1042 2098 pertuli
1065 2058 1273 2097 poenarum
1296 2044 1408 2082 satis:
1428 2044 1555 2083 eversa
1575 2044 1718 2082 domus

313 2115 381 2160 est,
404 2114 573 2153 fortunae
592 2122 755 2158 vexatae,
778 2112 947 2165 diffipati
968 2112 1098 2157 liberi,
1117 2121 1265 2164 raptata
1285 2112 1447 2164 conjux,
1471 2110 1589 2149 frater
1609 2110 1718 2163 opti·

314 2195 419 2227 mus,
451 2180 679 2218 incredibili
707 2179 868 2232 pietate,
899 2192 1030 2216 amore
1052 2177 1245 2223 inaudito,
1279 2177 1457 2215 maximo
1479 2178 1519 2215 in
1542 2176 1720 2229 squalore

314 2248 514 2286 volutatus
535 2246 589 2284 est
609 2246 656 2284 ad
677 2246 793 2299 pedes
817 2245 1205 2283 inimiciffimorum:
1229 2258 1303 2296 ego
1324 2244 1458 2296 pulsus
1481 2244 1570 2288 aris,
1601 2242 1717 2288 focis,

318 2314 408 2352 Diis
430 2312 653 2365 penatibus,
685 2311 886 2350 distraetus
908 2312 1062 2356 aineis,
1094 2311 1202 2349 carui
1232 2311 1368 2363 patria,
1401 2324 1536 2362 quam,
1569 2310 1627 2347 uti
1660 2309 1718 2346 le-

317 2380 466 2419 viffime
483 2378 627 2424 dicam,
646 2389 750 2417 certe
768 2388 963 2417 texeram:
988 2378 1134 2430 pertuli
1151 2377 1427 2415 crudelitatem
1445 2376 1718 2422 inimicorum,

318 2447 441 2486 scelus
463 2444 701 2491 infidelium,
733 2444 911 2485 fraudem
933 2443 1175 2483 invidorum.

1318 2508 1357 2546 H
1391 2521 1413 2546 2
