<?xml version="1.0" encoding="UTF-8"?>
<!DOCTYPE html PUBLIC "-//W3C//DTD XHTML 1.0 Transitional//EN"
    "http://www.w3.org/TR/xhtml1/DTD/xhtml1-transitional.dtd">
<html xmlns="http://www.w3.org/1999/xhtml" xml:lang="en" lang="en">
 <head>
  <title>
</title>
<meta http-equiv="Content-Type" content="text/html;charset=utf-8" />
  <meta name='ocr-system' content='tesseract 3.04.00' />
  <meta name='ocr-capabilities' content='ocr_page ocr_carea ocr_par ocr_line ocrx_word'/>
</head>
<body>
  <div class='ocr_page' id='page_1' title='image "./operacumindicibu06ciceuoft_0162.png"; bbox 0 0 2076 2860; ppageno 0'>
   <div class='ocr_carea' id='block_1_1' title="bbox 445 199 1364 255">
    <p class='ocr_par' dir='ltr' id='par_1_1' title="bbox 445 199 1364 255">
     <span class='ocr_line' id='line_1_1' title="bbox 445 199 1364 255; baseline -0.007 -13"><span class='ocrx_word' id='word_1_1' title='bbox 445 217 515 255; x_wconf 79' lang='lat'>152</span> <span class='ocrx_word' id='word_1_2' title='bbox 918 199 1364 238; x_wconf 88' lang='lat' dir='ltr'>ORATIO</span> 
     </span>
    </p>
   </div>
   <div class='ocr_carea' id='block_1_2' title="bbox 434 293 1831 2453">
    <p class='ocr_par' dir='ltr' id='par_1_2' title="bbox 437 293 1826 473">
     <span class='ocr_line' id='line_1_2' title="bbox 438 293 1826 352; baseline -0.002 -15"><span class='ocrx_word' id='word_1_3' title='bbox 438 299 630 352; x_wconf 83' lang='lat' dir='ltr'>suffragiis</span> <span class='ocrx_word' id='word_1_4' title='bbox 662 300 830 352; x_wconf 85' lang='lat' dir='ltr'>populus</span> <span class='ocrx_word' id='word_1_5' title='bbox 862 298 1066 335; x_wconf 83' lang='lat' dir='ltr'>Romanus</span> <span class='ocrx_word' id='word_1_6' title='bbox 1098 295 1292 340; x_wconf 86' lang='lat' dir='ltr'>faciebat;</span> <span class='ocrx_word' id='word_1_7' title='bbox 1325 294 1482 332; x_wconf 87' lang='lat' dir='ltr'>homini</span> <span class='ocrx_word' id='word_1_8' title='bbox 1512 293 1579 332; x_wconf 92' lang='lat' dir='ltr'>ille</span> <span class='ocrx_word' id='word_1_9' title='bbox 1608 294 1826 341; x_wconf 86' lang='lat' dir='ltr'>honorem,</span> 
     </span>
     <span class='ocr_line' id='line_1_3' title="bbox 439 360 1826 417; baseline -0.001 -14"><span class='ocrx_word' id='word_1_10' title='bbox 439 379 516 403; x_wconf 89' lang='lat' dir='ltr'>non</span> <span class='ocrx_word' id='word_1_11' title='bbox 537 366 666 417; x_wconf 81' lang='lat' dir='ltr'><strong>generi</strong></span> <span class='ocrx_word' id='word_1_12' title='bbox 685 383 697 409; x_wconf 72' lang='lat'>5</span> <span class='ocrx_word' id='word_1_13' title='bbox 729 364 922 408; x_wconf 88' lang='lat' dir='ltr'>moribus,</span> <span class='ocrx_word' id='word_1_14' title='bbox 955 376 1034 401; x_wconf 89' lang='lat' dir='ltr'>non</span> <span class='ocrx_word' id='word_1_15' title='bbox 1055 362 1270 414; x_wconf 86' lang='lat' dir='ltr'>majoribus</span> <span class='ocrx_word' id='word_1_16' title='bbox 1292 360 1415 406; x_wconf 72' lang='lat' dir='ltr'>meis,</span> <span class='ocrx_word' id='word_1_17' title='bbox 1448 361 1586 399; x_wconf 87' lang='lat' dir='ltr'>virtuti</span> <span class='ocrx_word' id='word_1_18' title='bbox 1606 361 1826 414; x_wconf 62' lang='lat' dir='ltr'>perspeetae,</span> 
     </span>
     <span class='ocr_line' id='line_1_4' title="bbox 437 428 1155 473; baseline -0.004 -5"><span class='ocrx_word' id='word_1_19' title='bbox 437 445 515 468; x_wconf 88' lang='lat' dir='ltr'>non</span> <span class='ocrx_word' id='word_1_20' title='bbox 538 431 676 468; x_wconf 80' lang='lat' dir='ltr'>auditae</span> <span class='ocrx_word' id='word_1_21' title='bbox 698 429 912 473; x_wconf 82' lang='lat' dir='ltr'>nobilitati,</span> <span class='ocrx_word' id='word_1_22' title='bbox 944 428 1155 466; x_wconf 83' lang='lat' dir='ltr'>deserebat.</span> 
     </span>
    </p>

    <p class='ocr_par' dir='ltr' id='par_1_3' title="bbox 434 492 1830 1191">
     <span class='ocr_line' id='line_1_5' title="bbox 492 492 1825 547; baseline -0.003 -14"><span class='ocrx_word' id='word_1_23' title='bbox 492 497 598 534; x_wconf 77' lang='lat' dir='ltr'>Nam</span> <span class='ocrx_word' id='word_1_24' title='bbox 620 495 715 547; x_wconf 90' lang='lat' dir='ltr'>quid</span> <span class='ocrx_word' id='word_1_25' title='bbox 737 508 809 547; x_wconf 84' lang='lat' dir='ltr'>ego</span> <span class='ocrx_word' id='word_1_26' title='bbox 831 494 876 532; x_wconf 89' lang='lat' dir='ltr'>de</span> <span class='ocrx_word' id='word_1_27' title='bbox 898 495 1102 532; x_wconf 84' lang='lat' dir='ltr'>consulatu</span> <span class='ocrx_word' id='word_1_28' title='bbox 1123 494 1261 546; x_wconf 88' lang='lat' dir='ltr'>loquar</span> <span class='ocrx_word' id='word_1_29' title='bbox 1280 494 1292 530; x_wconf 91' lang='lat'>?</span> <span class='ocrx_word' id='word_1_30' title='bbox 1324 501 1435 546; x_wconf 89' lang='lat' dir='ltr'>parto</span> <span class='ocrx_word' id='word_1_31' title='bbox 1464 492 1536 537; x_wconf 91' lang='lat' dir='ltr'>vis,</span> <span class='ocrx_word' id='word_1_32' title='bbox 1568 505 1667 530; x_wconf 87' lang='lat' dir='ltr'>anne</span> <span class='ocrx_word' id='word_1_33' title='bbox 1688 492 1793 545; x_wconf 87' lang='lat' dir='ltr'>gesto</span> <span class='ocrx_word' id='word_1_34' title='bbox 1812 494 1825 530; x_wconf 89' lang='lat'>?</span> 
     </span>
     <span class='ocr_line' id='line_1_6' title="bbox 437 557 1829 611; baseline -0.002 -13"><span class='ocrx_word' id='word_1_35' title='bbox 437 561 631 598; x_wconf 83' lang='lat' dir='ltr'>Miserum</span> <span class='ocrx_word' id='word_1_36' title='bbox 653 561 736 598; x_wconf 89' lang='lat' dir='ltr'>me!</span> <span class='ocrx_word' id='word_1_37' title='bbox 761 574 853 598; x_wconf 88' lang='lat' dir='ltr'>cum</span> <span class='ocrx_word' id='word_1_38' title='bbox 875 559 946 597; x_wconf 82' lang='lat' dir='ltr'>hac</span> <span class='ocrx_word' id='word_1_39' title='bbox 968 573 1030 598; x_wconf 87' lang='lat' dir='ltr'>me</span> <span class='ocrx_word' id='word_1_40' title='bbox 1053 573 1157 597; x_wconf 85' lang='lat' dir='ltr'>nunc</span> <span class='ocrx_word' id='word_1_41' title='bbox 1179 558 1281 611; x_wconf 86' lang='lat' dir='ltr'>peste</span> <span class='ocrx_word' id='word_1_42' title='bbox 1302 568 1418 611; x_wconf 83' lang='lat' dir='ltr'>atque</span> <span class='ocrx_word' id='word_1_43' title='bbox 1438 558 1525 596; x_wconf 87' lang='lat' dir='ltr'>labe</span> <span class='ocrx_word' id='word_1_44' title='bbox 1540 557 1731 596; x_wconf 85' lang='lat' dir='ltr'>confero?</span> <span class='ocrx_word' id='word_1_45' title='bbox 1756 557 1829 596; x_wconf 88' lang='lat' dir='ltr'>Sed</span> 
     </span>
     <span class='ocr_line' id='line_1_7' title="bbox 435 623 1830 678; baseline -0.002 -14"><span class='ocrx_word' id='word_1_46' title='bbox 435 626 536 664; x_wconf 81' lang='lat' dir='ltr'>nihil</span> <span class='ocrx_word' id='word_1_47' title='bbox 558 626 809 678; x_wconf 81' lang='lat' dir='ltr'>comparandi</span> <span class='ocrx_word' id='word_1_48' title='bbox 832 625 941 663; x_wconf 85' lang='lat' dir='ltr'>causa</span> <span class='ocrx_word' id='word_1_49' title='bbox 963 625 1123 677; x_wconf 82' lang='lat' dir='ltr'>loquar;</span> <span class='ocrx_word' id='word_1_50' title='bbox 1156 639 1198 662; x_wconf 86' lang='lat' dir='ltr'>ac</span> <span class='ocrx_word' id='word_1_51' title='bbox 1221 635 1351 662; x_wconf 85' lang='lat' dir='ltr'>tamen</span> <span class='ocrx_word' id='word_1_52' title='bbox 1373 638 1428 669; x_wconf 91' lang='lat' dir='ltr'>ea,</span> <span class='ocrx_word' id='word_1_53' title='bbox 1460 638 1547 676; x_wconf 83' lang='lat' dir='ltr'>quae</span> <span class='ocrx_word' id='word_1_54' title='bbox 1569 624 1657 662; x_wconf 89' lang='lat' dir='ltr'>sunt</span> <span class='ocrx_word' id='word_1_55' title='bbox 1678 623 1830 676; x_wconf 81' lang='lat' dir='ltr'>longis-</span> 
     </span>
     <span class='ocr_line' id='line_1_8' title="bbox 436 690 1827 745; baseline -0.002 -15"><span class='ocrx_word' id='word_1_56' title='bbox 436 693 527 730; x_wconf 80' lang='lat' dir='ltr'>sime</span> <span class='ocrx_word' id='word_1_57' title='bbox 549 692 756 745; x_wconf 66' lang='lat' dir='ltr'>disjuncta,</span> <span class='ocrx_word' id='word_1_58' title='bbox 788 691 1135 744; x_wconf 79' lang='lat' dir='ltr'>comprehendam.</span> <span class='ocrx_word' id='word_1_59' title='bbox 1170 692 1237 728; x_wconf 90' lang='lat' dir='ltr'>Tu</span> <span class='ocrx_word' id='word_1_60' title='bbox 1258 690 1393 728; x_wconf 84' lang='lat' dir='ltr'>consul</span> <span class='ocrx_word' id='word_1_61' title='bbox 1414 703 1452 727; x_wconf 92' lang='lat' dir='ltr'>es</span> <span class='ocrx_word' id='word_1_62' title='bbox 1475 690 1720 728; x_wconf 83' lang='lat' dir='ltr'>renuntiatus</span> <span class='ocrx_word' id='word_1_63' title='bbox 1744 690 1827 742; x_wconf 91' lang='lat' dir='ltr'>(ni-</span> 
     </span>
     <span class='ocr_line' id='line_1_9' title="bbox 434 756 1828 811; baseline -0.003 -14"><span class='ocrx_word' id='word_1_64' title='bbox 434 758 493 797; x_wconf 86' lang='lat' dir='ltr'>hil</span> <span class='ocrx_word' id='word_1_65' title='bbox 516 759 643 797; x_wconf 86' lang='lat' dir='ltr'>dicam</span> <span class='ocrx_word' id='word_1_66' title='bbox 665 759 843 811; x_wconf 82' lang='lat' dir='ltr'>gravius,</span> <span class='ocrx_word' id='word_1_67' title='bbox 876 773 995 811; x_wconf 81' lang='lat' dir='ltr'>quam</span> <span class='ocrx_word' id='word_1_68' title='bbox 1015 758 1123 811; x_wconf 89' lang='lat' dir='ltr'>quod</span> <span class='ocrx_word' id='word_1_69' title='bbox 1143 770 1279 795; x_wconf 87' lang='lat' dir='ltr'>omnes</span> <span class='ocrx_word' id='word_1_70' title='bbox 1302 756 1492 806; x_wconf 85' lang='lat' dir='ltr'>fatentur)</span> <span class='ocrx_word' id='word_1_71' title='bbox 1518 756 1720 809; x_wconf 88' lang='lat' dir='ltr'>impeditis</span> <span class='ocrx_word' id='word_1_72' title='bbox 1751 757 1828 794; x_wconf 88' lang='lat' dir='ltr'>rei-</span> 
     </span>
     <span class='ocr_line' id='line_1_10' title="bbox 435 821 1826 877; baseline -0.001 -18"><span class='ocrx_word' id='word_1_73' title='bbox 435 824 605 876; x_wconf 72' lang='lat' dir='ltr'>publicae</span> <span class='ocrx_word' id='word_1_74' title='bbox 627 824 886 877; x_wconf 80' lang='lat' dir='ltr'>temporibus,</span> <span class='ocrx_word' id='word_1_75' title='bbox 909 823 1180 861; x_wconf 80' lang='lat' dir='ltr'>dissidentibus</span> <span class='ocrx_word' id='word_1_76' title='bbox 1202 822 1430 860; x_wconf 84' lang='lat' dir='ltr'>consulibus</span> <span class='ocrx_word' id='word_1_77' title='bbox 1450 821 1596 859; x_wconf 82' lang='lat' dir='ltr'>Caesare</span> <span class='ocrx_word' id='word_1_78' title='bbox 1611 831 1650 859; x_wconf 92' lang='lat' dir='ltr'>et</span> <span class='ocrx_word' id='word_1_79' title='bbox 1667 821 1826 866; x_wconf 86' lang='lat' dir='ltr'>Bibulo,</span> 
     </span>
     <span class='ocr_line' id='line_1_11' title="bbox 435 886 1830 941; baseline -0.002 -14"><span class='ocrx_word' id='word_1_80' title='bbox 435 904 528 927; x_wconf 85' lang='lat' dir='ltr'>cum</span> <span class='ocrx_word' id='word_1_81' title='bbox 555 890 630 928; x_wconf 91' lang='lat' dir='ltr'>hoc</span> <span class='ocrx_word' id='word_1_82' title='bbox 661 904 739 927; x_wconf 89' lang='lat' dir='ltr'>non</span> <span class='ocrx_word' id='word_1_83' title='bbox 770 889 975 934; x_wconf 86' lang='lat' dir='ltr'>recusares,</span> <span class='ocrx_word' id='word_1_84' title='bbox 1007 889 1105 941; x_wconf 89' lang='lat' dir='ltr'>quin</span> <span class='ocrx_word' id='word_1_85' title='bbox 1126 888 1169 933; x_wconf 92' lang='lat' dir='ltr'>ii,</span> <span class='ocrx_word' id='word_1_86' title='bbox 1201 901 1222 924; x_wconf 88' lang='lat' dir='ltr'>a</span> <span class='ocrx_word' id='word_1_87' title='bbox 1242 888 1387 940; x_wconf 88' lang='lat' dir='ltr'>quibus</span> <span class='ocrx_word' id='word_1_88' title='bbox 1409 886 1587 925; x_wconf 85' lang='lat' dir='ltr'>dicebare</span> <span class='ocrx_word' id='word_1_89' title='bbox 1607 887 1759 932; x_wconf 91' lang='lat' dir='ltr'>consul,</span> <span class='ocrx_word' id='word_1_90' title='bbox 1791 896 1830 925; x_wconf 90' lang='lat' dir='ltr'>te</span> 
     </span>
     <span class='ocr_line' id='line_1_12' title="bbox 437 953 1828 1008; baseline -0.002 -15"><span class='ocrx_word' id='word_1_91' title='bbox 437 956 523 993; x_wconf 88' lang='lat' dir='ltr'>luce</span> <span class='ocrx_word' id='word_1_92' title='bbox 545 956 711 1008; x_wconf 86' lang='lat' dir='ltr'>dignum</span> <span class='ocrx_word' id='word_1_93' title='bbox 734 969 811 993; x_wconf 91' lang='lat' dir='ltr'>non</span> <span class='ocrx_word' id='word_1_94' title='bbox 832 963 1029 1008; x_wconf 82' lang='lat' dir='ltr'>putarent,</span> <span class='ocrx_word' id='word_1_95' title='bbox 1062 954 1132 991; x_wconf 86' lang='lat' dir='ltr'>nifi</span> <span class='ocrx_word' id='word_1_96' title='bbox 1160 954 1339 1006; x_wconf 88' lang='lat' dir='ltr'>nequior,</span> <span class='ocrx_word' id='word_1_97' title='bbox 1372 966 1491 1005; x_wconf 83' lang='lat' dir='ltr'>quam</span> <span class='ocrx_word' id='word_1_98' title='bbox 1515 953 1726 997; x_wconf 86' lang='lat' dir='ltr'>Gabinius,</span> <span class='ocrx_word' id='word_1_99' title='bbox 1757 966 1828 990; x_wconf 83' lang='lat' dir='ltr'>ex-</span> 
     </span>
     <span class='ocr_line' id='line_1_13' title="bbox 437 1018 1828 1065; baseline -0.003 -6"><span class='ocrx_word' id='word_1_100' title='bbox 437 1021 586 1059; x_wconf 82' lang='lat' dir='ltr'>titiss‘es.</span> <span class='ocrx_word' id='word_1_101' title='bbox 634 1022 705 1059; x_wconf 90' lang='lat' dir='ltr'>Me</span> <span class='ocrx_word' id='word_1_102' title='bbox 737 1023 877 1059; x_wconf 68' lang='lat' dir='ltr'>cuncta</span> <span class='ocrx_word' id='word_1_103' title='bbox 909 1020 1045 1065; x_wconf 88' lang='lat' dir='ltr'>Italia,</span> <span class='ocrx_word' id='word_1_104' title='bbox 1079 1033 1141 1057; x_wconf 89' lang='lat' dir='ltr'>me</span> <span class='ocrx_word' id='word_1_105' title='bbox 1173 1033 1309 1057; x_wconf 85' lang='lat' dir='ltr'>omnes</span> <span class='ocrx_word' id='word_1_106' title='bbox 1342 1019 1524 1063; x_wconf 88' lang='lat' dir='ltr'>ordines,</span> <span class='ocrx_word' id='word_1_107' title='bbox 1556 1032 1619 1056; x_wconf 89' lang='lat' dir='ltr'>me</span> <span class='ocrx_word' id='word_1_108' title='bbox 1653 1018 1828 1056; x_wconf 89' lang='lat' dir='ltr'>universa</span> 
     </span>
     <span class='ocr_line' id='line_1_14' title="bbox 436 1083 1827 1140; baseline -0.002 -16"><span class='ocrx_word' id='word_1_109' title='bbox 436 1087 593 1131; x_wconf 87' lang='lat' dir='ltr'>civitas,</span> <span class='ocrx_word' id='word_1_110' title='bbox 627 1101 704 1124; x_wconf 86' lang='lat' dir='ltr'>non</span> <span class='ocrx_word' id='word_1_111' title='bbox 726 1088 834 1140; x_wconf 86' lang='lat' dir='ltr'>prius</span> <span class='ocrx_word' id='word_1_112' title='bbox 857 1086 1020 1131; x_wconf 85' lang='lat' dir='ltr'>tabella,</span> <span class='ocrx_word' id='word_1_113' title='bbox 1053 1099 1172 1138; x_wconf 84' lang='lat' dir='ltr'>quam</span> <span class='ocrx_word' id='word_1_114' title='bbox 1194 1098 1310 1130; x_wconf 92' lang='lat' dir='ltr'>voce,</span> <span class='ocrx_word' id='word_1_115' title='bbox 1344 1085 1514 1137; x_wconf 87' lang='lat' dir='ltr'>priorem</span> <span class='ocrx_word' id='word_1_116' title='bbox 1535 1083 1737 1122; x_wconf 89' lang='lat' dir='ltr'>consulem</span> <span class='ocrx_word' id='word_1_117' title='bbox 1758 1084 1827 1122; x_wconf 91' lang='lat' dir='ltr'>de-</span> 
     </span>
     <span class='ocr_line' id='line_1_15' title="bbox 436 1153 610 1191; baseline 0 0"><span class='ocrx_word' id='word_1_118' title='bbox 436 1153 610 1191; x_wconf 85' lang='lat' dir='ltr'>claravit.</span> 
     </span>
    </p>

    <p class='ocr_par' dir='ltr' id='par_1_4' title="bbox 435 1216 1831 2453">
     <span class='ocr_line' id='line_1_16' title="bbox 493 1216 1827 1269; baseline -0.001 -13"><span class='ocrx_word' id='word_1_119' title='bbox 493 1220 546 1257; x_wconf 92' lang='grc' dir='ltr'>ΙΙ.</span> <span class='ocrx_word' id='word_1_120' title='bbox 582 1219 653 1256; x_wconf 90' lang='lat' dir='ltr'>Sed</span> <span class='ocrx_word' id='word_1_121' title='bbox 674 1220 831 1265; x_wconf 91' lang='lat' dir='ltr'>omitto,</span> <span class='ocrx_word' id='word_1_122' title='bbox 860 1229 903 1258; x_wconf 90' lang='lat' dir='ltr'>ut</span> <span class='ocrx_word' id='word_1_123' title='bbox 923 1220 969 1258; x_wconf 86' lang='lat' dir='ltr'>fit</span> <span class='ocrx_word' id='word_1_124' title='bbox 989 1218 1112 1257; x_wconf 64' lang='lat' dir='ltr'>faetus</span> <span class='ocrx_word' id='word_1_125' title='bbox 1135 1227 1298 1269; x_wconf 89' lang='lat' dir='ltr'>uterque</span> <span class='ocrx_word' id='word_1_126' title='bbox 1320 1217 1495 1256; x_wconf 88' lang='lat' dir='ltr'>nostrum</span> <span class='ocrx_word' id='word_1_127' title='bbox 1514 1232 1522 1255; x_wconf 90' lang='lat'>:</span> <span class='ocrx_word' id='word_1_128' title='bbox 1556 1217 1601 1255; x_wconf 93' lang='lat' dir='ltr'>fit</span> <span class='ocrx_word' id='word_1_129' title='bbox 1622 1216 1708 1254; x_wconf 88' lang='lat' dir='ltr'>sane</span> <span class='ocrx_word' id='word_1_130' title='bbox 1730 1217 1827 1255; x_wconf 88' lang='lat' dir='ltr'>Fors</span> 
     </span>
     <span class='ocr_line' id='line_1_17' title="bbox 436 1281 1828 1338; baseline -0.002 -16"><span class='ocrx_word' id='word_1_131' title='bbox 436 1284 596 1323; x_wconf 87' lang='lat' dir='ltr'>domina</span> <span class='ocrx_word' id='word_1_132' title='bbox 615 1286 759 1337; x_wconf 90' lang='lat' dir='ltr'>campi.</span> <span class='ocrx_word' id='word_1_133' title='bbox 793 1285 1119 1338; x_wconf 86' lang='lat' dir='ltr'>Magnificentius</span> <span class='ocrx_word' id='word_1_134' title='bbox 1141 1284 1194 1322; x_wconf 92' lang='lat' dir='ltr'>est</span> <span class='ocrx_word' id='word_1_135' title='bbox 1214 1283 1356 1328; x_wconf 89' lang='lat' dir='ltr'>dicere,</span> <span class='ocrx_word' id='word_1_136' title='bbox 1383 1282 1721 1336; x_wconf 89' lang='lat' dir='ltr'>quemadmodum</span> <span class='ocrx_word' id='word_1_137' title='bbox 1741 1281 1828 1334; x_wconf 88' lang='lat' dir='ltr'>ges-</span> 
     </span>
     <span class='ocr_line' id='line_1_18' title="bbox 436 1347 1830 1403; baseline -0.001 -16"><span class='ocrx_word' id='word_1_138' title='bbox 436 1350 597 1387; x_wconf 87' lang='lat' dir='ltr'>serimus</span> <span class='ocrx_word' id='word_1_139' title='bbox 630 1350 904 1395; x_wconf 85' lang='lat' dir='ltr'>consulatum,</span> <span class='ocrx_word' id='word_1_140' title='bbox 937 1364 1057 1403; x_wconf 90' lang='lat' dir='ltr'>quam</span> <span class='ocrx_word' id='word_1_141' title='bbox 1088 1348 1427 1402; x_wconf 88' lang='lat' dir='ltr'>quemadmodum</span> <span class='ocrx_word' id='word_1_142' title='bbox 1458 1347 1693 1400; x_wconf 84' lang='lat' dir='ltr'>ceperimus.</span> <span class='ocrx_word' id='word_1_143' title='bbox 1740 1348 1830 1400; x_wconf 89' lang='lat' dir='ltr'>Ego</span> 
     </span>
     <span class='ocr_line' id='line_1_19' title="bbox 437 1412 1828 1467; baseline -0.002 -15"><span class='ocrx_word' id='word_1_144' title='bbox 437 1415 623 1453; x_wconf 87' lang='lat' dir='ltr'>Kalendis</span> <span class='ocrx_word' id='word_1_145' title='bbox 641 1417 729 1467; x_wconf 87' lang='lat' dir='ltr'>Jan.</span> <span class='ocrx_word' id='word_1_146' title='bbox 750 1415 925 1454; x_wconf 89' lang='lat' dir='ltr'>senatum</span> <span class='ocrx_word' id='word_1_147' title='bbox 941 1424 979 1453; x_wconf 90' lang='lat' dir='ltr'>et</span> <span class='ocrx_word' id='word_1_148' title='bbox 1000 1416 1124 1453; x_wconf 84' lang='lat' dir='ltr'>bonos</span> <span class='ocrx_word' id='word_1_149' title='bbox 1145 1427 1281 1452; x_wconf 84' lang='lat' dir='ltr'>omnes</span> <span class='ocrx_word' id='word_1_150' title='bbox 1303 1414 1401 1466; x_wconf 90' lang='lat' dir='ltr'>legis</span> <span class='ocrx_word' id='word_1_151' title='bbox 1424 1413 1610 1465; x_wconf 81' lang='lat' dir='ltr'>Agrariae,</span> <span class='ocrx_word' id='word_1_152' title='bbox 1633 1412 1828 1450; x_wconf 83' lang='lat' dir='ltr'>maxima-</span> 
     </span>
     <span class='ocr_line' id='line_1_20' title="bbox 436 1478 1828 1534; baseline -0.002 -15"><span class='ocrx_word' id='word_1_153' title='bbox 436 1495 605 1534; x_wconf 89' lang='lat' dir='ltr'>rumque</span> <span class='ocrx_word' id='word_1_154' title='bbox 625 1482 896 1534; x_wconf 85' lang='lat' dir='ltr'>largitionum,</span> <span class='ocrx_word' id='word_1_155' title='bbox 919 1491 1027 1520; x_wconf 90' lang='lat' dir='ltr'>metu</span> <span class='ocrx_word' id='word_1_156' title='bbox 1048 1481 1225 1519; x_wconf 87' lang='lat' dir='ltr'>liberavi.</span> <span class='ocrx_word' id='word_1_157' title='bbox 1250 1481 1337 1532; x_wconf 90' lang='lat' dir='ltr'>Ego</span> <span class='ocrx_word' id='word_1_158' title='bbox 1357 1493 1495 1532; x_wconf 86' lang='lat' dir='ltr'>agrum</span> <span class='ocrx_word' id='word_1_159' title='bbox 1518 1480 1782 1531; x_wconf 89' lang='lat' dir='ltr'>Campanum,</span> <span class='ocrx_word' id='word_1_160' title='bbox 1800 1478 1828 1517; x_wconf 90' lang='lat' dir='ltr'><strong>fi</strong></span> 
     </span>
     <span class='ocr_line' id='line_1_21' title="bbox 436 1544 1828 1600; baseline -0.003 -15"><span class='ocrx_word' id='word_1_161' title='bbox 436 1548 559 1585; x_wconf 92' lang='lat' dir='ltr'>dividi</span> <span class='ocrx_word' id='word_1_162' title='bbox 580 1561 658 1586; x_wconf 90' lang='lat' dir='ltr'>non</span> <span class='ocrx_word' id='word_1_163' title='bbox 680 1549 871 1600; x_wconf 90' lang='lat' dir='ltr'>oportuit,</span> <span class='ocrx_word' id='word_1_164' title='bbox 894 1547 1115 1586; x_wconf 88' lang='lat' dir='ltr'>conservavi</span> <span class='ocrx_word' id='word_1_165' title='bbox 1125 1565 1137 1593; x_wconf 78' lang='lat'>3</span> <span class='ocrx_word' id='word_1_166' title='bbox 1156 1547 1183 1585; x_wconf 89' lang='lat' dir='ltr'><strong>fi</strong></span> <span class='ocrx_word' id='word_1_167' title='bbox 1199 1545 1391 1599; x_wconf 90' lang='lat' dir='ltr'>oportuit,</span> <span class='ocrx_word' id='word_1_168' title='bbox 1409 1544 1641 1583; x_wconf 87' lang='lat' dir='ltr'>melioribus</span> <span class='ocrx_word' id='word_1_169' title='bbox 1658 1544 1828 1582; x_wconf 65' lang='lat' dir='ltr'>austori-</span> 
     </span>
     <span class='ocr_line' id='line_1_22' title="bbox 435 1610 1831 1667; baseline -0.003 -15"><span class='ocrx_word' id='word_1_170' title='bbox 435 1615 508 1653; x_wconf 91' lang='lat' dir='ltr'>bus</span> <span class='ocrx_word' id='word_1_171' title='bbox 525 1614 724 1653; x_wconf 86' lang='lat' dir='ltr'>reservavi.</span> <span class='ocrx_word' id='word_1_172' title='bbox 744 1616 831 1667; x_wconf 89' lang='lat' dir='ltr'>Ego</span> <span class='ocrx_word' id='word_1_173' title='bbox 853 1615 893 1652; x_wconf 90' lang='lat' dir='ltr'>in</span> <span class='ocrx_word' id='word_1_174' title='bbox 915 1615 964 1653; x_wconf 93' lang='lat' dir='ltr'>C.</span> <span class='ocrx_word' id='word_1_175' title='bbox 981 1613 1160 1658; x_wconf 88' lang='lat' dir='ltr'>Rabirio,</span> <span class='ocrx_word' id='word_1_176' title='bbox 1177 1611 1458 1666; x_wconf 88' lang='lat' dir='ltr'>perduellionis</span> <span class='ocrx_word' id='word_1_177' title='bbox 1476 1625 1556 1656; x_wconf 87' lang='lat' dir='ltr'>reo,</span> <span class='ocrx_word' id='word_1_178' title='bbox 1573 1610 1831 1664; x_wconf 88' lang='lat' dir='ltr'>quadraginta</span> 
     </span>
     <span class='ocr_line' id='line_1_23' title="bbox 435 1677 1828 1733; baseline -0.003 -14"><span class='ocrx_word' id='word_1_179' title='bbox 435 1682 546 1719; x_wconf 86' lang='lat' dir='ltr'>annis</span> <span class='ocrx_word' id='word_1_180' title='bbox 567 1690 655 1719; x_wconf 89' lang='lat' dir='ltr'>ante</span> <span class='ocrx_word' id='word_1_181' title='bbox 676 1695 739 1719; x_wconf 89' lang='lat' dir='ltr'>me</span> <span class='ocrx_word' id='word_1_182' title='bbox 755 1681 957 1719; x_wconf 90' lang='lat' dir='ltr'>consulem</span> <span class='ocrx_word' id='word_1_183' title='bbox 974 1680 1242 1733; x_wconf 77' lang='lat' dir='ltr'>interpositam</span> <span class='ocrx_word' id='word_1_184' title='bbox 1258 1679 1409 1717; x_wconf 85' lang='lat' dir='ltr'>senatus</span> <span class='ocrx_word' id='word_1_185' title='bbox 1426 1677 1698 1716; x_wconf 68' lang='lat' dir='ltr'>au&amp;oritatem</span> <span class='ocrx_word' id='word_1_186' title='bbox 1714 1677 1828 1716; x_wconf 88' lang='lat' dir='ltr'>susti-</span> 
     </span>
     <span class='ocr_line' id='line_1_24' title="bbox 435 1744 1828 1798; baseline -0.003 -12"><span class='ocrx_word' id='word_1_187' title='bbox 435 1748 506 1786; x_wconf 89' lang='lat' dir='ltr'>nui</span> <span class='ocrx_word' id='word_1_188' title='bbox 527 1756 662 1784; x_wconf 86' lang='lat' dir='ltr'>contra</span> <span class='ocrx_word' id='word_1_189' title='bbox 683 1747 886 1792; x_wconf 89' lang='lat' dir='ltr'>invidiam,</span> <span class='ocrx_word' id='word_1_190' title='bbox 909 1756 1025 1798; x_wconf 89' lang='lat' dir='ltr'>atque</span> <span class='ocrx_word' id='word_1_191' title='bbox 1046 1745 1219 1784; x_wconf 90' lang='lat' dir='ltr'>defendi.</span> <span class='ocrx_word' id='word_1_192' title='bbox 1253 1746 1341 1797; x_wconf 85' lang='lat' dir='ltr'>Ego</span> <span class='ocrx_word' id='word_1_193' title='bbox 1360 1744 1621 1782; x_wconf 82' lang='lat' dir='ltr'>adolescentes</span> <span class='ocrx_word' id='word_1_194' title='bbox 1644 1744 1768 1782; x_wconf 90' lang='lat' dir='ltr'>bonos</span> <span class='ocrx_word' id='word_1_195' title='bbox 1789 1752 1828 1782; x_wconf 88' lang='lat' dir='ltr'>et</span> 
     </span>
     <span class='ocr_line' id='line_1_25' title="bbox 435 1809 1827 1862; baseline -0.002 -13"><span class='ocrx_word' id='word_1_196' title='bbox 435 1811 571 1857; x_wconf 87' lang='lat' dir='ltr'>fortes,</span> <span class='ocrx_word' id='word_1_197' title='bbox 594 1811 656 1849; x_wconf 91' lang='lat' dir='ltr'>sed</span> <span class='ocrx_word' id='word_1_198' title='bbox 678 1811 763 1848; x_wconf 85' lang='lat' dir='ltr'>usos</span> <span class='ocrx_word' id='word_1_199' title='bbox 785 1825 828 1848; x_wconf 88' lang='lat' dir='ltr'>ea</span> <span class='ocrx_word' id='word_1_200' title='bbox 847 1811 1074 1849; x_wconf 88' lang='lat' dir='ltr'>conditione</span> <span class='ocrx_word' id='word_1_201' title='bbox 1095 1809 1277 1854; x_wconf 85' lang='lat' dir='ltr'>fortunae,</span> <span class='ocrx_word' id='word_1_202' title='bbox 1304 1818 1363 1854; x_wconf 91' lang='lat' dir='ltr'>ut,</span> <span class='ocrx_word' id='word_1_203' title='bbox 1395 1809 1422 1847; x_wconf 73' lang='lat' dir='ltr'>si</span> <span class='ocrx_word' id='word_1_204' title='bbox 1442 1809 1561 1847; x_wconf 82' lang='lat' dir='ltr'>effent</span> <span class='ocrx_word' id='word_1_205' title='bbox 1581 1809 1827 1862; x_wconf 85' lang='lat' dir='ltr'>magistratus</span> 
     </span>
     <span class='ocr_line' id='line_1_26' title="bbox 435 1873 1828 1930; baseline -0.004 -14"><span class='ocrx_word' id='word_1_206' title='bbox 435 1877 579 1930; x_wconf 82' lang='lat' dir='ltr'>adepti,</span> <span class='ocrx_word' id='word_1_207' title='bbox 611 1877 837 1929; x_wconf 87' lang='lat' dir='ltr'>reipublicae</span> <span class='ocrx_word' id='word_1_208' title='bbox 858 1876 999 1914; x_wconf 86' lang='lat' dir='ltr'>statum</span> <span class='ocrx_word' id='word_1_209' title='bbox 1020 1875 1246 1913; x_wconf 89' lang='lat' dir='ltr'>convulsuri</span> <span class='ocrx_word' id='word_1_210' title='bbox 1265 1873 1504 1919; x_wconf 85' lang='lat' dir='ltr'>viderentur,</span> <span class='ocrx_word' id='word_1_211' title='bbox 1529 1875 1627 1911; x_wconf 86' lang='lat' dir='ltr'>meis</span> <span class='ocrx_word' id='word_1_212' title='bbox 1648 1874 1828 1911; x_wconf 87' lang='lat' dir='ltr'>inimici-</span> 
     </span>
     <span class='ocr_line' id='line_1_27' title="bbox 436 1938 1830 1994; baseline -0.003 -14"><span class='ocrx_word' id='word_1_213' title='bbox 436 1943 517 1988; x_wconf 81' lang='lat' dir='ltr'>tiis,</span> <span class='ocrx_word' id='word_1_214' title='bbox 540 1942 648 1980; x_wconf 86' lang='lat' dir='ltr'>nulla</span> <span class='ocrx_word' id='word_1_215' title='bbox 668 1942 819 1980; x_wconf 80' lang='lat' dir='ltr'>senatus</span> <span class='ocrx_word' id='word_1_216' title='bbox 841 1942 942 1979; x_wconf 85' lang='lat' dir='ltr'>mala</span> <span class='ocrx_word' id='word_1_217' title='bbox 957 1941 1093 1994; x_wconf 85' lang='lat' dir='ltr'>gratia,</span> <span class='ocrx_word' id='word_1_218' title='bbox 1111 1939 1368 1978; x_wconf 89' lang='lat' dir='ltr'>comitiorum</span> <span class='ocrx_word' id='word_1_219' title='bbox 1389 1939 1537 1977; x_wconf 86' lang='lat' dir='ltr'>ratione</span> <span class='ocrx_word' id='word_1_220' title='bbox 1557 1938 1720 1991; x_wconf 88' lang='lat' dir='ltr'>privavi.</span> <span class='ocrx_word' id='word_1_221' title='bbox 1739 1940 1830 1991; x_wconf 90' lang='lat' dir='ltr'>Ego</span> 
     </span>
     <span class='ocr_line' id='line_1_28' title="bbox 436 2003 1829 2060; baseline -0.002 -14"><span class='ocrx_word' id='word_1_222' title='bbox 436 2009 661 2047; x_wconf 88' lang='lat' dir='ltr'>Antonium</span> <span class='ocrx_word' id='word_1_223' title='bbox 681 2007 875 2060; x_wconf 87' lang='lat' dir='ltr'>collegam</span> <span class='ocrx_word' id='word_1_224' title='bbox 890 2037 900 2052; x_wconf 90' lang='lat'>,</span> <span class='ocrx_word' id='word_1_225' title='bbox 932 2006 1125 2059; x_wconf 89' lang='lat' dir='ltr'>cupidum</span> <span class='ocrx_word' id='word_1_226' title='bbox 1149 2005 1360 2059; x_wconf 87' lang='lat' dir='ltr'>provinciae</span> <span class='ocrx_word' id='word_1_227' title='bbox 1375 2034 1386 2050; x_wconf 90' lang='lat'>,</span> <span class='ocrx_word' id='word_1_228' title='bbox 1418 2004 1544 2043; x_wconf 88' lang='lat' dir='ltr'>multa</span> <span class='ocrx_word' id='word_1_229' title='bbox 1563 2005 1604 2042; x_wconf 89' lang='lat' dir='ltr'>in</span> <span class='ocrx_word' id='word_1_230' title='bbox 1626 2003 1829 2056; x_wconf 87' lang='lat' dir='ltr'>republica</span> 
     </span>
     <span class='ocr_line' id='line_1_29' title="bbox 436 2070 1828 2125; baseline -0.004 -13"><span class='ocrx_word' id='word_1_231' title='bbox 436 2074 669 2113; x_wconf 86' lang='lat' dir='ltr'>molientem</span> <span class='ocrx_word' id='word_1_232' title='bbox 684 2102 694 2118; x_wconf 92' lang='lat'>,</span> <span class='ocrx_word' id='word_1_233' title='bbox 726 2073 914 2125; x_wconf 89' lang='lat' dir='ltr'>patientia</span> <span class='ocrx_word' id='word_1_234' title='bbox 933 2082 1050 2125; x_wconf 91' lang='lat' dir='ltr'>atque</span> <span class='ocrx_word' id='word_1_235' title='bbox 1071 2071 1259 2124; x_wconf 91' lang='lat' dir='ltr'>obsequio</span> <span class='ocrx_word' id='word_1_236' title='bbox 1279 2084 1369 2108; x_wconf 90' lang='lat' dir='ltr'>meo</span> <span class='ocrx_word' id='word_1_237' title='bbox 1389 2070 1582 2122; x_wconf 83' lang='lat' dir='ltr'>mitigavi.</span> <span class='ocrx_word' id='word_1_238' title='bbox 1625 2070 1713 2122; x_wconf 87' lang='lat' dir='ltr'>Ego</span> <span class='ocrx_word' id='word_1_239' title='bbox 1733 2083 1828 2122; x_wconf 89' lang='lat' dir='ltr'>pro-</span> 
     </span>
     <span class='ocr_line' id='line_1_30' title="bbox 435 2135 1826 2187; baseline -0.006 -8"><span class='ocrx_word' id='word_1_240' title='bbox 435 2140 607 2179; x_wconf 88' lang='lat' dir='ltr'>vinciam</span> <span class='ocrx_word' id='word_1_241' title='bbox 629 2138 818 2184; x_wconf 87' lang='lat' dir='ltr'>Galliam,</span> <span class='ocrx_word' id='word_1_242' title='bbox 850 2137 1001 2176; x_wconf 85' lang='lat' dir='ltr'>senatus</span> <span class='ocrx_word' id='word_1_243' title='bbox 1022 2137 1263 2181; x_wconf 65' lang='lat' dir='ltr'>auctoritate,</span> <span class='ocrx_word' id='word_1_244' title='bbox 1295 2136 1470 2174; x_wconf 86' lang='lat' dir='ltr'>exercitu</span> <span class='ocrx_word' id='word_1_245' title='bbox 1499 2144 1538 2173; x_wconf 89' lang='lat' dir='ltr'>et</span> <span class='ocrx_word' id='word_1_246' title='bbox 1567 2135 1733 2187; x_wconf 89' lang='lat' dir='ltr'>pecunia</span> <span class='ocrx_word' id='word_1_247' title='bbox 1762 2135 1826 2172; x_wconf 90' lang='lat' dir='ltr'>in-</span> 
     </span>
     <span class='ocr_line' id='line_1_31' title="bbox 437 2201 1828 2256; baseline -0.005 -12"><span class='ocrx_word' id='word_1_248' title='bbox 437 2206 620 2244; x_wconf 69' lang='lat' dir='ltr'>strustam</span> <span class='ocrx_word' id='word_1_249' title='bbox 640 2213 679 2242; x_wconf 87' lang='lat' dir='ltr'>et</span> <span class='ocrx_word' id='word_1_250' title='bbox 698 2213 889 2249; x_wconf 85' lang='lat' dir='ltr'>ornatam,</span> <span class='ocrx_word' id='word_1_251' title='bbox 921 2217 1040 2256; x_wconf 89' lang='lat' dir='ltr'>quam</span> <span class='ocrx_word' id='word_1_252' title='bbox 1067 2216 1160 2241; x_wconf 91' lang='lat' dir='ltr'>cum</span> <span class='ocrx_word' id='word_1_253' title='bbox 1182 2203 1360 2241; x_wconf 88' lang='lat' dir='ltr'>Antonio</span> <span class='ocrx_word' id='word_1_254' title='bbox 1381 2201 1688 2245; x_wconf 89' lang='lat' dir='ltr'>communicavi,</span> <span class='ocrx_word' id='word_1_255' title='bbox 1720 2201 1828 2252; x_wconf 93' lang='lat' dir='ltr'>quod</span> 
     </span>
     <span class='ocr_line' id='line_1_32' title="bbox 438 2266 1826 2322; baseline -0.004 -12"><span class='ocrx_word' id='word_1_256' title='bbox 438 2273 491 2310; x_wconf 90' lang='lat' dir='ltr'>ita</span> <span class='ocrx_word' id='word_1_257' title='bbox 510 2271 780 2310; x_wconf 79' lang='lat' dir='ltr'>existimabam</span> <span class='ocrx_word' id='word_1_258' title='bbox 810 2280 987 2322; x_wconf 87' lang='lat' dir='ltr'>tempora</span> <span class='ocrx_word' id='word_1_259' title='bbox 1016 2269 1242 2321; x_wconf 67' lang='lat' dir='ltr'>reipublicae</span> <span class='ocrx_word' id='word_1_260' title='bbox 1272 2268 1370 2306; x_wconf 91' lang='lat' dir='ltr'>ferre</span> <span class='ocrx_word' id='word_1_261' title='bbox 1386 2298 1396 2314; x_wconf 91' lang='lat'>,</span> <span class='ocrx_word' id='word_1_262' title='bbox 1430 2269 1468 2306; x_wconf 89' lang='lat' dir='ltr'>in</span> <span class='ocrx_word' id='word_1_263' title='bbox 1491 2267 1682 2305; x_wconf 86' lang='lat' dir='ltr'>concione</span> <span class='ocrx_word' id='word_1_264' title='bbox 1702 2266 1826 2319; x_wconf 91' lang='lat' dir='ltr'>depo-</span> 
     </span>
     <span class='ocr_line' id='line_1_33' title="bbox 438 2332 1826 2390; baseline -0.004 -14"><span class='ocrx_word' id='word_1_265' title='bbox 438 2339 509 2383; x_wconf 89' lang='lat' dir='ltr'>sui,</span> <span class='ocrx_word' id='word_1_266' title='bbox 542 2338 777 2376; x_wconf 88' lang='lat' dir='ltr'>reclamante</span> <span class='ocrx_word' id='word_1_267' title='bbox 807 2336 957 2390; x_wconf 90' lang='lat' dir='ltr'>populo</span> <span class='ocrx_word' id='word_1_268' title='bbox 989 2336 1186 2374; x_wconf 87' lang='lat' dir='ltr'>Romano.</span> <span class='ocrx_word' id='word_1_269' title='bbox 1224 2335 1312 2386; x_wconf 88' lang='lat' dir='ltr'>Ego</span> <span class='ocrx_word' id='word_1_270' title='bbox 1344 2335 1393 2372; x_wconf 89' lang='lat' dir='ltr'>L.</span> <span class='ocrx_word' id='word_1_271' title='bbox 1419 2334 1648 2378; x_wconf 90' lang='lat' dir='ltr'>Catilinam,</span> <span class='ocrx_word' id='word_1_272' title='bbox 1680 2332 1826 2371; x_wconf 87' lang='lat' dir='ltr'>caedem</span> 
     </span>
     <span class='ocr_line' id='line_1_34' title="bbox 438 2398 1823 2453; baseline -0.004 -11"><span class='ocrx_word' id='word_1_273' title='bbox 438 2405 603 2449; x_wconf 86' lang='lat' dir='ltr'>senatus,</span> <span class='ocrx_word' id='word_1_274' title='bbox 635 2403 841 2441; x_wconf 89' lang='lat' dir='ltr'>interitum</span> <span class='ocrx_word' id='word_1_275' title='bbox 873 2402 997 2446; x_wconf 88' lang='lat' dir='ltr'>urbis,</span> <span class='ocrx_word' id='word_1_276' title='bbox 1029 2414 1107 2439; x_wconf 90' lang='lat' dir='ltr'>non</span> <span class='ocrx_word' id='word_1_277' title='bbox 1135 2400 1298 2439; x_wconf 88' lang='lat' dir='ltr'>obscure</span> <span class='ocrx_word' id='word_1_278' title='bbox 1324 2399 1387 2438; x_wconf 90' lang='lat' dir='ltr'>sed</span> <span class='ocrx_word' id='word_1_279' title='bbox 1417 2401 1545 2453; x_wconf 89' lang='lat' dir='ltr'>palam</span> <span class='ocrx_word' id='word_1_280' title='bbox 1576 2398 1823 2443; x_wconf 91' lang='lat' dir='ltr'>molientem,</span> 
     </span>
    </p>
   </div>
   <div class='ocr_carea' id='block_1_3' title="bbox 436 2464 1823 2523">
    <p class='ocr_par' dir='ltr' id='par_1_5' title="bbox 436 2464 1823 2523">
     <span class='ocr_line' id='line_1_35' title="bbox 436 2464 1823 2523; baseline -0.006 -14"><span class='ocrx_word' id='word_1_281' title='bbox 436 2471 569 2523; x_wconf 79' lang='lat' dir='ltr'>egredi</span> <span class='ocrx_word' id='word_1_282' title='bbox 584 2484 631 2509; x_wconf 81' lang='lat' dir='ltr'>ex</span> <span class='ocrx_word' id='word_1_283' title='bbox 648 2469 868 2523; x_wconf 83' lang='lat' dir='ltr'>urbejuffi:</span> <span class='ocrx_word' id='word_1_284' title='bbox 892 2479 950 2515; x_wconf 90' lang='lat' dir='ltr'>ut,</span> <span class='ocrx_word' id='word_1_285' title='bbox 967 2482 988 2508; x_wconf 89' lang='lat' dir='ltr'>a</span> <span class='ocrx_word' id='word_1_286' title='bbox 1002 2480 1082 2522; x_wconf 88' lang='lat' dir='ltr'>quo</span> <span class='ocrx_word' id='word_1_287' title='bbox 1102 2468 1256 2522; x_wconf 85' lang='lat' dir='ltr'>legibus</span> <span class='ocrx_word' id='word_1_288' title='bbox 1273 2481 1351 2508; x_wconf 89' lang='lat' dir='ltr'>non</span> <span class='ocrx_word' id='word_1_289' title='bbox 1369 2477 1606 2521; x_wconf 86' lang='lat' dir='ltr'>poteramus,</span> <span class='ocrx_word' id='word_1_290' title='bbox 1625 2464 1823 2505; x_wconf 86' lang='lat' dir='ltr'>moenibus</span> 
     </span>
    </p>
   </div>
  </div>
 </body>
</html>
