2076 2860
341 215 392 254 90
819 194 1268 234 ORATIO

343 301 574 341 Removebo
594 299 709 337 illum
732 296 862 334 senem
883 296 1042 340 durum,
1066 309 1108 333 ac
1130 307 1229 347 pene
1249 292 1437 346 agrestem
1456 307 1464 333 ε
1498 305 1546 331 ex
1573 291 1635 331 his
1658 292 1737 345 igi-

342 378 406 407 tur
427 368 505 407 tuis
528 367 677 405 sumam
697 363 886 415 aliquem,
904 376 947 400 ac
968 361 1214 414 potiffimum
1235 360 1453 398 minimum
1473 358 1650 405 fratrem,
1667 359 1738 412 qui

343 435 396 473 est
417 434 456 472 in
490 433 562 471 isto
582 444 721 483 genere
743 427 1047 472 urbaniffimus3
1082 428 1151 480 qui
1180 436 1217 465 te
1237 435 1341 465 amat
1371 426 1618 479 plurimum3
1651 425 1738 478 qui,

342 509 501 554 propter
522 498 650 536 nescio
668 508 802 547 quam,
821 493 951 538 credo,
970 493 1242 538 timiditatem,
1259 502 1297 530 et
1318 494 1531 530 nodfflrnos
1549 491 1740 544 quosdam

342 567 475 603 inanes
497 573 641 607 metus,
673 571 807 599 tecum
838 560 990 612 semper
1016 560 1125 612 pusio
1146 573 1241 597 cum
1261 560 1408 611 majore
1436 558 1562 596 sorore
1582 557 1738 596 cubita-

343 632 414 670 vit.
439 632 545 670 Eum
566 637 705 682 putato
725 637 859 664 tecum
878 626 991 678 loqui
1010 640 1019 664 ε
1053 625 1165 676 Qid
1185 625 1457 670 tumultuaris,
1474 624 1580 662 soror
1598 625 1610 661 ?
1643 622 1741 676 quid

342 697 514 735 insanis?
546 694 658 748 quid,
681 693 852 731 clamore
872 691 1018 736 exorsa,
1040 691 1169 729 verbis
1191 705 1350 744 parvam
1370 704 1453 729 rem
1473 703 1658 742 magnam
1678 688 1739 726 fa-

343 764 399 802 cis
417 765 430 801 ?
452 763 632 801 vicinum
647 758 984 798 adolescentulum
997 757 1198 811 aspexisti:
1221 756 1366 796 candor
1381 756 1502 808 hujus
1524 765 1577 800 te,
1595 764 1633 793 et
1646 769 1741 808 pro-

344 830 499 875 ceritas,
532 828 681 872 vuhus,
717 826 904 878 oculique
925 824 1207 878 perpulerunt:
1245 824 1382 876 saepius
1404 821 1535 861 videre
1555 820 1740 860 voluisti:

344 896 454 935 fuisti
483 907 772 946 nonnunquam
804 893 845 930 in
876 891 1014 929 iisdem
1042 889 1167 929 hortis
1197 890 1275 928 visa
1304 889 1450 928 nobilis
1479 888 1651 927 mulier:
1688 886 1742 925 il-

344 963 447 1008 lum,
470 961 601 1000 filium
622 959 809 1003 familias,
830 966 937 1010 patre
958 970 1075 1010 parco
1095 969 1138 994 ac
1160 956 1304 1001 tenaci,
1335 954 1478 993 habere
1507 954 1585 992 tuis
1616 952 1743 1006 copiis

346 1029 575 1067 devinetum
596 1039 674 1064 non
696 1033 831 1077 potes:
862 1023 1055 1067 calcitrat,
1090 1021 1250 1074 respuit,
1286 1035 1367 1058 non
1397 1028 1511 1073 putat
1545 1029 1612 1058 tua
1643 1018 1746 1056 dona

345 1094 419 1133 effe
439 1094 553 1132 tanti.
612 1090 762 1130 Confer
782 1099 819 1127 te
839 1089 916 1127 alio
935 1103 944 1127 :
977 1087 1095 1126 habes
1117 1086 1253 1126 hortos
1274 1087 1321 1125 ad
1342 1086 1550 1131 Tiberim,
1583 1098 1626 1123 ac
1647 1084 1743 1122 dili—

346 1170 482 1214 genter
502 1172 548 1197 eo
568 1158 657 1197 loco
677 1155 911 1209 praeparasti,
946 1168 1027 1207 quo
1059 1154 1189 1192 omnis
1219 1154 1409 1206 juventus
1443 1151 1604 1190 natandi
1633 1150 1746 1189 causa

346 1228 454 1265 venit
472 1241 480 1264 :
514 1225 609 1263 hinc
631 1224 725 1261 licet
746 1222 993 1261 conditiones
1015 1220 1194 1274 quotidie
1214 1220 1334 1272 legas.
1377 1220 1460 1257 Cur
1480 1218 1592 1263 huic,
1614 1218 1685 1270 qui
1706 1226 1745 1255 te

347 1293 508 1345 spernit,
531 1289 692 1329 molesta
710 1302 748 1326 es
767 1290 779 1326 ?

401 1359 517 1397 XVI.
551 1356 686 1394 Redeo
714 1368 819 1393 nunc
840 1354 887 1391 ad
908 1363 960 1398 te,
991 1353 1106 1398 Caeli,
1134 1352 1315 1397 viciffim,
1344 1365 1388 1389 ac
1408 1350 1511 1389 mihi
1531 1349 1743 1388 auetorita-

347 1435 429 1464 tem
450 1423 616 1477 patriam
636 1421 957 1472 severitatemque
978 1418 1171 1471 suscipio:
1204 1418 1267 1456 sed
1288 1417 1429 1455 dubito
1450 1430 1571 1469 quem
1591 1425 1743 1468 patrem

348 1491 592 1545 potiffimum
608 1489 774 1527 sumam.
798 1486 1110 1525 Caecilianumne
1130 1485 1320 1537 aliquem,
1334 1483 1611 1522 vehementem
1626 1492 1746 1535 atque

347 1559 491 1597 durum
511 1558 524 1594 ?
555 1557 668 1595 Nunc
683 1554 774 1592 enim
791 1553 925 1592 demum
945 1552 1035 1591 mihi
1049 1552 1188 1590 animus
1206 1551 1325 1596 ardet,
1346 1564 1442 1590 nunc
1459 1564 1571 1588 meum
1589 1563 1652 1588 cor
1677 1563 1742 1587 cu-

345 1625 508 1663 mulatur
520 1623 578 1661 ira
690 1622 773 1657 Aut
787 1619 920 1663 illum,
934 1619 968 1657 O
980 1618 1119 1670 infelix,
1138 1618 1313 1670 Osteleste
1433 1616 1565 1655 Ferrei
1578 1615 1669 1653 sunt
1681 1614 1744 1652 isti

348 1699 473 1742 patres
592 1688 714 1740 Egone
732 1684 820 1739 quid
833 1684 947 1724 dicam
958 1684 978 1723 ,ἒ
998 1697 1104 1737 egone
1122 1682 1211 1737 quid
1224 1684 1329 1722 velim
1341 1682 1361 1721 ,ἲ
1377 1696 1458 1736 quae
1476 1692 1518 1720 tu
1537 1681 1652 1720 omnia
1670 1680 1746 1719 tuis

333 1753 693 1810 foedelcfitcfiisfhcis,
724 1761 766 1789 ut
785 1749 1018 1803 nequidquam
1037 1750 1157 1788 velim.
1200 1751 1280 1788 Vix
1302 1748 1462 1787 ferenda
1487 1749 1635 1786 diceret
1656 1747 1745 1786 talis

349 1831 470 1875 pater,
492 1820 584 1871 'Cur
604 1828 638 1857 te
657 1818 694 1856 in
724 1816 823 1870 istam
842 1815 1066 1854 vicinitatem
1085 1815 1324 1853 meretriciam
1343 1814 1519 1865 contulisti
1531 1814 1552 1851 ἓ
1581 1828 1648 1852 cur
1666 1813 1743 1852 ille-

347 1887 459 1927 cebris
486 1884 637 1938 cognitis
664 1897 731 1922 non
761 1881 925 1934 reficgisti
938 1882 958 1920 ,Ρ
996 1895 1063 1919 cur
1096 1881 1247 1919 alienam
1276 1880 1383 1918 ullam
1411 1879 1589 1918 mulierem
1621 1878 1710 1930 nosti
1722 1879 1743 1918 ἓ

347 1953 452 1993 Dede
470 1961 518 1997 te,
548 1965 592 1990 ac
610 1949 726 2001 disjice
740 1965 753 1988 :
777 1958 848 2002 per
867 1940 1067 1997 melicebit.
1101 1947 1143 1985 Si
1160 1946 1285 2000 egebis,
1308 1946 1378 1985 tihi
1393 1944 1519 1984 dolebit
1533 1961 1547 1984 .-
1577 1944 1667 1984 mihi
1675 1945 1745 1999 sat

349 2020 405 2073 est,
428 2019 493 2072 qui
507 2018 629 2057 aetatis
648 2015 740 2070 quod
755 2015 927 2068 reliquum
947 2014 991 2067 est
1011 2013 1170 2052 oblettem
1190 2027 1288 2052 mece.

405 2085 516 2123 Huic
537 2083 636 2122 tristi
657 2096 700 2121 ac
722 2082 922 2133 decrepito
943 2080 1023 2118 seni
1044 2080 1291 2133 responderet
1308 2078 1469 2123 Caelius,
1489 2077 1525 2115 se
1546 2077 1655 2115 nulla
1671 2090 1744 2114 cu·-

351 2152 514 2204 piditate
535 2149 742 2188 induetum
764 2147 812 2185 de
832 2147 894 2185 via
913 2146 1117 2185 deceffiffe.
1141 2146 1251 2198 Qid
1273 2145 1400 2197 figni?
1424 2144 1525 2182 nulli
1547 2143 1743 2195 sumptus,

351 2218 460 2256 nulla
475 2218 637 2268 jaetura,
656 2214 766 2253 nulla
785 2213 951 2251 versura.
976 2214 1031 2250 At
1048 2212 1125 2250 fuit
1138 2211 1255 2250 fama.
1276 2213 1434 2263 Qotus
1452 2209 1617 2263 quisque
1633 2209 1745 2247 istam

350 2284 521 2335 effugere
542 2281 667 2335 potest
688 2281 727 2318 in
751 2290 831 2318 tam
852 2279 1043 2318 maledica
1057 2279 1215 2316 civitate
1235 2279 1247 2315 ?
1280 2278 1473 2315 Vicinum
1493 2277 1576 2328 ejus
1597 2275 1744 2314 mulie-

351 2351 401 2388 ris
424 2349 575 2387 miraris
598 2347 699 2387 male
731 2345 888 2391 audisse,
925 2346 1038 2397 cujus
1060 2344 1177 2382 frater
1204 2356 1412 2396 germanus
1435 2343 1629 2381 sermones
1664 2342 1745 2380 ini-

350 2429 521 2469 quorum
555 2414 727 2467 effugere
762 2426 839 2451 non
877 2411 1007 2465 potuit
1027 2412 1039 2448 ?
1078 2410 1178 2448 Leni
1214 2423 1303 2448 vero
1337 2419 1376 2447 et
1410 2409 1597 2447 clementi
1627 2408 1743 2461 patri,

350 2482 571 2536 cujusmodi
602 2481 669 2520 ille
696 2479 763 2526 est,
798 2480 910 2519 Fores
929 2478 1070 2531 effi‘egit
1088 2476 1108 2514 ,ἒ
1137 2476 1367 2530 restituentur
1383 2491 1396 2515 .·
1427 2474 1563 2529 discidit
1582 2474 1705 2527 vestem
1722 2472 1743 2511 ἒ
