2076 2860
342 215 416 251 104
817 194 1260 234 ORATIO

339 298 616 352 provincialis,
648 309 725 334 non
756 294 834 332 fine
863 293 974 332 causa
1002 306 1022 330 a
1051 292 1266 344 majoribus
1296 290 1392 329 huic
1414 290 1516 329 aetati
1538 288 1726 328 tributus.

341 365 521 403 Discessit
537 364 648 401 illinc
667 359 1012 413 Pompeiijudicio
1028 358 1335 412 probatiffimus,
1353 366 1397 396 ut
1414 356 1531 410 ipfius
1549 355 1727 394 testimo-

341 431 407 469 nio
428 428 684 482 cognoscetis.
727 425 869 464 Voluit
888 435 1015 463 vetere
1037 424 1232 469 instituto,
1264 437 1402 462 eorum
1423 421 1732 461 adolescentium

341 495 537 547 exemplo,
561 493 629 545 qui
650 491 734 544 post
755 491 796 528 in
817 490 975 528 civitate
996 489 1141 527 summi
1162 489 1236 527 viri
1256 498 1295 527 et
1315 488 1514 527 clariffimi
1535 487 1639 525 cives
1660 499 1731 523 ex-

342 563 507 601 titerunt
522 590 532 604 ,
564 557 795 596 industriam
824 556 932 594 suam
961 570 981 594 a
1000 556 1150 608 populo
1171 557 1354 594 Romano
1374 568 1422 593 ex
1442 555 1573 607 aliqua
1592 551 1734 591 illustri

342 627 584 666 accusatione
605 623 803 677 cognosci.

398 694 554 732 XXXI.
588 691 746 729 Vellem
773 690 850 727 alio
871 689 1003 741 potius
1024 701 1116 726 eum
1138 687 1332 740 cupiditas
1355 688 1489 740 gloriae
1511 683 1706 724 detuliffet
1725 698 1733 720 :

344 759 406 798 sed
427 759 525 797 abiit
546 756 664 809 hujus
687 765 843 808 tempus
864 754 1045 806 querelae.
1079 753 1290 792 Accusavit
1312 754 1361 791 C.
1386 752 1627 795 Antonium,
1650 749 1737 786 col-

343 826 473 878 legam
501 837 664 862 meum:
697 822 762 859 cui
792 820 932 858 misero
962 820 1135 872 praeclari
1165 820 1207 857 in
1236 818 1526 871 rempublicam
1555 814 1740 854 beneficii

345 891 535 930 memoria
555 888 656 927 nihil
679 886 844 940 profuit,
871 886 1009 924 nocuit
1029 885 1166 938 opinio
1187 884 1373 922 maleficii
1394 883 1572 936 cogitati.
1607 879 1742 919 Postea

347 957 496 996 nemini
517 955 701 994 conceffit
722 953 947 1005 aequalium,
970 952 1059 1004 plus
1082 961 1125 989 ut
1146 951 1187 988 in
1208 949 1309 995 foro,
1332 950 1422 1002 plus
1444 958 1489 987 ut
1508 950 1550 986 in
1571 946 1742 999 negotiis

346 1023 571 1067 versaretur,
586 1020 782 1072 causisque
797 1020 1032 1063 amicorum,
1050 1018 1139 1070 plus
1156 1026 1200 1055 ut
1217 1017 1360 1054 valeret
1377 1017 1478 1053 inter
1495 1014 1580 1052 suos
1598 1013 1739 1066 gratia:

348 1104 434 1142 quae
456 1088 526 1126 nifi
547 1088 753 1140 vigilantes
778 1084 976 1130 homines,
1009 1084 1079 1122 nifi
1109 1083 1242 1128 sobrii,
1275 1083 1345 1120 nifi
1379 1081 1574 1125 industrii,
1606 1077 1743 1117 conse-

349 1157 419 1209 qui
440 1170 518 1194 non
539 1155 710 1207 poffunt,
742 1153 876 1191 omnia
895 1152 1027 1189 labore
1047 1160 1086 1189 et
1107 1150 1314 1202 diligentia
1333 1149 1386 1187 est
1407 1149 1654 1187 consecutus.

406 1223 453 1260 In
474 1221 550 1260 hoc
572 1221 675 1259 flexu
697 1219 802 1272 quasi
824 1219 945 1257 aetatis
970 1217 1092 1270 (nihil
1113 1217 1220 1255 enirn
1241 1216 1452 1254 occultabo
1469 1244 1479 1260 ,
1511 1213 1635 1252 fretus
1665 1211 1744 1249 hu-

350 1288 537 1326 manitate
557 1300 600 1324 ac
621 1285 808 1339 sapientia
826 1284 963 1334 vestra)
988 1283 1092 1321 fama
1112 1282 1366 1320 adolescentis
1388 1281 1553 1334 paulum
1572 1278 1680 1317 haefit
1700 1276 1748 1315 ad

352 1363 474 1392 metas
496 1353 637 1391 notitia
657 1366 756 1390 nova
776 1351 968 1395 mulieris,
1000 1359 1039 1387 et
1059 1348 1212 1387 infelici
1233 1349 1451 1393 vicinitate,
1483 1355 1522 1384 et
1542 1343 1750 1383 insolentia

352 1420 604 1473 voluptatum
623 1434 631 1457 :
666 1433 751 1471 quae
781 1431 874 1455 cum
894 1416 1054 1454 inclusae
1081 1416 1231 1454 diutius
1247 1445 1258 1460 ,
1290 1424 1328 1452 et
1358 1415 1485 1467 prima
1505 1421 1614 1451 aetate
1635 1425 1749 1449 com-

353 1485 483 1540 preffae
499 1495 537 1524 et
553 1485 767 1523 constriecae
783 1482 959 1527 fuerunt,
978 1482 1108 1520 subito
1124 1482 1160 1520 se
1178 1494 1464 1533 nonnunquam
1485 1477 1749 1532 profundunt,

355 1560 471 1604 atque
491 1552 657 1603 ejiciunt
678 1549 876 1587 universae.
920 1550 1011 1600 Qa
1029 1562 1076 1586 ex
1098 1547 1201 1593 vita,
1234 1547 1295 1585 vel
1316 1546 1445 1584 dicam
1461 1575 1471 1591 ,
1504 1558 1583 1597 quo
1604 1557 1651 1581 ex
1672 1543 1751 1581 ser-

356 1631 473 1656 mone
489 1647 499 1662 ,
534 1618 804 1669 (nequaquam
823 1614 930 1652 enim
953 1622 1108 1651 tantum
1129 1622 1208 1651 erat
1224 1642 1234 1658 ‚
1267 1621 1461 1665 quantum
1486 1610 1668 1649 homines
1689 1609 1752 1647 lo—

357 1683 597 1736 quebantur)
622 1696 757 1720 verum
779 1695 826 1719 ex
847 1694 908 1725 eo,
940 1679 1137 1732 quidquid
1158 1687 1252 1723 erat,
1284 1678 1452 1723 emersit,
1486 1685 1696 1728 totumque
1717 1674 1754 1712 se

358 1750 472 1801 ejecit
505 1759 621 1801 atque
651 1748 824 1786 extulit:
857 1755 1092 1798 tantumque
1121 1745 1225 1783 abest
1254 1746 1302 1782 ab
1332 1745 1441 1782 illius
1472 1741 1753 1782 familiaritatis

360 1814 547 1859 infamia,
580 1823 623 1852 ut
653 1813 827 1865 ejusdem
855 1824 961 1849 nunc
991 1811 1039 1848 ab
1070 1810 1144 1848 sese
1168 1810 1400 1848 inimicitias
1422 1809 1639 1861 odiumque
1659 1821 1753 1860 pro-

361 1881 501 1934 pulset.

419 1948 567 1999 Atque,
595 1954 637 1983 ut
660 1945 727 1983 iste
747 1942 1144 1996 interpofitus'sermo
1165 1941 1395 1980 deliciarum
1416 1940 1646 1992 defidiaeque
1666 1952 1755 1978 mo-

363 2023 525 2058 reretur,
547 2011 661 2065 (fecit
682 2025 745 2049 mc
765 2010 991 2048 mehercule
1012 2009 1152 2054 invito,
1171 2018 1209 2046 et
1225 2008 1401 2046 multum
1419 2015 1675 2060 repugnante,
1695 2005 1758 2043 sed

366 2089 496 2118 tamen
517 2077 631 2128 fecit)
656 2091 801 2116 nomen
822 2077 939 2114 amici
960 2076 1038 2114 mei
1060 2075 1106 2113 de
1127 2075 1278 2113 ambitu
1301 2074 1444 2112 detulit
1463 2088 1471 2111 :
1505 2086 1625 2125 quem
1646 2071 1758 2109 abso-

363 2146 497 2184 lutum
513 2144 746 2195 insequitur,
764 2151 939 2180 revocat:
959 2141 1109 2179 nemini
1127 2140 1302 2178 nostrum
1318 2140 1574 2191 obtemperat:
1605 2139 1659 2178 est
1673 2140 1760 2177 vio-

366 2212 524 2256 lentior,
548 2224 667 2263 quam
687 2209 845 2248 vellem.
897 2208 969 2246 Sed
999 2221 1071 2260 ego
1100 2221 1178 2245 non
1199 2208 1341 2259 loquor
1362 2206 1408 2244 de
1430 2206 1617 2258 sapientia
1631 2236 1641 2252 ‚
1674 2220 1760 2258 quae

368 2292 445 2316 non
468 2277 572 2315 cadit
592 2276 632 2313 in
654 2274 755 2313 hanc
776 2283 958 2319 aetatem5
991 2274 1037 2311 de
1059 2273 1211 2325 impetu
1232 2273 1355 2310 animi
1377 2273 1519 2325 loquor
1533 2302 1544 2317 ,
1576 2272 1623 2310 de
1644 2273 1760 2324 cupi-

367 2345 488 2382 ditate
510 2341 718 2387 vincendi,
750 2341 797 2378 de
825 2340 959 2379 ardore
988 2340 1132 2378 mentis
1163 2339 1209 2376 ad
1239 2338 1433 2391 gloriam:
1467 2352 1552 2391 quae
1577 2338 1701 2376 studia
1721 2338 1762 2375 in

370 2411 431 2449 his
443 2412 526 2463 jam
548 2408 726 2447 aetatibus
749 2406 886 2445 nostris
908 2406 1165 2444 contractiora
1184 2404 1256 2443 effe
1277 2405 1449 2450 debent;
1478 2405 1518 2443 in
1538 2403 1762 2442 adolescen-

373 2478 424 2514 tia
445 2489 549 2520 vero,
574 2484 760 2527 tanquam
777 2473 818 2512 in
838 2472 987 2520 herbis,
1006 2470 1240 2525 significant,
1258 2485 1344 2525 quae
1365 2471 1522 2510 virtutis
1545 2469 1762 2514 maturitas,
