2076 2860
708 181 1286 221 PHILIPPICA
1363 182 1418 219 11.
1687 197 1763 238 325

362 294 562 323 mortuus.
588 284 714 322 Stulte
735 285 978 337 Aquinates:
1003 283 1067 321 sed
1090 293 1220 322 tamen
1242 284 1283 321 in
1305 284 1367 321 via
1386 282 1632 324 habitabant.
1654 288 1765 339 Qid

366 350 569 401 Anagnini
589 351 602 387 ?
635 350 705 402 qui
727 363 818 388 cum
840 350 959 388 effent
981 349 1098 394 devii,
1130 349 1422 395 descenderant,
1455 360 1498 389 ut
1519 351 1651 398 istum,
1676 362 1764 391 tan-

366 431 486 470 quam
508 417 533 455 fi
555 417 645 455 effet
666 417 818 462 consul,
842 417 1066 454 salutarent.
1091 416 1330 455 Incredibile
1351 417 1484 463 di&u;
1510 428 1641 457 tamen
1662 420 1767 458 inter

365 496 502 521 omnes
528 483 743 527 constabat,
776 483 976 521 neminem
1010 482 1082 520 effe
1115 482 1396 521 resalutatum:
1429 484 1643 536 praesertim
1671 500 1764 524 cum

366 548 464 586 duos
487 549 619 587 secum
640 550 873 601 Anagninos
895 548 1070 593 haberet,
1103 548 1318 587 Mustelam
1338 558 1376 587 et
1398 551 1627 596 Laconem3
1660 565 1764 604 quo-

367 629 456 653 rum
477 616 574 654 alter
594 615 818 668 gladiorum
839 615 891 653 est
912 616 1111 668 princeps,
1144 615 1241 653 alter
1262 615 1514 667 poculorum.
1549 618 1660 669 Qid
1691 632 1764 671 ego

366 681 452 719 illas
486 681 594 719 istius
628 682 753 720 minas
787 681 1125 733 contumeliasque
1157 694 1484 727 commemorem,
1517 683 1663 735 quibus
1699 685 1763 722 in-

366 750 497 786 vectus
520 747 573 785 est
593 748 634 785 in
657 748 866 792 Sidicinos,
900 748 1053 785 vexavit
1075 746 1328 792 Puteolanos,
1361 748 1469 799 quod
1501 749 1549 787 C.
1576 750 1762 796 Cassium,

363 813 474 866 quod
507 815 664 859 Brutos,
696 824 880 867 patronos
916 812 1188 866 adoptaffent?
1221 827 1366 866 magno
1401 814 1565 866 quidem
1592 816 1762 867 judicio,

364 879 507 925 studio,
541 880 827 925 benevolentia,
860 879 1047 917 caritate:
1082 893 1162 917 non
1195 888 1239 917 ut
1271 889 1323 925 te,
1356 889 1400 918 ut
1434 881 1621 927 Basilum,
1654 883 1691 920 vi
1727 893 1765 921 et

365 946 498 991 armis,
531 956 570 984 et
590 946 685 984 alios
708 946 820 984 vestri
841 945 1000 990 similes,
1033 959 1132 998 quos
1164 945 1327 985 clientes
1350 959 1468 985 nemo
1488 946 1632 986 habere
1652 949 1762 995 velit,

363 1025 444 1050 non
465 1011 586 1050 modo
607 1012 678 1050 effe
698 1012 863 1050 illorum
885 1012 1023 1051 cliens.

420 1078 556 1118 XLII.
581 1079 746 1123 Interea,
780 1078 875 1116 dum
902 1087 944 1116 tu
971 1078 1076 1123 abes,
1109 1079 1178 1130 qui
1199 1079 1280 1117 dies
1302 1080 1370 1118 ille
1391 1081 1552 1133 collegae
1574 1081 1634 1119 tui
1654 1081 1733 1120 fuit
1748 1102 1761 1128 ς

363 1158 457 1184 cum
477 1144 594 1190 illud,
627 1144 735 1197 quod
766 1154 808 1183 tu
839 1145 1011 1183 venerari
1042 1144 1206 1191 solebas,
1239 1145 1399 1184 bustum
1420 1147 1461 1184 in
1481 1146 1569 1185 foro
1590 1149 1763 1187 evertit?

365 1224 443 1263 qua
472 1225 511 1249 re
542 1211 618 1249 tibi
648 1211 842 1256 nuntiata,
875 1220 919 1249 ut
940 1211 1141 1249 constabat
1162 1212 1265 1250 inter
1285 1225 1364 1258 eos,
1397 1214 1467 1266 qui
1489 1227 1566 1251 una
1584 1213 1762 1261 fuerunt,

365 1277 586 1315 concidisti.
611 1277 722 1328 Qid
743 1277 915 1315 evenerit
936 1277 1078 1329 postea,
1102 1278 1247 1316 nescio.
1272 1279 1435 1317 Metum
1457 1280 1574 1318 credo
1589 1280 1762 1327 valuisse,

363 1353 402 1382 et
423 1357 542 1382 arma.
567 1343 774 1396 Collegam
795 1343 959 1396 quidem
980 1343 1027 1381 de
1048 1343 1143 1382 caelo
1163 1343 1385 1384 detraxisti:
1406 1345 1665 1400 effecistique,
1685 1362 1763 1386 non

366 1419 409 1448 tu
434 1410 597 1462 quidem
619 1411 737 1448 etiam
768 1424 888 1455 nunc,
921 1419 964 1448 ut
986 1410 1031 1447 s1t
1053 1410 1190 1448 similis
1225 1411 1298 1456 tui,
1331 1411 1394 1449 sed
1428 1423 1547 1458 certe,
1579 1423 1623 1452 ut
1656 1415 1762 1452 diffi-

365 1476 473 1514 milis
495 1476 585 1514 effet
606 1475 678 1514 sui.
713 1476 794 1527 Qi
817 1489 907 1513 vero
929 1476 1019 1513 inde
1042 1476 1188 1514 reditus
1211 1477 1414 1515 Romam?
1447 1493 1533 1530 quae
1554 1481 1762 1531 perturba-

365 1543 422 1581 tio
445 1543 566 1580 totius
589 1542 724 1580 urbis?
749 1542 1062 1580 Memineramus
1086 1542 1258 1580 Cinnam
1280 1543 1399 1581 nimis
1420 1554 1648 1596 potentem;
1674 1547 1763 1598 Syl-

364 1609 444 1646 lam
465 1608 594 1660 postea
615 1608 885 1646 dominantem
901 1627 912 1653 ;
936 1608 1055 1646 modo
1072 1618 1302 1661 regnantem
1320 1609 1509 1648 Caesarem
1527 1612 1762 1653 videramus.

367 1677 492 1714 Erant
521 1674 675 1713 fortasse
705 1675 841 1728 gladii,
875 1675 937 1713 sed
968 1675 1202 1721 absconditi,
1235 1690 1307 1714 nec
1335 1677 1388 1714 ita
1408 1677 1544 1716 multi.
1578 1678 1652 1716 Ista
1672 1694 1762 1718 vero

366 1754 452 1794 quae
473 1751 512 1778 et
533 1750 678 1793 quanta
699 1741 874 1779 barbaria
895 1741 947 1778 est
967 1742 979 1779 ?
1011 1742 1168 1793 agmine
1199 1742 1388 1794 quadrato
1418 1756 1510 1781 cum
1541 1744 1681 1796 gladiis
1703 1746 1762 1783 se-

365 1816 544 1860 quuntur
565 1807 735 1845 milites:
760 1806 961 1845 scutorum
982 1807 1137 1845 lecticas
1158 1808 1305 1860 portari
1327 1808 1521 1847 videmus.
1545 1811 1680 1863 Atque
1700 1811 1764 1850 his
1826 1860 1831 1865 ¹

366 1874 529 1926 quidem
557 1875 640 1926 jam
674 1874 913 1918 inveteratis,
948 1874 1078 1911 Patres
1111 1873 1340 1927 conscripti,
1372 1875 1655 1914 consuetudine
1687 1878 1762 1915 ob-

366 1941 589 1979 duruimus.
623 1940 811 1978 Kalendis
833 1941 964 1991 Juniis
995 1955 1087 1979 cum
1116 1942 1156 1978 in
1178 1941 1371 1987 senatum,
1404 1952 1447 1980 ut
1468 1952 1547 1981 erat
1569 1944 1762 1982 constitu-

368 2017 468 2053 tum,
502 2008 632 2046 venire
653 2007 859 2052 vellemus,
892 2017 1001 2045 metu
1024 2009 1220 2059 perterriti
1241 2018 1399 2061 repente
1421 2009 1672 2062 diffugimus.

423 2075 478 2113 At
509 2073 598 2118 iste,
632 2074 702 2125 qui
734 2073 865 2110 senatu
902 2087 981 2111 non
1016 2083 1166 2126 egeret,
1200 2089 1325 2127 neque
1360 2075 1586 2115 desideravit
1620 2091 1762 2129 quem—

367 2154 502 2193 quam,
533 2149 571 2177 et
593 2140 724 2191 potius
747 2139 905 2178 discefl'u
929 2140 1056 2178 nostro
1078 2141 1229 2179 laetatus
1251 2142 1318 2187 est,
1352 2142 1559 2196 statimque
1587 2144 1656 2182 illa
1682 2146 1761 2182 mi-

369 2206 505 2243 rabilia
536 2204 709 2242 facinora
740 2205 886 2244 effecit.
931 2207 1014 2258 Qi
1047 2206 1309 2260 chirographa
1341 2209 1500 2247 Caesaris
1533 2209 1763 2248 defendisset

368 2270 469 2308 lucri
491 2270 548 2307 sui
565 2270 698 2314 causa3
719 2270 749 2306 is
773 2270 875 2322 leges
895 2272 1068 2317 Caesaris,
1086 2273 1223 2325 easque
1244 2274 1459 2326 praeclaras,
1479 2284 1522 2312 ut
1539 2276 1760 2328 rempubli-

369 2350 455 2376 cam
483 2345 692 2373 concutere
714 2335 849 2388 posset,
881 2338 1034 2375 evertit.
1069 2339 1297 2376 Numerum
1318 2353 1512 2378 annorum
1545 2341 1761 2392 provinciis

368 2403 592 2456 prorogavit
612 2417 620 2440 ε
655 2402 852 2454 idemque,
885 2418 978 2442 cum
1006 2406 1182 2442 aetorum
1204 2406 1364 2444 Caesaris
1386 2406 1565 2444 defensor
1586 2407 1657 2444 effe
1688 2406 1758 2444 de·-

369 2469 491 2515 beret,
524 2479 561 2509 et
583 2469 622 2507 in
645 2468 816 2522 publicis
839 2478 875 2509 et
898 2470 937 2508 in
960 2470 1120 2522 privatis
1152 2470 1266 2510 rebus
1297 2473 1378 2511 acta
1407 2472 1564 2511 Caesaris
1587 2472 1760 2514 rescidit,³
