2076 2860
542 144 678 182 PRO
742 143 790 182 L.
854 142 1067 181 CORN.
1131 143 1376 180 BALBO.
1592 159 1665 198 137

261 243 394 295 augeri
414 242 516 281 hanc
538 244 740 281 civitatem
761 250 940 295 oportere
959 256 967 279 :
1001 241 1115 293 cujus
1136 242 1381 285 auctoritate,
1403 251 1442 278 et
1463 240 1662 292 exemplo,

260 323 466 362 nunquam
487 309 541 347 est
561 308 776 347 intermissa
795 322 815 346 a
836 307 1052 360 majoribus
1075 306 1213 345 nostris
1239 306 1397 359 largitio
1417 315 1456 344 et
1477 320 1664 344 commu-

259 376 407 413 nicatio
440 376 626 414 civitatis.
661 376 799 428 Itaque
832 384 870 412 et
902 387 950 411 ex
977 374 1096 412 Latio
1125 373 1260 418 multi,
1293 382 1331 410 et
1359 372 1594 417 Tusculani,
1626 382 1666 410 et

261 442 474 487 Lanuvini,
506 450 545 480 et
574 455 622 480 ex
652 443 801 480 caeteris
831 440 1041 493 generibus
1071 450 1207 492 gentes
1239 439 1424 477 universae
1453 440 1492 477 in
1522 440 1663 477 civita-

259 516 340 546 tem
372 508 461 546 sunt
491 517 683 562 receptae;
717 517 761 546 ut
791 507 1043 552 Sabinorum,
1076 506 1329 551 Volscorum,
1361 506 1662 545 Hernicorum:

258 574 405 627 quibus
427 589 475 613 ex
495 574 724 613 civitatibus
747 588 818 612 nec
840 574 963 611 coaffi
984 573 1105 611 effent
1124 573 1327 611 civitatem
1347 582 1515 618 mutare,
1545 572 1572 610 fi
1595 574 1665 626 qui

259 641 499 687 noluiffent;
533 655 605 679 nec
621 671 631 687 ‚
664 641 691 679 fi
721 642 791 693 qui
820 639 940 678 effent
960 640 1163 678 civitatem
1183 638 1354 676 nostram
1375 638 1569 676 beneficio
1589 652 1664 692 po-

259 707 346 760 puli
368 708 541 746 Romani
562 707 777 753 consecuti,
808 706 1000 745 violatum
1021 704 1151 744 foedus
1172 718 1312 742 eorum
1331 704 1542 743 videretur.

317 774 433 812 XIV.
457 774 514 812 At
533 774 641 812 enim
662 773 841 826 quaedam
862 772 1010 809 foedera
1029 780 1180 815 extant,
1198 781 1243 808 ut
1260 771 1568 815 Germanorum,
1593 771 1663 808 In-

260 839 455 884 subrium,
488 840 784 883 Helvetiorum,
812 837 1011 889 Iapidum,
1035 836 1323 875 nonnullorum
1344 837 1442 874 item
1462 850 1510 874 ex
1533 836 1666 874 Gallia

261 905 546 950 Barbarorum‚
579 918 752 957 quorum
772 904 814 941 in
835 902 1054 941 foederibus
1075 910 1288 954 exceptum
1309 901 1382 946 est,
1417 915 1464 939 ne
1485 903 1574 955 quis
1595 915 1663 939 eo-

261 985 350 1010 rum
370 986 391 1010 a
411 971 526 1009 nobis
547 972 644 1008 civis
667 970 891 1023 recipiatur.
923 968 1044 1021 Qod
1067 968 1092 1006 fi
1114 968 1297 1021 exceptio
1317 967 1428 1013 facit,
1453 982 1500 1006 ne
1521 968 1662 1013 liceat;

260 1038 318 1076 ibi
338 1038 486 1076 neceffe
507 1037 560 1076 est
581 1038 714 1083 licere,
742 1037 811 1075 ubi
834 1051 911 1074 non
935 1036 988 1074 est
1008 1044 1236 1088 exceptum.
1271 1035 1355 1072 Ubi
1376 1035 1429 1072 est
1450 1036 1574 1087 igitur
1593 1049 1663 1073 ex-

260 1116 421 1159 ceptum
443 1105 590 1144 foedere
612 1105 826 1150 Gaditano,
860 1118 907 1142 ne
928 1118 1049 1157 quem
1070 1103 1243 1156 populus
1266 1103 1472 1140 Romanus
1496 1102 1663 1140 Gadita-

260 1186 359 1211 num
380 1173 542 1225 recipiat
563 1173 722 1210 civitate
741 1173 754 1209 ?
787 1171 995 1224 nusquam.
1029 1171 1090 1207 Ac
1112 1168 1236 1207 ficubi
1257 1168 1362 1213 effer,
1385 1168 1448 1206 lex
1471 1168 1510 1206 id
1533 1168 1666 1207 Gellia

260 1248 299 1276 et
332 1238 532 1283 Cornelia,
566 1253 652 1291 quae
682 1237 843 1276 definite
874 1237 1105 1290 potestatem
1137 1235 1329 1288 Pompeio
1359 1236 1561 1273 civitatem
1591 1235 1663 1273 do-

262 1304 381 1342 nandi
402 1304 574 1350 dederat,
607 1304 827 1342 sustulisset.

317 1372 545 1424 Exceptum
566 1371 633 1416 est,
656 1372 811 1424 inquit:
831 1370 961 1409 foedus
984 1369 1176 1422 siquidem
1197 1368 1481 1406 sacrosanctum
1503 1368 1570 1406 est.
1595 1369 1664 1420 Ig-

262 1437 379 1475 nosco
402 1437 490 1482 tibi,
523 1438 549 1475 fi
571 1451 698 1490 neque
720 1438 936 1475 Poenorum
950 1436 1041 1488 jura
1061 1435 1194 1480 calles,
1224 1434 1454 1487 (reliqueras
1475 1434 1585 1472 enim
1604 1434 1665 1471 ci·-

260 1503 424 1541 vitatem
441 1503 568 1554 tuam)
588 1517 715 1556 neque
733 1503 877 1541 nostras
899 1501 1061 1555 potuisti
1082 1501 1186 1553 leges
1208 1500 1421 1553 inspicere:
1446 1499 1536 1552 ipsae
1557 1500 1665 1537 enim

261 1578 300 1606 te
319 1582 340 1606 a
360 1570 589 1621 cognitione
610 1569 675 1607 sua
689 1568 844 1621 judicio
865 1567 1029 1620 publico
1050 1566 1294 1618 repulerunt.

319 1634 430 1687 Qid
459 1634 539 1672 fuit
566 1635 607 1672 in
636 1635 837 1686 rogatione
865 1647 933 1678 ea,
965 1646 1051 1686 quae
1079 1632 1126 1669 de
1160 1632 1352 1684 Pompeio
1380 1645 1400 1669 a
1429 1631 1565 1669 Gellio
1585 1640 1624 1669 et
1645 1645 1666 1669 a

263 1702 452 1746 Lentulo,
485 1701 728 1746 consulibus,
763 1701 838 1739 lata
858 1699 925 1745 est,
956 1701 995 1737 in
1018 1713 1096 1752 qua
1115 1698 1267 1751 aliquid
1289 1698 1570 1736 iherosanffitum
1593 1712 1664 1736 ex-

263 1778 425 1820 ceptum
446 1768 675 1805 videretur?
710 1768 891 1804 Primum
919 1766 1027 1803 enim
1060 1764 1344 1802 sacrosanctum
1366 1764 1437 1802 effe
1458 1763 1561 1802 nihil
1590 1778 1664 1816 po-

264 1836 334 1874 test
349 1866 359 1881 ‚
393 1836 462 1873 nisi
496 1835 603 1888 quod
635 1835 806 1888 populus
839 1834 997 1888 plebsve
1031 1832 1210 1871 sanxisset
1228 1848 1236 1870 :
1276 1832 1417 1870 deinde
1450 1832 1664 1870 sanctiones

262 1901 451 1940 sacrandae
471 1901 561 1941 sunt
582 1911 647 1939 aut
668 1915 809 1954 genere
830 1901 927 1954 ipso,
950 1909 1016 1937 aut
1037 1899 1295 1937 obtestatione
1316 1907 1354 1936 et
1375 1898 1666 1937 consecratione

261 1970 374 2022 legis,
406 1978 474 2006 aut
493 1982 641 2021 poenae,
674 1982 767 2006 cum
789 1976 907 2020 caput
927 1967 1032 2019 ejus,
1065 1967 1134 2018 qui
1156 1974 1292 2003 contra
1312 1964 1428 2010 facit,
1461 1965 1664 2003 consecra-

262 2045 340 2074 tur.
375 2034 486 2087 Qid
518 2034 637 2072 habes
671 2035 794 2086 igitur
826 2033 955 2070 dicere
982 2032 1029 2070 de
1051 2032 1250 2082 Gaditano
1271 2031 1417 2069 foedere
1438 2031 1662 2084 ejusmodi?

263 2102 413 2139 Utrum
429 2114 450 2137 a
469 2101 608 2153 capitis
630 2099 935 2144 consecratione,
959 2112 1005 2136 an
1028 2098 1286 2136 obtestatione
1307 2097 1420 2150 legis,
1445 2098 1662 2135 sacrosanc-

265 2176 350 2204 tum
371 2166 443 2204 effe
464 2166 673 2204 confirmas
694 2167 706 2202 ?
739 2165 858 2204 Nihil
891 2165 1057 2203 omnino
1085 2178 1261 2217 unquam
1290 2164 1336 2201 de
1358 2164 1429 2201 isto
1452 2163 1596 2201 foedere
1616 2163 1664 2200 ad

263 2233 473 2285 populum,
507 2231 608 2269 nihil
631 2231 677 2269 ad
698 2232 870 2284 plebem,
904 2232 1029 2269 latum
1050 2230 1122 2268 effe
1144 2230 1247 2268 dico.
1294 2231 1355 2268 De
1376 2230 1522 2282 quibus
1544 2230 1662 2267 etiam

264 2299 289 2336 fi
312 2299 436 2336 latum
457 2298 562 2342 esset,
595 2312 721 2351 neque
742 2298 871 2351 legem
892 2312 1019 2351 neque
1041 2312 1199 2350 poenam
1221 2298 1339 2334 latam
1361 2297 1446 2341 effe,
1475 2310 1521 2334 ne
1543 2310 1662 2348 quem

263 2366 390 2402 civem
414 2365 673 2416 reciperemus
693 2381 701 2402 :
736 2374 865 2403 tamen
894 2365 934 2403 id
962 2364 1052 2402 effet
1068 2393 1077 2409 ,
1110 2364 1216 2416 quod
1239 2363 1410 2415 populus
1433 2362 1561 2415 postea
1575 2361 1661 2413 jus-

264 2430 377 2475 fiffet‚
400 2439 528 2468 ratum
546 2449 556 2475 3
582 2444 708 2484 neque
729 2431 948 2484 quidquam
969 2431 1049 2469 illis
1071 2430 1214 2474 verbis,
1247 2429 1289 2467 Si
1305 2428 1663 2481 quidſszcrosc'mffzmz

344 2497 383 2534 T
397 2510 420 2534 o
437 2509 488 2535 M.
522 2496 595 2536 VI.
1337 2496 1358 2531 S
