2076 2860
444 166 519 219 396
718 163 794 201 IN
854 161 917 199 M.
979 159 1422 204 ANTONIUM‚
1483 160 1559 198 &a

441 266 734 319 perturbatione
758 262 1000 315 reipublicae,
1034 274 1113 299 non
1141 260 1296 301 differre
1318 261 1473 300 vestitu.
1518 262 1615 300 Non
1648 262 1755 301 enim
1788 264 1842 302 ita

441 334 612 384 gerimus
651 345 719 368 nos
755 329 831 366 hoc
869 329 974 366 bello
1009 327 1245 373 consulares,
1279 336 1322 365 ut
1357 342 1470 380 aequo
1502 328 1635 367 animo
1666 329 1838 382 populus

445 401 645 435 Romanus
677 395 826 433 visurus
859 394 905 431 fit
938 392 1058 431 nostri
1092 392 1254 431 honoris
1287 393 1480 445 insignia,
1513 407 1606 432 cum
1641 395 1788 447 partim
1820 408 1839 432 e

441 464 554 501 nobis
576 464 629 500 ita
651 461 783 499 timidi
812 460 900 505 fint,
933 468 977 497 ut
997 473 1160 497 omnem
1186 459 1327 512 populi
1355 460 1528 498 Romani
1557 460 1839 498 beneficiorum

439 529 672 567 memoriam
694 527 933 579 abjecerint;
957 525 1104 577 partim
1125 525 1180 562 ita
1199 539 1220 562 a
1239 524 1444 577 republica
1463 525 1594 570 averfi,
1617 535 1662 564 ut
1683 526 1718 564 se
1738 525 1840 564 hosti

439 595 565 633 favere
593 609 669 647 prce
699 593 734 631 se
762 592 904 637 ferant,
935 591 1086 644 legatos
1108 590 1256 629 nostros
1278 591 1326 628 ab
1347 591 1528 629 Antonio
1550 590 1746 644 despectos
1769 592 1839 629 effe

439 672 477 699 et
499 661 627 699 irrisos
649 659 766 698 facile
788 660 1000 712 patiantur,
1033 657 1211 710 legatum
1232 658 1403 695 Antonii
1431 657 1679 696 sublevatum
1700 657 1839 696 velint.

439 729 564 766 Hunc
586 727 693 765 enim
715 726 844 764 reditu
866 725 912 763 ad
933 725 1160 763 Antonium
1188 722 1392 777 prohiberi
1423 724 1618 777 negabant
1645 733 1839 777 oportere,

438 804 478 833 et
508 796 549 833 in
579 794 719 832 eodem
749 791 984 846 excipiendo
1014 791 1249 829 sententiam
1279 804 1408 829 meam
1436 791 1713 843 corrigebant:
1747 791 1840 841 qui-

440 862 513 899 bus
536 874 668 914 geram
690 872 857 898 morem.
903 857 1054 896 Redeat
1075 856 1121 895 ad
1148 857 1429 909 imperatorem
1451 856 1566 895 suum
1587 857 1745 902 Varius,
1777 856 1841 894 sed

439 942 483 967 ea
502 928 603 981 lege,
635 941 684 965 ne
706 939 882 979 unquam
906 925 1078 963 Romam
1099 933 1327 963 revertatur.
1367 924 1529 962 Caeteris
1551 933 1698 970 autem,
1730 924 1757 962 fi
1777 937 1839 961 er-

440 1008 568 1032 rorem
601 994 715 1032 suum
748 992 1013 1045 deposuerint,
1046 999 1085 1029 et
1117 1004 1210 1028 cum
1240 990 1444 1044 republica
1463 991 1505 1029 in
1526 990 1692 1043 gratiam
1712 989 1840 1030 redie-

439 1061 534 1106 rint,
565 1060 721 1098 veniam
741 1067 780 1096 et
801 1058 1085 1112 impunitatem
1106 1056 1274 1094 dandam
1294 1065 1408 1109 put0.

494 1127 604 1177 Qas
638 1125 689 1163 ob
721 1137 779 1162 res
812 1124 866 1161 ita
894 1123 1059 1161 censeo:
1095 1128 1123 1145 “
1145 1123 1333 1167 EORUM,
1366 1121 1550 1174 quicum
1572 1121 1637 1160 M.
1660 1120 1841 1160 Antonio

440 1199 468 1214 “
492 1191 596 1236 sunt,
628 1189 698 1243 qui
730 1189 778 1226 ab
809 1188 928 1226 armis
959 1186 1212 1233 discesserint,
1243 1196 1282 1226 et
1309 1197 1375 1225 aut
1407 1187 1454 1225 ad
1487 1187 1665 1232 Pansam,
1697 1195 1764 1224 aut
1792 1185 1840 1224 ad

440 1263 468 1279 “
491 1256 691 1300 Hirtium,
715 1253 908 1299 consules,
931 1262 999 1291 aut
1019 1252 1066 1290 ad
1087 1253 1305 1291 Decimum
1326 1254 1512 1297 Brutum,
1543 1252 1838 1305 imperatorem,

440 1330 468 1347 “
491 1322 696 1361 consulem
717 1320 977 1372 designatum,
1001 1327 1068 1356 aut
1088 1318 1135 1355 ad
1158 1319 1206 1357 C.
1227 1317 1434 1364 Caesarem,
1457 1331 1529 1371 pro
1549 1326 1728 1371 praetore‚
1751 1326 1841 1356 ante

440 1397 468 1413 ‘⁶
491 1389 579 1428 idus
601 1388 766 1427 Martias
788 1386 934 1439 prImas
955 1385 1137 1430 adierint,
1160 1384 1208 1423 iis
1229 1383 1358 1423 fraudi
1380 1398 1428 1422 ne
1449 1384 1509 1430 fit,
1527 1384 1635 1438 quod
1655 1398 1750 1423 cum
1771 1384 1837 1424 M.

440 1464 468 1480 “
491 1456 672 1494 Antonio
692 1453 858 1492 fuerint.
891 1453 930 1491 Si
951 1452 1040 1506 quis
1062 1465 1214 1497 eorum,
1237 1452 1308 1504 qui
1329 1464 1423 1490 cum
1443 1451 1508 1490 M.
1531 1451 1711 1490 Antonio
1732 1450 1838 1497 sunt,

440 1529 468 1545 “
490 1520 644 1566 fecerit,
668 1519 776 1573 quod
796 1518 947 1557 honore
967 1517 1178 1571 praemiove
1199 1517 1368 1570 dignum
1388 1516 1461 1555 esse
1480 1516 1657 1556 videatur
1669 1535 1681 1562 3
1705 1516 1766 1554 uti
1787 1517 1837 1555 C.

439 1596 467 1611 “
490 1587 625 1633 Pansa,
657 1588 709 1625 A.
734 1586 911 1631 Hirtius,
943 1584 1138 1630 consules,
1169 1584 1267 1623 alter
1286 1583 1467 1629 ambove,
1498 1583 1525 1622 fi
1546 1584 1600 1622 eis
1621 1582 1836 1628 videbitur,

439 1662 468 1678 ‘⁶
491 1653 538 1692 de
559 1655 642 1707 ejus
663 1652 813 1691 honore
838 1652 1063 1706 praemiove,
1094 1651 1226 1704 primo
1246 1664 1406 1704 quoque
1425 1650 1489 1688 die
1508 1649 1557 1689 ad
1577 1649 1754 1688 senatum
1775 1662 1838 1687 re-

439 1728 468 1745 “
489 1719 631 1759 ferant.
677 1720 716 1757 Si
748 1719 838 1772 quis
870 1718 955 1771 post
986 1717 1064 1757 hoc
1096 1716 1505 1756 senatus-consultum
1536 1716 1584 1755 ad
1611 1714 1838 1754 Antonium

441 1794 469 1810 ‘⁴
492 1785 690 1839 profectus
712 1784 818 1830 effer,
849 1793 987 1837 praeter
1017 1785 1067 1822 L.
1091 1783 1274 1831 Varium,
1306 1783 1484 1824 senatum
1503 1782 1835 1827 existimaturum,

439 1859 467 1875 “
490 1865 582 1890 cum
603 1860 739 1890 contra
759 1850 1049 1903 rempublicam
1069 1848 1242 1890 feciffe.''
