2076 2860
466 203 542 244 392
816 186 895 225 IN
953 185 1017 224 M.
1079 184 1506 225 ANTONIUM

464 305 484 329 a
505 291 540 329 se
561 292 702 329 alienas
724 289 991 327 arbitraretur.
1022 287 1147 326 Caesar
1167 287 1261 340 ipse,
1280 288 1350 341 qui
1370 288 1450 326 illis
1472 287 1598 326 fuerat
1618 287 1861 334 iratiffimus,

465 366 593 395 tamen
629 365 788 409 propter
818 354 1052 407 fingularem
1083 354 1166 406 ejus
1199 354 1370 392 civitatis
1402 354 1635 406 gravitatem
1666 363 1705 392 et
1740 354 1862 393 fidem

464 423 644 475 quotidie
664 420 815 474 aliquid
836 419 1047 458 iracundiae
1067 420 1294 457 remittebat
1312 435 1321 458 :
1355 429 1393 457 te
1420 421 1529 458 nulla
1555 420 1621 458 sua
1640 421 1861 459 calamitate
1894 449 1902 458 .

463 488 599 525 civitas
622 487 754 524 satiare
777 495 857 524 tam
878 485 1005 523 fidelis
1027 485 1180 538 potest?
1213 485 1363 523 Rursus
1385 499 1449 523 me
1470 487 1555 538 jam
1575 486 1686 524 irasci
1706 485 1862 525 fortafi'e

464 553 584 591 dices.
629 554 718 604 Ego
747 561 879 590 autem
909 551 987 588 fine
1016 550 1220 588 iracundia
1247 550 1352 596 dico,
1385 560 1428 588 ut
1456 552 1604 597 omnia,
1636 565 1708 589 nec
1730 561 1860 590 tamen

465 618 542 656 fine
562 617 722 656 dolore:
756 617 975 656 Neminem
997 616 1057 654 illi
1079 616 1228 653 civitati
1252 616 1465 654 inimicum
1486 616 1558 655 effe
1579 617 1760 662 arbitror,
1792 617 1863 670 qui

463 685 612 722 amicus
635 685 680 722 s1t
701 683 795 722 huic
816 683 983 722 civitati.
1016 683 1269 735 Excogitare,
1292 696 1377 735 quae
1400 692 1466 721 tua
1487 683 1584 721 ratio
1604 683 1665 728 fit,
1699 683 1862 728 Calene,

465 765 543 788 non
565 750 733 803 possum.
771 751 900 788 Antea
920 750 1111 788 deterrere
1132 759 1184 794 te,
1217 763 1265 786 ne
1286 749 1486 802 popularis
1508 749 1614 794 effes,
1647 762 1726 787 non
1747 758 1861 803 pote-

465 831 623 862 ramus3
656 831 813 855 exorare
835 830 956 861 nunc,
990 825 1034 853 ut
1056 816 1100 853 fis
1122 815 1338 868 popularis,
1371 829 1450 853 non
1471 815 1689 868 possumus.

522 883 620 921 Satis
642 883 769 920 multa
789 896 883 920 cum
905 881 1036 926 Fufio,
1073 894 1115 918 ac
1147 881 1225 918 fine
1248 880 1340 918 odio
1362 869 1515 926 omnia,
1547 880 1650 919 nihil
1681 881 1759 919 fine
1788 880 1861 919 do-

466 949 560 987 lore.
596 948 724 987 Credo
746 957 893 993 autem,
916 949 987 1000 qui
1007 947 1140 1000 generi
1163 947 1364 999 querelam
1386 946 1584 985 moderate
1605 946 1719 992 ferat,
1751 960 1864 1000 aequo

464 1015 597 1053 animo
618 1015 793 1053 laturum
813 1015 946 1053 amici.

520 1082 615 1120 VII.
649 1082 779 1120 Venio
800 1081 847 1119 ad
868 1081 1041 1134 reliquos
1063 1081 1299 1125 consulares,
1326 1094 1497 1133 quorum
1519 1080 1572 1117 est
1594 1093 1725 1124 nem0,
1760 1080 1864 1132 (jure

465 1161 554 1185 meo
586 1147 663 1185 hoc
696 1148 804 1197 dico)
839 1148 937 1199 quin
970 1161 1131 1184 mecum
1163 1146 1303 1184 habeat
1335 1146 1507 1198 aliquam
1541 1146 1865 1198 conjunctionem

466 1214 614 1265 gratiae‚
645 1214 712 1251 alii
737 1214 968 1259 maximam,
1000 1214 1067 1251 alii
1088 1213 1344 1256 mediocrem,
1378 1226 1495 1249 nemo
1517 1212 1684 1250 nullam.
1727 1213 1862 1264 Qam

465 1279 666 1318 hesternus
689 1280 770 1318 dies
793 1280 923 1325 nobis,
952 1279 1223 1316 consularibus
1246 1278 1350 1323 dico,
1374 1279 1500 1330 turpis
1522 1277 1688 1315 illuxit?
1712 1278 1864 1317 Iterum

466 1346 640 1399 legatos?
664 1345 789 1398 Qid,
808 1346 834 1383 fi
856 1345 923 1383 ille
944 1344 1088 1383 faceret
1108 1345 1311 1382 inducias?
1335 1345 1442 1382 Ante
1458 1344 1630 1382 consulis
1651 1343 1866 1397 oculosque

466 1413 704 1465 legatorum,
741 1412 949 1451 tormentis
985 1412 1193 1450 Mutinam
1227 1410 1444 1449 verberavit
1463 1427 1471 1449 :
1505 1424 1603 1463 opus
1640 1410 1865 1449 ostendebat

465 1480 815 1532 munitionemque
846 1478 1013 1531 legatis:
1052 1492 1099 1516 ne
1120 1479 1315 1530 punctum
1336 1476 1499 1529 quidem
1527 1477 1733 1529 temporis,
1769 1490 1865 1516 cum

466 1544 585 1597 legati
606 1545 788 1590 adeffent,
818 1544 1064 1598 oppugnatio
1085 1543 1299 1596 respiravit.
1333 1542 1397 1580 Ad
1418 1542 1526 1580 hunc
1547 1542 1696 1595 legatos
1715 1543 1728 1580 ?
1760 1543 1863 1581 cur?

465 1624 511 1649 an
536 1620 579 1649 ut
599 1625 737 1649 eorum
758 1611 888 1649 reditu
907 1609 1181 1649 vehementius
1202 1609 1484 1663 pertimescatis
1505 1609 1518 1646 ?

525 1676 726 1730 Equidem
758 1691 853 1715 cum
884 1686 996 1714 antea
1025 1676 1174 1728 legatos
1207 1675 1365 1713 decerni
1392 1688 1472 1713 non
1498 1674 1755 1720 censuiffem;
1787 1673 1866 1713 hoc

466 1757 532 1782 me
552 1753 682 1782 tamen
705 1743 946 1788 consolabar,
980 1742 1088 1796 quod
1107 1756 1202 1780 cum
1229 1742 1291 1780 illi
1315 1742 1363 1780 ab
1385 1741 1565 1779 Antonio
1585 1741 1808 1795 contempti
1827 1749 1868 1780 et

468 1809 600 1861 rejecti
621 1809 876 1853 revertissent,
894 1807 1157 1859 dixissentque
1177 1807 1340 1851 senatui,
1360 1820 1438 1844 non
1456 1806 1576 1844 modo
1593 1806 1710 1845 illum
1726 1820 1747 1845 e
1764 1807 1865 1845 Gal-

466 1872 533 1913 lia‘
552 1888 632 1912 non
663 1874 878 1919 disceffiffe,
911 1874 970 1911 uti
998 1872 1290 1917 censuissemus,
1322 1872 1386 1910 sed
1411 1886 1458 1909 ne
1479 1886 1499 1909 a
1520 1873 1683 1910 Mutina
1703 1871 1867 1925 quidem

469 1940 680 1985 receffiffe;
712 1939 942 1992 potestatem
978 1939 1049 1976 fibi
1084 1939 1139 1977 D.
1170 1939 1282 1976 Bruti
1317 1937 1579 1975 conveniendi
1610 1951 1690 1976 non
1722 1936 1863 1977 fuifl‘e:

469 2005 568 2051 fore,
592 2015 636 2043 ut
656 2019 793 2044 omnes
815 2004 1051 2043 inflammati
1072 2004 1178 2049 odio,
1208 2003 1369 2042 excitati
1390 2003 1538 2048 dolore,
1571 2003 1703 2048 armis,
1736 2003 1864 2056 equis,

467 2071 562 2110 -viris
585 2073 639 2111 D.
664 2073 787 2110 Bruto
808 2071 1119 2109 subveniremus.
1153 2070 1240 2109 Nos
1261 2070 1380 2107 etiam
1400 2068 1664 2121 languidiores
1686 2068 1778 2108 facti
1799 2070 1865 2108 su—

469 2151 574 2183 mus,
606 2137 812 2191 postquam
844 2137 1014 2175 Antonii
1046 2150 1125 2174 non
1158 2135 1284 2174 solum
1317 2135 1518 2173 audaciam
1553 2144 1592 2173 et
1626 2135 1766 2180 scelus,
1802 2135 1867 2174 sed

469 2203 590 2245 etiam
610 2203 860 2241 insolentiam
882 2202 1198 2259 superbiamque,
1229 2200 1513 2254 perspeximus:

527 2271 695 2308 Utinam
724 2270 772 2308 L.
798 2269 924 2308 Caesar
944 2269 1102 2314 valeret,
1135 2269 1287 2306 Servius
1310 2268 1508 2321 Sulpicius
1530 2267 1703 2306 viveret!
1734 2267 1865 2306 multo

467 2336 614 2377 melius
636 2335 720 2375 haec
740 2335 852 2374 causa
870 2345 1047 2388 ageretur
1067 2348 1088 2372 a
1108 2335 1249 2380 tribus,
1281 2348 1527 2388 quamnunc
1549 2334 1678 2387 agitur
1697 2334 1745 2372 ab
1767 2346 1862 2372 uno·

471 2402 667 2442 Dolenter
688 2401 764 2440 hoc
785 2401 915 2440 dicam
935 2401 1083 2455 potius,
1116 2414 1234 2454 quam
1255 2400 1555 2439 contumeliose.
1592 2400 1761 2445 Deserti‚
1793 2398 1863 2437 de·-

472 2470 577 2517 serti,
609 2470 788 2526 inquam,
821 2469 969 2514 sumus,
1003 2468 1133 2507 Patres
1155 2467 1383 2521 conscripti,
1414 2481 1435 2506 a
1466 2467 1729 2520 principibus,
1775 2464 1863 2510 Sed,
