2076 2860
438 186 513 228 342
789 171 866 210 IN
926 170 990 208 M.
1052 170 1481 210 ANTONIUM

431 274 638 319 intermisi,
670 272 800 326 quoad
830 286 909 310 non
943 271 1073 310 licuit.
1116 273 1206 324 Jam
1237 275 1317 310 'non
1339 273 1466 312 solum
1488 274 1597 319 licet,
1630 273 1693 313 sed
1713 275 1833 314 etiam

432 342 579 381 neceffe
600 341 680 378 est:
714 339 785 377 nisi
817 339 957 377 servire
986 339 1189 384 malimus,
1221 353 1356 392 quam,
1388 354 1437 378 ne
1457 340 1683 386 serviamus,
1715 342 1836 380 armis

429 408 650 460 animisque
670 406 893 444 decernere.
931 405 1003 443 Dii
1035 406 1278 444 immortales
1308 406 1422 444 nobis
1451 406 1535 445 haec
1562 408 1734 461 praefidia
1762 408 1832 446 de·-

430 475 601 519 derunt;
636 474 724 512 urbi
747 473 953 517 Caesarem,
986 473 1158 510 Brutum
1180 473 1336 512 Galliae.
1380 474 1420 511 Si
1451 474 1559 512 enim
1592 475 1660 512 ille
1691 475 1833 513 urbem

430 541 654 593 opprimere
676 538 861 592 potuiffet
881 538 1040 583 statim;
1073 539 1099 576 fi
1123 538 1297 577 Galliam
1320 548 1450 577 tenere
1471 539 1589 591 paulo
1610 540 1723 592 post:
1756 554 1833 594 op·-

428 608 529 646 timo
550 608 695 660 cuique
716 606 978 660 pereundum,
1011 606 1173 658 reliquis
1195 606 1285 644 effet
1307 606 1571 645 serviendum.

484 675 601 713 XIV.
625 675 743 712 Hanc
765 674 888 725 igitur
908 673 1152 711 occasionem
1168 673 1342 711 oblatam
1364 682 1508 718 tenete,
1530 687 1600 726 per
1621 674 1727 711 Deos
1749 672 1836 711 im·-

427 741 629 786 mortales,
663 740 794 778 Patres
816 740 1045 792 conscripti,
1077 749 1116 777 et
1143 739 1371 792 amplissimi
1400 738 1508 777 orbis
1539 749 1647 778 terrae
1677 740 1831 779 confilii

426 808 626 861 principes
648 821 715 845 vos
737 807 810 845 effe
830 807 1043 859 aliquando
1064 806 1341 844 recordamini.
1381 806 1549 858 Signum
1571 806 1658 844 date
1679 806 1835 859 populo

427 874 627 919 Romano,
657 874 867 911 confilium
898 873 1069 911 vestrum
1100 886 1179 910 non
1210 872 1331 910 deeffe
1363 872 1606 925 reipublicae,
1640 873 1832 925 quoniam

425 940 495 978 ille
526 941 715 978 virtutem
745 940 853 978 suam
886 954 965 978 non
999 939 1225 977 defuturam
1253 939 1324 977 effe
1351 938 1574 992 profitetur.
1608 938 1727 977 Nihil
1758 939 1834 984 est,-

425 1006 534 1058 quod
555 1020 739 1044 moneam
759 1019 853 1044 vos:
878 1019 996 1044 nemo
1017 1006 1069 1043 est
1091 1015 1171 1044 tam
1192 1005 1349 1050 stultus,
1373 1006 1444 1057 qui
1465 1019 1544 1043 non
1565 1005 1779 1057 intelligat,
1797 1005 1829 1043 ‘fi

425 1072 750 1110 indormierimus
772 1071 867 1110 huic
891 1073 1075 1124 tempori,
1108 1085 1188 1109 non
1220 1072 1341 1109 modo
1373 1071 1574 1108 crudelem
1594 1071 1828 1122 superbam-

424 1152 503 1191 que
533 1138 848 1176 dominationem
879 1138 1009 1182 nobis,
1043 1137 1107 1175 sed
1127 1136 1433 1189 ignominiosam
1454 1137 1573 1174 etiam
1595 1146 1633 1174 et
1654 1136 1833 1188 flagitio-

425 1205 520 1249 sam,
543 1204 745 1242 ferendam
766 1204 853 1242 effe.
881 1204 1018 1243 Nostis
1040 1204 1290 1241 insolentiam
1312 1203 1497 1248 Antonii,
1520 1203 1640 1241 nostis
1661 1203 1833 1249 amicos,-

423 1271 545 1310 nostis
568 1281 693 1310 totam
714 1271 895 1309 domum.
930 1270 1187 1315 Libidinofis,
1210 1269 1498 1322 petulantibus,
1530 1269 1715 1322 impuris,
1746 1269 1829 1308 im-

423 1337 597 1390 pudicis,
620 1338 869 1382 aleatoribus,
892 1338 1011 1375 ebriis
1033 1337 1187 1381 servire,
1214 1349 1257 1374 ea
1277 1335 1330 1373 est
1351 1336 1505 1373 summa
1525 1336 1693 1381 miseria,
1716 1335 1828 1373 sum-

425 1419 492 1443 mo
519 1404 706 1442 dedecore
734 1404 959 1456 conjuncta.
1003 1403 1124 1455 Qod
1152 1403 1177 1440 fi
1200 1393 1285 1455 jam
1316 1402 1442 1455 (quod
1470 1402 1541 1440 Dii
1569 1416 1687 1440 omen
1715 1412 1834 1441 aver-⁴

423 1480 508 1509 tant
524 1471 553 1523 !)
577 1471 703 1510 fatum
725 1480 949 1510 extremum
971 1470 1199 1524 reipublicae
1219 1471 1350 1515 venit,
1371 1469 1479 1522 quod
1495 1469 1727 1522 gladiatores
1749 1483 1826 1507 no-

423 1537 525 1576 biles
545 1537 714 1583 faciunt,
747 1546 790 1575 ut
817 1536 978 1575 honeste
998 1536 1255 1581 decumbant,
1286 1534 1477 1573 faciamus
1508 1548 1594 1580 nos,
1626 1534 1827 1587 principes

421 1603 529 1642 orbis
552 1613 756 1649 terrarum,
789 1604 1052 1656 gentiumque
1074 1603 1272 1647 omnium,
1296 1610 1341 1639 ut
1362 1615 1454 1639 cum
1477 1601 1670 1653 dignitate
1691 1602 1826 1653 potius

421 1671 621 1716 cadamus,
654 1684 774 1723 quam
796 1684 889 1708 cum
912 1670 1135 1722 ignominia
1155 1669 1379 1707 serviamus.
1426 1667 1546 1706 Nihil
1576 1668 1629 1705 est
1659 1667 1825 1705 detesta-

422 1736 542 1774 bilius
565 1737 768 1782 dedecore,
792 1735 894 1774 nihil
916 1735 1062 1774 foedius
1084 1736 1283 1774 servitute.
1315 1734 1379 1772 Ad
1401 1734 1518 1772 decus
1540 1743 1578 1772 et
1599 1734 1824 1772 libertatem

421 1803 502 1840 nati
524 1802 683 1841 sumus:
717 1811 783 1840 aut
804 1801 887 1840 haec
909 1800 1127 1846 teneamus,
1159 1810 1226 1838 aut
1246 1815 1339 1838 cum
1361 1801 1555 1852 dignitate
1575 1801 1806 1839 moriamur.

477 1868 668 1906 Nimium
689 1867 757 1905 diu
778 1868 966 1911 teximus,
999 1867 1097 1919 quid
1118 1866 1350 1903 sentiremus
1370 1880 1378 1903 ε
1413 1879 1519 1902 nunc
1534 1866 1619 1917 jam
1641 1873 1823 1917 apertum

417 1933 491 1971 est:
516 1935 748 1985 omnesjam
765 1931 1049 1985 patefecerunt,
1068 1933 1109 1969 in
1127 1941 1335 1984 utramque
1351 1940 1501 1983 partem
1519 1931 1616 1983 quid
1633 1931 1817 1976 sentiant,

418 2000 517 2053 quid
537 2000 676 2039 velint.
719 2001 817 2037 Sunt
850 1999 966 2052 impii
996 2000 1114 2044 cives,
1147 2012 1219 2051 pro
1248 1999 1407 2036 caritate
1438 1997 1610 2050 reipubl.
1645 1997 1820 2035 nimium

418 2067 568 2113 multi;
601 2081 673 2120 pro
705 2066 970 2104 multitudine
996 2066 1096 2103 bene
1126 2066 1397 2110 sentientium,
1429 2063 1644 2102 admodum
1672 2064 1818 2117 pauci:

420 2147 593 2186 quorum
613 2133 968 2185 opprimendorum
990 2132 1061 2169 Dii
1084 2131 1326 2170 immortales
1348 2130 1625 2169 incredibilem
1656 2130 1820 2182 reipub-

418 2200 504 2238 licae
535 2200 767 2253 potestatem
796 2207 835 2237 et
866 2198 1069 2236 fortunam
1099 2198 1305 2236 dederunt.
1349 2197 1414 2235 Ad
1435 2211 1477 2235 ea
1497 2197 1605 2234 enim
1626 2196 1815 2249 praefidia,

417 2280 504 2319 quae
519 2265 727 2311 habemus,
740 2266 824 2317 jam
840 2265 1033 2303 accedunt
1049 2264 1228 2303 consules
1246 2264 1397 2302 summa
1414 2263 1636 2316 prudentia,
1655 2263 1817 2307 virtute,

421 2332 645 2378 concordia,
664 2332 813 2370 multos
830 2331 980 2370 menses
997 2330 1044 2369 de
1061 2331 1199 2384 populi
1222 2331 1393 2368 Romani
1411 2330 1592 2368 libertate
1608 2337 1827 2368 commen-⁴

420 2399 506 2444 tati,
537 2408 655 2452 atque
675 2398 870 2437 meditati.
904 2398 983 2436 His
1005 2398 1229 2435 auctoribus
1251 2406 1290 2435 et
1311 2397 1496 2441 ducibus,
1518 2396 1618 2434 'Diis
1635 2395 1816 2448 juvanti-
1849 2412 1854 2417 ·

419 2465 509 2511 bus,
539 2466 655 2504 nobis
677 2464 936 2519 vigilantibus
959 2473 998 2503 et
1017 2464 1195 2503 multum
1217 2464 1257 2501 in
1279 2463 1477 2517 posterum
1498 2461 1815 2515 providentibus,
