2076 2860
630 177 1204 217 PHILIPPICA
1282 177 1333 216 V.
1604 178 1680 231 367

291 289 319 305 “
343 282 507 335 placere,
541 282 590 319 C.
610 280 814 325 Caesarem,
840 280 926 318 Caii
948 279 1092 324 filium,
1116 279 1364 332 pontificem,
1386 287 1681 332 propraetorem,

292 356 319 371 “
342 348 557 386 senatorem
578 347 664 392 effe,
688 347 1000 399 sententiamque
1022 347 1111 384 loco
1131 347 1313 398 praetorio
1334 345 1490 391 dicere;
1523 344 1684 398 ejusque

292 421 320 437 “
343 414 548 458 rationem,
567 426 846 464 quemcunque
868 412 1138 464 magistratum
1160 422 1281 465 petet,
1304 413 1358 450 ita
1378 412 1527 457 haberi,
1546 421 1590 450 ut
1610 411 1683 450 ha-

292 487 321 503 “
344 480 427 518 beri
447 494 516 532 per
536 479 639 531 leges
661 480 812 523 liceret,
845 480 870 517 fi
892 493 994 517 anno
1016 479 1212 531 superiore
1231 479 1396 531 quaestor
1417 478 1590 517 fuisset.''

347 545 458 599 Qid
479 545 532 583 est
552 546 674 590 enim,
708 546 840 583 Patres
870 545 1099 598 conscripti,
1131 560 1203 584 cur
1233 560 1323 584 eum
1352 559 1431 583 non
1460 559 1579 598 quam
1600 546 1685 599 pri-

289 626 403 651 mum
434 612 690 666 ampliffimos
723 611 891 650 honores
921 625 1059 664 capere
1091 613 1331 665 cupiamus?
1364 612 1540 664 Legibus
1576 614 1685 651 enim

290 678 497 717 annalibus
529 692 623 716 curn
654 678 904 730 grandiorem
930 687 1082 716 aetatem
1110 677 1157 715 ad
1188 678 1437 716 consulatum
1470 678 1685 717 constitue-

292 743 402 789 bant,
434 743 702 782 adolescentiae
724 744 986 782 temeritatem
1007 743 1254 781 verebantur.
1303 744 1351 782 C.
1377 744 1501 782 Caesar
1525 745 1687 784 ineunte

292 820 402 849 aetate
423 810 574 856 docuit,
605 810 654 848 ab
681 809 894 848 excellenti
920 809 1144 861 eximiaque
1165 809 1310 847 virtute
1331 811 1573 862 progressum
1595 822 1686 849 ceta·

293 876 344 915 tis
366 876 560 929 expectari
582 889 661 914 non
683 884 875 928 oportere.
921 876 1060 926 Itaque
1088 876 1253 927 majores
1275 875 1409 921 nostri,
1442 886 1587 915 veteres
1609 879 1686 923 illi,

292 942 509 980 admodum
538 941 709 994 antiqui,
740 941 844 993 leges
877 941 1033 978 annales
1061 954 1141 978 non
1173 940 1398 980 habebant:
1432 957 1527 995 quas
1549 944 1688 982 multis

293 1008 379 1061 post
412 1008 523 1045 annis
558 1008 693 1045 attulit
727 1007 909 1052 ambitio,
942 1017 986 1045 ut
1019 1007 1161 1059 gradus
1194 1007 1314 1046 effent
1347 1009 1553 1061 petitionis
1587 1011 1691 1049 inter

292 1074 473 1127 aequales.
499 1074 557 1111 Ita
573 1073 669 1126 saepe
684 1086 827 1125 magna
841 1072 993 1111 indoles
1010 1073 1168 1111 virtutis
1184 1074 1308 1126 prius,
1327 1089 1447 1127 quam
1463 1076 1690 1128 reipublicae

292 1139 464 1194 prodesse
486 1139 683 1192 potuisset,
715 1140 888 1177 extincta
908 1139 975 1177 est.
1020 1140 1075 1176 At
1102 1153 1193 1177 vero
1220 1141 1323 1193 apud
1353 1143 1536 1194 antiquos
1558 1144 1687 1189 Rulli,

292 1207 426 1251 Decii,
446 1206 625 1251 Corvini,
644 1206 842 1257 multique
863 1206 950 1250 alii,
975 1206 1191 1243 recentiore
1211 1216 1342 1245 autem
1363 1209 1553 1246 memoria
1574 1210 1690 1262 supe-

295 1273 374 1310 rior
395 1271 623 1315 Africanus,
656 1273 709 1309 T.
734 1272 1001 1316 Flaminium,
1027 1271 1242 1310 admodum
1263 1273 1524 1318 adolescentes
1547 1276 1689 1314 consu-

295 1339 351 1376 les
386 1337 493 1383 faefi,
527 1346 650 1374 tantas
684 1350 742 1374 res
777 1337 985 1388 gesserunt,
1019 1346 1062 1375 ut
1094 1338 1233 1390 populi
1269 1339 1440 1377 Romani
1477 1341 1691 1394 imperium

295 1404 490 1448 auxerint,
522 1416 666 1443 nomen
686 1403 879 1442 ornarint.
919 1402 1030 1454 Qid
1051 1402 1221 1441 Macedo
1242 1405 1465 1446 Alexander
1484 1408 1496 1444 ?
1529 1421 1621 1445 cum
1643 1410 1690 1445 ab

297 1470 460 1509 ineunte
493 1478 602 1507 aetate
635 1481 693 1506 res
727 1469 916 1506 maximas
948 1482 1080 1521 gerere
1109 1469 1308 1521 coepiffet‚
1343 1484 1473 1508 nonne
1507 1474 1622 1511 tertio
1654 1484 1692 1512 et

297 1536 494 1575 tricefimo
515 1549 617 1573 anno
638 1545 808 1574 mortem
829 1535 930 1574 obiit
949 1536 962 1572 ἓ
995 1549 1080 1588 quae
1101 1535 1154 1573 est
1175 1545 1262 1574 aetas
1285 1537 1423 1574 nostris
1445 1538 1599 1590 legibus
1623 1539 1690 1577 de-

297 1616 386 1641 cem
416 1602 526 1640 annis
560 1602 705 1647 minor,
736 1615 857 1654 quam
890 1602 1117 1641 consularis.
1166 1603 1228 1642 Ex
1258 1616 1338 1655 quo
1361 1603 1530 1656 judicari
1550 1605 1691 1658 potest,

297 1668 455 1706 virtutis
478 1667 563 1713 effe,
596 1681 715 1720 quam
740 1668 877 1713 aetatis,
909 1668 1067 1705 cursum
1089 1668 1332 1707 celeriorem.

355 1735 514 1772 XVIII.
549 1734 671 1779 Nam,
704 1734 810 1786 quod
831 1734 873 1779 ii,
906 1735 975 1786 qui
999 1734 1136 1772 Caesari
1159 1735 1352 1780 invident,
1376 1736 1561 1775 simulant
1582 1736 1618 1775 se
1640 1739 1692 1776 ti-

297 1814 423 1845 mere;
449 1813 496 1837 ne
513 1800 726 1838 verendum
743 1799 906 1852 quidem
923 1800 990 1845 est,
1010 1809 1052 1837 ut
1075 1809 1204 1838 tenere
1221 1801 1256 1838 se
1273 1802 1400 1853 possit,
1421 1812 1463 1840 ut
1485 1802 1691 1849 moderari,

297 1879 348 1904 ne
377 1865 598 1903 honoribus
629 1865 767 1904 nostris
789 1865 913 1904 elatus
934 1866 1261 1918 intemperantius
1283 1867 1359 1905 suis
1381 1867 1524 1920 opibus
1547 1878 1692 1909 utatur.

299 1933 360 1971 Ea
378 1941 515 1970 natura
535 1945 666 1970 rerum
697 1931 764 1977 est,
800 1933 929 1970 Patres
963 1932 1190 1985 conscripti,
1224 1942 1281 1978 ut,
1314 1934 1383 1986 qui
1415 1934 1566 1973 sensum
1599 1949 1695 1974 verae

299 1998 434 2050 gloriae
455 1999 617 2051 ceperit,
649 1999 798 2051 quique
824 1999 860 2037 se
887 1999 934 2037 ab
962 1999 1109 2044 senatu,
1141 2000 1188 2037 ab
1215 2000 1433 2052 equitibus,
1466 2002 1696 2055 populoque

299 2064 484 2102 Romano
511 2064 704 2109 universo,
737 2064 893 2103 senserit
920 2065 1048 2105 civem
1074 2078 1209 2104 carum
1230 2065 1381 2111 haberi,
1412 2067 1696 2121 salutaremque

302 2130 543 2182 reipublicae,
563 2129 664 2167 nihil
683 2144 776 2168 cum
792 2129 864 2168 hac
885 2131 1010 2183 gloria
1029 2132 1340 2184 comparandum
1361 2143 1488 2186 putet.
1514 2135 1693 2180 Utinam,

304 2195 353 2232 C.
378 2195 517 2233 Caesari
547 2195 665 2247 (patri
693 2195 800 2245 dico)
833 2196 1056 2249 contigisset
1082 2197 1333 2243 adolescenti,
1366 2208 1410 2236 ut
1436 2199 1526 2238 effet
1548 2200 1697 2237 senatui

301 2270 419 2312 atque
439 2261 594 2312 optimo
615 2261 759 2312 cuique
779 2262 1017 2301 cariffimus!
1048 2264 1155 2315 quod
1177 2277 1269 2303 cum
1290 2264 1478 2318 consequi
1500 2266 1695 2317 neglexis-

301 2326 383 2371 set,
417 2340 578 2364 omnem
598 2327 680 2364 vim
701 2328 864 2379 ingenii,
896 2342 982 2381 quae
1003 2329 1154 2368 summa
1173 2329 1251 2368 fuit
1273 2331 1313 2368 in
1334 2331 1420 2376 illo,
1453 2331 1493 2369 in
1516 2332 1697 2384 populari

304 2392 461 2432 levitate
494 2392 746 2446 consumpsit.
791 2395 943 2447 Itaque,
975 2410 1067 2434 cum
1089 2396 1307 2448 respectum
1327 2397 1373 2435 ad
1394 2397 1570 2435 senatum
1592 2408 1629 2434 et
1649 2397 1696 2436 ad

304 2459 429 2500 bonos
462 2473 540 2499 non
574 2459 748 2507 haberet,
780 2474 866 2500 eam
898 2462 969 2500 fibi
994 2462 1099 2505 viam
1124 2462 1204 2515 ipse
1225 2462 1412 2518 patefecit
1432 2463 1478 2501 ad
1499 2476 1590 2516 opes
1612 2463 1695 2503 suas
