<?xml version="1.0" encoding="UTF-8"?>
<!DOCTYPE html PUBLIC "-//W3C//DTD XHTML 1.0 Transitional//EN"
    "http://www.w3.org/TR/xhtml1/DTD/xhtml1-transitional.dtd">
<html xmlns="http://www.w3.org/1999/xhtml" xml:lang="en" lang="en">
 <head>
  <title>
</title>
<meta http-equiv="Content-Type" content="text/html;charset=utf-8" />
  <meta name='ocr-system' content='tesseract 3.04.00' />
  <meta name='ocr-capabilities' content='ocr_page ocr_carea ocr_par ocr_line ocrx_word'/>
</head>
<body>
  <div class='ocr_page' id='page_1' title='image "./operacumindicibu06ciceuoft_0024.png"; bbox 0 0 2076 2860; ppageno 0'>
   <div class='ocr_carea' id='block_1_1' title="bbox 356 214 1269 269">
    <p class='ocr_par' dir='ltr' id='par_1_1' title="bbox 356 214 1269 269">
     <span class='ocr_line' id='line_1_1' title="bbox 356 214 1269 269; baseline -0.01 -10"><span class='ocrx_word' id='word_1_1' title='bbox 356 234 403 269; x_wconf 69' lang='lat'>14</span> <span class='ocrx_word' id='word_1_2' title='bbox 826 214 1269 253; x_wconf 77' lang='lat' dir='ltr'>ORATro</span> 
     </span>
    </p>
   </div>
   <div class='ocr_carea' id='block_1_2' title="bbox 346 312 1740 2535">
    <p class='ocr_par' dir='ltr' id='par_1_2' title="bbox 349 312 1732 433">
     <span class='ocr_line' id='line_1_2' title="bbox 349 312 1732 371; baseline -0.007 -13"><span class='ocrx_word' id='word_1_3' title='bbox 349 321 507 365; x_wconf 90' lang='lat' dir='ltr'>omnia,</span> <span class='ocrx_word' id='word_1_4' title='bbox 539 332 622 371; x_wconf 87' lang='lat' dir='ltr'>quae</span> <span class='ocrx_word' id='word_1_5' title='bbox 653 327 737 355; x_wconf 86' lang='lat' dir='ltr'>tum</span> <span class='ocrx_word' id='word_1_6' title='bbox 767 325 902 353; x_wconf 89' lang='lat' dir='ltr'>contra</span> <span class='ocrx_word' id='word_1_7' title='bbox 932 329 994 354; x_wconf 90' lang='lat' dir='ltr'>me</span> <span class='ocrx_word' id='word_1_8' title='bbox 1015 323 1226 366; x_wconf 83' lang='lat' dir='ltr'>contraque</span> <span class='ocrx_word' id='word_1_9' title='bbox 1249 312 1536 365; x_wconf 83' lang='lat' dir='ltr'>rempublicam</span> <span class='ocrx_word' id='word_1_10' title='bbox 1558 312 1707 350; x_wconf 77' lang='lat' dir='ltr'>dixerat</span> <span class='ocrx_word' id='word_1_11' title='bbox 1722 340 1732 355; x_wconf 95' lang='lat'>‚</span> 
     </span>
     <span class='ocr_line' id='line_1_3' title="bbox 351 380 1187 433; baseline -0.008 -10"><span class='ocrx_word' id='word_1_12' title='bbox 351 399 444 422; x_wconf 80' lang='lat' dir='ltr'>voce</span> <span class='ocrx_word' id='word_1_13' title='bbox 463 399 506 422; x_wconf 85' lang='lat' dir='ltr'>ac</span> <span class='ocrx_word' id='word_1_14' title='bbox 528 383 714 422; x_wconf 82' lang='lat' dir='ltr'>sententia</span> <span class='ocrx_word' id='word_1_15' title='bbox 735 381 799 418; x_wconf 90' lang='lat' dir='ltr'>sua</span> <span class='ocrx_word' id='word_1_16' title='bbox 819 380 1187 433; x_wconf 87' lang='lat' dir='ltr'>comprobaverunt.</span> 
     </span>
    </p>

    <p class='ocr_par' dir='ltr' id='par_1_3' title="bbox 347 443 1736 1550">
     <span class='ocr_line' id='line_1_4' title="bbox 405 443 1736 497; baseline -0.006 -9"><span class='ocrx_word' id='word_1_17' title='bbox 405 451 496 488; x_wconf 88' lang='lat' dir='ltr'>XV.</span> <span class='ocrx_word' id='word_1_18' title='bbox 530 449 670 487; x_wconf 87' lang='lat' dir='ltr'>Iisdem</span> <span class='ocrx_word' id='word_1_19' title='bbox 693 446 918 485; x_wconf 87' lang='lat' dir='ltr'>consulibus</span> <span class='ocrx_word' id='word_1_20' title='bbox 941 445 1163 483; x_wconf 81' lang='lat' dir='ltr'>sedentibus</span> <span class='ocrx_word' id='word_1_21' title='bbox 1185 454 1299 497; x_wconf 89' lang='lat' dir='ltr'>atque</span> <span class='ocrx_word' id='word_1_22' title='bbox 1321 444 1642 497; x_wconf 60' lang='lat' dir='ltr'>inspectantibus,</span> <span class='ocrx_word' id='word_1_23' title='bbox 1660 443 1736 480; x_wconf 88' lang='lat' dir='ltr'>lata</span> 
     </span>
     <span class='ocr_line' id='line_1_5' title="bbox 350 508 1734 565; baseline -0.005 -12"><span class='ocrx_word' id='word_1_24' title='bbox 350 517 412 553; x_wconf 81' lang='lat' dir='ltr'>lex</span> <span class='ocrx_word' id='word_1_25' title='bbox 433 516 498 560; x_wconf 86' lang='lat' dir='ltr'>est,</span> <span class='ocrx_word' id='word_1_26' title='bbox 531 529 578 552; x_wconf 88' lang='lat' dir='ltr'>ne</span> <span class='ocrx_word' id='word_1_27' title='bbox 599 513 766 565; x_wconf 86' lang='lat' dir='ltr'>auspicia</span> <span class='ocrx_word' id='word_1_28' title='bbox 786 512 971 556; x_wconf 83' lang='lat' dir='ltr'>valerent,</span> <span class='ocrx_word' id='word_1_29' title='bbox 1005 526 1052 550; x_wconf 91' lang='lat' dir='ltr'>ne</span> <span class='ocrx_word' id='word_1_30' title='bbox 1074 512 1160 563; x_wconf 80' lang='lat' dir='ltr'>quis</span> <span class='ocrx_word' id='word_1_31' title='bbox 1183 511 1450 554; x_wconf 78' lang='lat' dir='ltr'>obnuntiaret,</span> <span class='ocrx_word' id='word_1_32' title='bbox 1475 524 1523 548; x_wconf 92' lang='lat' dir='ltr'>ne</span> <span class='ocrx_word' id='word_1_33' title='bbox 1547 510 1633 561; x_wconf 84' lang='lat' dir='ltr'>quis</span> <span class='ocrx_word' id='word_1_34' title='bbox 1655 508 1734 560; x_wconf 83' lang='lat' dir='ltr'>legi</span> 
     </span>
     <span class='ocr_line' id='line_1_6' title="bbox 350 575 1735 628; baseline -0.004 -10"><span class='ocrx_word' id='word_1_35' title='bbox 350 580 631 624; x_wconf 85' lang='lat' dir='ltr'>intercederet;</span> <span class='ocrx_word' id='word_1_36' title='bbox 664 588 707 616; x_wconf 88' lang='lat' dir='ltr'>ut</span> <span class='ocrx_word' id='word_1_37' title='bbox 733 577 919 616; x_wconf 80' lang='lat' dir='ltr'>omnibus</span> <span class='ocrx_word' id='word_1_38' title='bbox 945 577 1050 615; x_wconf 89' lang='lat' dir='ltr'>fastis</span> <span class='ocrx_word' id='word_1_39' title='bbox 1072 577 1209 614; x_wconf 81' lang='lat' dir='ltr'>diebus</span> <span class='ocrx_word' id='word_1_40' title='bbox 1232 577 1360 628; x_wconf 85' lang='lat' dir='ltr'>legem</span> <span class='ocrx_word' id='word_1_41' title='bbox 1381 575 1473 613; x_wconf 88' lang='lat' dir='ltr'>ferri</span> <span class='ocrx_word' id='word_1_42' title='bbox 1495 576 1658 619; x_wconf 85' lang='lat' dir='ltr'>liceret;</span> <span class='ocrx_word' id='word_1_43' title='bbox 1691 583 1735 612; x_wconf 89' lang='lat' dir='ltr'>ut</span> 
     </span>
     <span class='ocr_line' id='line_1_7' title="bbox 349 641 1734 694; baseline -0.004 -10"><span class='ocrx_word' id='word_1_44' title='bbox 349 647 413 684; x_wconf 83' lang='lat' dir='ltr'>lex</span> <span class='ocrx_word' id='word_1_45' title='bbox 434 647 552 690; x_wconf 83' lang='lat' dir='ltr'>AElia,</span> <span class='ocrx_word' id='word_1_46' title='bbox 571 645 634 683; x_wconf 84' lang='lat' dir='ltr'>lex</span> <span class='ocrx_word' id='word_1_47' title='bbox 657 644 781 689; x_wconf 79' lang='lat' dir='ltr'>Fufia,</span> <span class='ocrx_word' id='word_1_48' title='bbox 801 657 847 681; x_wconf 91' lang='lat' dir='ltr'>ne</span> <span class='ocrx_word' id='word_1_49' title='bbox 868 643 1033 681; x_wconf 88' lang='lat' dir='ltr'>valeret:</span> <span class='ocrx_word' id='word_1_50' title='bbox 1053 656 1130 694; x_wconf 84' lang='lat' dir='ltr'>qua</span> <span class='ocrx_word' id='word_1_51' title='bbox 1147 656 1221 679; x_wconf 85' lang='lat' dir='ltr'>una</span> <span class='ocrx_word' id='word_1_52' title='bbox 1238 643 1452 694; x_wconf 81' lang='lat' dir='ltr'>rogatione,</span> <span class='ocrx_word' id='word_1_53' title='bbox 1471 643 1558 694; x_wconf 87' lang='lat' dir='ltr'>quis</span> <span class='ocrx_word' id='word_1_54' title='bbox 1579 641 1647 686; x_wconf 92' lang='lat' dir='ltr'>est,</span> <span class='ocrx_word' id='word_1_55' title='bbox 1666 642 1734 693; x_wconf 89' lang='lat' dir='ltr'>qui</span> 
     </span>
     <span class='ocr_line' id='line_1_8' title="bbox 348 707 1735 762; baseline -0.004 -13"><span class='ocrx_word' id='word_1_56' title='bbox 348 726 427 749; x_wconf 89' lang='lat' dir='ltr'>non</span> <span class='ocrx_word' id='word_1_57' title='bbox 450 711 661 762; x_wconf 85' lang='lat' dir='ltr'>intelligat,</span> <span class='ocrx_word' id='word_1_58' title='bbox 693 709 909 747; x_wconf 79' lang='lat' dir='ltr'>universam</span> <span class='ocrx_word' id='word_1_59' title='bbox 940 708 1226 761; x_wconf 86' lang='lat' dir='ltr'>rempublicam</span> <span class='ocrx_word' id='word_1_60' title='bbox 1256 708 1328 745; x_wconf 84' lang='lat' dir='ltr'>effe</span> <span class='ocrx_word' id='word_1_61' title='bbox 1357 708 1558 745; x_wconf 88' lang='lat' dir='ltr'>deletam?</span> <span class='ocrx_word' id='word_1_62' title='bbox 1592 707 1735 745; x_wconf 85' lang='lat' dir='ltr'>Iisdem</span> 
     </span>
     <span class='ocr_line' id='line_1_9' title="bbox 349 772 1734 828; baseline -0.004 -13"><span class='ocrx_word' id='word_1_63' title='bbox 349 777 573 815; x_wconf 88' lang='lat' dir='ltr'>consulibus</span> <span class='ocrx_word' id='word_1_64' title='bbox 596 775 916 828; x_wconf 62' lang='lat' dir='ltr'>inspectantibus,</span> <span class='ocrx_word' id='word_1_65' title='bbox 932 774 1128 812; x_wconf 87' lang='lat' dir='ltr'>servorum</span> <span class='ocrx_word' id='word_1_66' title='bbox 1145 774 1315 811; x_wconf 63' lang='lat' dir='ltr'>delectus</span> <span class='ocrx_word' id='word_1_67' title='bbox 1332 772 1548 810; x_wconf 84' lang='lat' dir='ltr'>habebatur</span> <span class='ocrx_word' id='word_1_68' title='bbox 1569 787 1640 825; x_wconf 84' lang='lat' dir='ltr'>pro</span> <span class='ocrx_word' id='word_1_69' title='bbox 1661 773 1734 810; x_wconf 89' lang='lat' dir='ltr'>tri-</span> 
     </span>
     <span class='ocr_line' id='line_1_10' title="bbox 351 837 1734 892; baseline -0.004 -12"><span class='ocrx_word' id='word_1_70' title='bbox 351 843 483 880; x_wconf 88' lang='lat' dir='ltr'>bunali</span> <span class='ocrx_word' id='word_1_71' title='bbox 514 842 702 886; x_wconf 90' lang='lat' dir='ltr'>Aurelio,</span> <span class='ocrx_word' id='word_1_72' title='bbox 734 840 894 878; x_wconf 90' lang='lat' dir='ltr'>nomine</span> <span class='ocrx_word' id='word_1_73' title='bbox 924 839 1210 892; x_wconf 86' lang='lat' dir='ltr'>collegiorum,</span> <span class='ocrx_word' id='word_1_74' title='bbox 1241 852 1333 876; x_wconf 88' lang='lat' dir='ltr'>cum</span> <span class='ocrx_word' id='word_1_75' title='bbox 1359 839 1520 876; x_wconf 91' lang='lat' dir='ltr'>vicatim</span> <span class='ocrx_word' id='word_1_76' title='bbox 1552 837 1734 876; x_wconf 85' lang='lat' dir='ltr'>homines</span> 
     </span>
     <span class='ocr_line' id='line_1_11' title="bbox 349 904 1733 951; baseline -0.003 -6"><span class='ocrx_word' id='word_1_77' title='bbox 349 907 700 951; x_wconf 85' lang='lat' dir='ltr'>conscriberentur,</span> <span class='ocrx_word' id='word_1_78' title='bbox 732 906 1037 950; x_wconf 76' lang='lat' dir='ltr'>deensi-arentur,</span> <span class='ocrx_word' id='word_1_79' title='bbox 1067 905 1115 942; x_wconf 94' lang='lat' dir='ltr'>ad</span> <span class='ocrx_word' id='word_1_80' title='bbox 1136 905 1233 949; x_wconf 87' lang='lat' dir='ltr'>vim,</span> <span class='ocrx_word' id='word_1_81' title='bbox 1256 905 1303 941; x_wconf 90' lang='lat' dir='ltr'>ad</span> <span class='ocrx_word' id='word_1_82' title='bbox 1325 917 1478 949; x_wconf 83' lang='lat' dir='ltr'>manus,</span> <span class='ocrx_word' id='word_1_83' title='bbox 1504 904 1551 941; x_wconf 93' lang='lat' dir='ltr'>ad</span> <span class='ocrx_word' id='word_1_84' title='bbox 1572 904 1733 948; x_wconf 85' lang='lat' dir='ltr'>caedem,</span> 
     </span>
     <span class='ocr_line' id='line_1_12' title="bbox 349 969 1734 1025; baseline -0.003 -15"><span class='ocrx_word' id='word_1_85' title='bbox 349 973 395 1010; x_wconf 86' lang='lat' dir='ltr'>ad</span> <span class='ocrx_word' id='word_1_86' title='bbox 417 973 692 1025; x_wconf 86' lang='lat' dir='ltr'>direptionem,</span> <span class='ocrx_word' id='word_1_87' title='bbox 726 972 994 1009; x_wconf 81' lang='lat' dir='ltr'>incitarentur.</span> <span class='ocrx_word' id='word_1_88' title='bbox 1029 970 1171 1008; x_wconf 91' lang='lat' dir='ltr'>Iisdem</span> <span class='ocrx_word' id='word_1_89' title='bbox 1193 969 1419 1008; x_wconf 85' lang='lat' dir='ltr'>consulibus</span> <span class='ocrx_word' id='word_1_90' title='bbox 1441 984 1546 1008; x_wconf 85' lang='lat' dir='ltr'>arma</span> <span class='ocrx_word' id='word_1_91' title='bbox 1567 971 1607 1006; x_wconf 94' lang='lat' dir='ltr'>in</span> <span class='ocrx_word' id='word_1_92' title='bbox 1629 978 1734 1007; x_wconf 90' lang='lat' dir='ltr'>tem-</span> 
     </span>
     <span class='ocr_line' id='line_1_13' title="bbox 348 1035 1734 1090; baseline -0.002 -16"><span class='ocrx_word' id='word_1_93' title='bbox 348 1038 461 1090; x_wconf 88' lang='lat' dir='ltr'>plum</span> <span class='ocrx_word' id='word_1_94' title='bbox 495 1038 662 1076; x_wconf 81' lang='lat' dir='ltr'>Castoris</span> <span class='ocrx_word' id='word_1_95' title='bbox 695 1037 823 1089; x_wconf 88' lang='lat' dir='ltr'>palam</span> <span class='ocrx_word' id='word_1_96' title='bbox 855 1036 1218 1088; x_wconf 87' lang='lat' dir='ltr'>comportabantur,</span> <span class='ocrx_word' id='word_1_97' title='bbox 1250 1035 1390 1088; x_wconf 82' lang='lat' dir='ltr'>gradus</span> <span class='ocrx_word' id='word_1_98' title='bbox 1423 1035 1596 1087; x_wconf 87' lang='lat' dir='ltr'>ejusdem</span> <span class='ocrx_word' id='word_1_99' title='bbox 1630 1043 1734 1072; x_wconf 85' lang='lat' dir='ltr'>tem-</span> 
     </span>
     <span class='ocr_line' id='line_1_14' title="bbox 350 1099 1732 1154; baseline -0.002 -13"><span class='ocrx_word' id='word_1_100' title='bbox 350 1103 405 1154; x_wconf 83' lang='lat' dir='ltr'>pli</span> <span class='ocrx_word' id='word_1_101' title='bbox 429 1103 666 1141; x_wconf 90' lang='lat' dir='ltr'>tollebantur</span> <span class='ocrx_word' id='word_1_102' title='bbox 684 1118 692 1140; x_wconf 90' lang='lat'><strong>:</strong></span> <span class='ocrx_word' id='word_1_103' title='bbox 716 1103 851 1141; x_wconf 89' lang='lat' dir='ltr'>armati</span> <span class='ocrx_word' id='word_1_104' title='bbox 874 1100 1055 1139; x_wconf 88' lang='lat' dir='ltr'>homines</span> <span class='ocrx_word' id='word_1_105' title='bbox 1077 1101 1209 1140; x_wconf 89' lang='lat' dir='ltr'>forum</span> <span class='ocrx_word' id='word_1_106' title='bbox 1231 1110 1268 1139; x_wconf 88' lang='lat' dir='ltr'>et</span> <span class='ocrx_word' id='word_1_107' title='bbox 1289 1101 1498 1139; x_wconf 85' lang='lat' dir='ltr'>conciones</span> <span class='ocrx_word' id='word_1_108' title='bbox 1522 1099 1732 1138; x_wconf 87' lang='lat' dir='ltr'>tenebant:</span> 
     </span>
     <span class='ocr_line' id='line_1_15' title="bbox 349 1166 1734 1222; baseline -0.002 -15"><span class='ocrx_word' id='word_1_109' title='bbox 349 1170 468 1207; x_wconf 80' lang='lat' dir='ltr'>caedes</span> <span class='ocrx_word' id='word_1_110' title='bbox 490 1169 820 1222; x_wconf 83' lang='lat' dir='ltr'>lapidationesque</span> <span class='ocrx_word' id='word_1_111' title='bbox 842 1168 985 1207; x_wconf 85' lang='lat' dir='ltr'>fiebant</span> <span class='ocrx_word' id='word_1_112' title='bbox 1005 1184 1013 1207; x_wconf 76' lang='grc' dir='ltr'>ε</span> <span class='ocrx_word' id='word_1_113' title='bbox 1048 1169 1178 1206; x_wconf 86' lang='lat' dir='ltr'>nullus</span> <span class='ocrx_word' id='word_1_114' title='bbox 1201 1177 1280 1206; x_wconf 90' lang='lat' dir='ltr'>erat</span> <span class='ocrx_word' id='word_1_115' title='bbox 1303 1167 1452 1206; x_wconf 88' lang='lat' dir='ltr'>senatus</span> <span class='ocrx_word' id='word_1_116' title='bbox 1468 1197 1479 1212; x_wconf 92' lang='lat'>‚</span> <span class='ocrx_word' id='word_1_117' title='bbox 1511 1166 1614 1204; x_wconf 88' lang='lat' dir='ltr'>nihil</span> <span class='ocrx_word' id='word_1_118' title='bbox 1640 1167 1734 1205; x_wconf 87' lang='lat' dir='ltr'>reli-</span> 
     </span>
     <span class='ocr_line' id='line_1_16' title="bbox 348 1232 1734 1287; baseline -0.001 -15"><span class='ocrx_word' id='word_1_119' title='bbox 348 1236 417 1286; x_wconf 90' lang='lat' dir='ltr'>qui</span> <span class='ocrx_word' id='word_1_120' title='bbox 438 1235 703 1287; x_wconf 87' lang='lat' dir='ltr'>magistratus:</span> <span class='ocrx_word' id='word_1_121' title='bbox 723 1248 822 1272; x_wconf 89' lang='lat' dir='ltr'>unus</span> <span class='ocrx_word' id='word_1_122' title='bbox 843 1248 1004 1272; x_wconf 88' lang='lat' dir='ltr'>omnem</span> <span class='ocrx_word' id='word_1_123' title='bbox 1025 1234 1207 1272; x_wconf 87' lang='lat' dir='ltr'>omnium</span> <span class='ocrx_word' id='word_1_124' title='bbox 1229 1233 1457 1286; x_wconf 88' lang='lat' dir='ltr'>potestatem</span> <span class='ocrx_word' id='word_1_125' title='bbox 1478 1233 1595 1270; x_wconf 88' lang='lat' dir='ltr'>armis</span> <span class='ocrx_word' id='word_1_126' title='bbox 1616 1241 1655 1270; x_wconf 89' lang='lat' dir='ltr'>et</span> <span class='ocrx_word' id='word_1_127' title='bbox 1675 1232 1734 1270; x_wconf 90' lang='lat' dir='ltr'>la-</span> 
     </span>
     <span class='ocr_line' id='line_1_17' title="bbox 350 1298 1734 1354; baseline -0.001 -16"><span class='ocrx_word' id='word_1_128' title='bbox 350 1301 526 1338; x_wconf 88' lang='lat' dir='ltr'>trociniis</span> <span class='ocrx_word' id='word_1_129' title='bbox 548 1301 775 1354; x_wconf 65' lang='lat' dir='ltr'>possidebat,</span> <span class='ocrx_word' id='word_1_130' title='bbox 807 1314 885 1338; x_wconf 89' lang='lat' dir='ltr'>non</span> <span class='ocrx_word' id='word_1_131' title='bbox 907 1300 1035 1352; x_wconf 88' lang='lat' dir='ltr'>aliqua</span> <span class='ocrx_word' id='word_1_132' title='bbox 1055 1300 1092 1337; x_wconf 92' lang='lat' dir='ltr'>vi</span> <span class='ocrx_word' id='word_1_133' title='bbox 1114 1300 1190 1344; x_wconf 86' lang='lat' dir='ltr'>sua,</span> <span class='ocrx_word' id='word_1_134' title='bbox 1215 1299 1292 1344; x_wconf 87' lang='lat' dir='ltr'>sed,</span> <span class='ocrx_word' id='word_1_135' title='bbox 1324 1313 1416 1337; x_wconf 88' lang='lat' dir='ltr'>cum</span> <span class='ocrx_word' id='word_1_136' title='bbox 1438 1299 1534 1336; x_wconf 86' lang='lat' dir='ltr'>duos</span> <span class='ocrx_word' id='word_1_137' title='bbox 1556 1298 1734 1336; x_wconf 88' lang='lat' dir='ltr'>consules</span> 
     </span>
     <span class='ocr_line' id='line_1_18' title="bbox 349 1364 1735 1418; baseline 0 -16"><span class='ocrx_word' id='word_1_138' title='bbox 349 1379 369 1402; x_wconf 92' lang='lat' dir='ltr'>a</span> <span class='ocrx_word' id='word_1_139' title='bbox 390 1366 589 1418; x_wconf 89' lang='lat' dir='ltr'>republica</span> <span class='ocrx_word' id='word_1_140' title='bbox 608 1366 898 1418; x_wconf 88' lang='lat' dir='ltr'>provinciarum</span> <span class='ocrx_word' id='word_1_141' title='bbox 920 1365 1065 1403; x_wconf 83' lang='lat' dir='ltr'>foedere</span> <span class='ocrx_word' id='word_1_142' title='bbox 1086 1365 1312 1410; x_wconf 80' lang='lat' dir='ltr'>retraxisset,</span> <span class='ocrx_word' id='word_1_143' title='bbox 1340 1365 1568 1409; x_wconf 88' lang='lat' dir='ltr'>insultabat,</span> <span class='ocrx_word' id='word_1_144' title='bbox 1601 1364 1735 1402; x_wconf 90' lang='lat' dir='ltr'>domi-</span> 
     </span>
     <span class='ocr_line' id='line_1_19' title="bbox 349 1430 1734 1484; baseline 0 -16"><span class='ocrx_word' id='word_1_145' title='bbox 349 1432 533 1477; x_wconf 85' lang='lat' dir='ltr'>nabatur,</span> <span class='ocrx_word' id='word_1_146' title='bbox 566 1432 651 1469; x_wconf 89' lang='lat' dir='ltr'>aliis</span> <span class='ocrx_word' id='word_1_147' title='bbox 683 1432 946 1484; x_wconf 87' lang='lat' dir='ltr'>pollicebatur</span> <span class='ocrx_word' id='word_1_148' title='bbox 960 1461 971 1476; x_wconf 93' lang='lat'>,</span> <span class='ocrx_word' id='word_1_149' title='bbox 1004 1441 1148 1469; x_wconf 88' lang='lat' dir='ltr'>terrore</span> <span class='ocrx_word' id='word_1_150' title='bbox 1180 1445 1222 1469; x_wconf 91' lang='lat' dir='ltr'>ac</span> <span class='ocrx_word' id='word_1_151' title='bbox 1255 1441 1364 1469; x_wconf 86' lang='lat' dir='ltr'>metu</span> <span class='ocrx_word' id='word_1_152' title='bbox 1397 1432 1544 1469; x_wconf 85' lang='lat' dir='ltr'>multos</span> <span class='ocrx_word' id='word_1_153' title='bbox 1560 1460 1571 1475; x_wconf 93' lang='lat'>,</span> <span class='ocrx_word' id='word_1_154' title='bbox 1603 1430 1734 1482; x_wconf 89' lang='lat' dir='ltr'>plures</span> 
     </span>
     <span class='ocr_line' id='line_1_20' title="bbox 347 1497 1046 1550; baseline 0.001 -16"><span class='ocrx_word' id='word_1_155' title='bbox 347 1498 465 1535; x_wconf 86' lang='lat' dir='ltr'>etiam</span> <span class='ocrx_word' id='word_1_156' title='bbox 487 1498 550 1550; x_wconf 90' lang='lat' dir='ltr'>spe</span> <span class='ocrx_word' id='word_1_157' title='bbox 571 1507 608 1535; x_wconf 90' lang='lat' dir='ltr'>et</span> <span class='ocrx_word' id='word_1_158' title='bbox 636 1497 844 1549; x_wconf 86' lang='lat' dir='ltr'>promiffis,</span> <span class='ocrx_word' id='word_1_159' title='bbox 875 1497 1046 1535; x_wconf 91' lang='lat' dir='ltr'>tenebat.</span> 
     </span>
    </p>

    <p class='ocr_par' dir='ltr' id='par_1_4' title="bbox 346 1561 1740 2256">
     <span class='ocr_line' id='line_1_21' title="bbox 403 1561 1733 1614; baseline -0.001 -15"><span class='ocrx_word' id='word_1_160' title='bbox 403 1564 501 1614; x_wconf 83' lang='lat' dir='ltr'>Qae</span> <span class='ocrx_word' id='word_1_161' title='bbox 521 1576 612 1599; x_wconf 89' lang='lat' dir='ltr'>cum</span> <span class='ocrx_word' id='word_1_162' title='bbox 633 1562 751 1600; x_wconf 85' lang='lat' dir='ltr'>effent</span> <span class='ocrx_word' id='word_1_163' title='bbox 771 1561 977 1614; x_wconf 88' lang='lat' dir='ltr'>ejusmodi,</span> <span class='ocrx_word' id='word_1_164' title='bbox 1007 1561 1182 1613; x_wconf 84' lang='lat' dir='ltr'>Judices,</span> <span class='ocrx_word' id='word_1_165' title='bbox 1214 1574 1306 1599; x_wconf 88' lang='lat' dir='ltr'>cum</span> <span class='ocrx_word' id='word_1_166' title='bbox 1328 1561 1479 1599; x_wconf 89' lang='lat' dir='ltr'>senatus</span> <span class='ocrx_word' id='word_1_167' title='bbox 1501 1561 1618 1599; x_wconf 88' lang='lat' dir='ltr'>duces</span> <span class='ocrx_word' id='word_1_168' title='bbox 1640 1561 1733 1599; x_wconf 90' lang='lat' dir='ltr'>nul-</span> 
     </span>
     <span class='ocr_line' id='line_1_22' title="bbox 346 1626 1735 1680; baseline -0.001 -15"><span class='ocrx_word' id='word_1_169' title='bbox 346 1627 420 1672; x_wconf 91' lang='lat' dir='ltr'>los,</span> <span class='ocrx_word' id='word_1_170' title='bbox 451 1642 494 1665; x_wconf 91' lang='lat' dir='ltr'>ac</span> <span class='ocrx_word' id='word_1_171' title='bbox 515 1641 585 1680; x_wconf 90' lang='lat' dir='ltr'>pro</span> <span class='ocrx_word' id='word_1_172' title='bbox 605 1627 771 1665; x_wconf 87' lang='lat' dir='ltr'>ducibus</span> <span class='ocrx_word' id='word_1_173' title='bbox 793 1627 1034 1680; x_wconf 87' lang='lat' dir='ltr'>proditores,</span> <span class='ocrx_word' id='word_1_174' title='bbox 1066 1636 1131 1664; x_wconf 89' lang='lat' dir='ltr'>aut</span> <span class='ocrx_word' id='word_1_175' title='bbox 1151 1627 1283 1679; x_wconf 86' lang='lat' dir='ltr'>potius</span> <span class='ocrx_word' id='word_1_176' title='bbox 1305 1637 1457 1679; x_wconf 90' lang='lat' dir='ltr'>apertos</span> <span class='ocrx_word' id='word_1_177' title='bbox 1478 1626 1605 1664; x_wconf 88' lang='lat' dir='ltr'>hostes</span> <span class='ocrx_word' id='word_1_178' title='bbox 1619 1656 1630 1671; x_wconf 96' lang='lat'><em>‚</em></span> <span class='ocrx_word' id='word_1_179' title='bbox 1661 1626 1735 1664; x_wconf 89' lang='lat' dir='ltr'>ha-</span> 
     </span>
     <span class='ocr_line' id='line_1_23' title="bbox 348 1692 1735 1745; baseline 0.001 -15"><span class='ocrx_word' id='word_1_180' title='bbox 348 1693 483 1738; x_wconf 83' lang='lat' dir='ltr'>beret;</span> <span class='ocrx_word' id='word_1_181' title='bbox 515 1693 687 1745; x_wconf 86' lang='lat' dir='ltr'>equester</span> <span class='ocrx_word' id='word_1_182' title='bbox 707 1693 802 1730; x_wconf 86' lang='lat' dir='ltr'>ordo</span> <span class='ocrx_word' id='word_1_183' title='bbox 824 1706 908 1730; x_wconf 87' lang='lat' dir='ltr'>reus</span> <span class='ocrx_word' id='word_1_184' title='bbox 931 1706 951 1729; x_wconf 91' lang='lat' dir='ltr'>a</span> <span class='ocrx_word' id='word_1_185' title='bbox 970 1692 1196 1730; x_wconf 83' lang='lat' dir='ltr'>consulibus</span> <span class='ocrx_word' id='word_1_186' title='bbox 1219 1693 1428 1738; x_wconf 88' lang='lat' dir='ltr'>citaretur;</span> <span class='ocrx_word' id='word_1_187' title='bbox 1462 1693 1584 1731; x_wconf 86' lang='lat' dir='ltr'>Italiae</span> <span class='ocrx_word' id='word_1_188' title='bbox 1612 1693 1735 1731; x_wconf 85' lang='lat' dir='ltr'>totius</span> 
     </span>
     <span class='ocr_line' id='line_1_24' title="bbox 347 1757 1736 1809; baseline 0.001 -15"><span class='ocrx_word' id='word_1_189' title='bbox 347 1759 552 1796; x_wconf 73' lang='lat' dir='ltr'>auctoritas</span> <span class='ocrx_word' id='word_1_190' title='bbox 575 1757 863 1809; x_wconf 85' lang='lat' dir='ltr'>repudiaretur;</span> <span class='ocrx_word' id='word_1_191' title='bbox 893 1757 959 1794; x_wconf 86' lang='lat' dir='ltr'>alii</span> <span class='ocrx_word' id='word_1_192' title='bbox 981 1758 1216 1794; x_wconf 88' lang='lat' dir='ltr'>nominatim</span> <span class='ocrx_word' id='word_1_193' title='bbox 1239 1758 1515 1808; x_wconf 87' lang='lat' dir='ltr'>relegarentur,</span> <span class='ocrx_word' id='word_1_194' title='bbox 1538 1758 1604 1795; x_wconf 88' lang='lat' dir='ltr'>alii</span> <span class='ocrx_word' id='word_1_195' title='bbox 1625 1768 1736 1796; x_wconf 88' lang='lat' dir='ltr'>metu</span> 
     </span>
     <span class='ocr_line' id='line_1_25' title="bbox 348 1822 1732 1876; baseline 0 -15"><span class='ocrx_word' id='word_1_196' title='bbox 348 1837 390 1861; x_wconf 88' lang='lat' dir='ltr'>ac</span> <span class='ocrx_word' id='word_1_197' title='bbox 411 1824 586 1876; x_wconf 89' lang='lat' dir='ltr'>periculo</span> <span class='ocrx_word' id='word_1_198' title='bbox 609 1832 864 1868; x_wconf 80' lang='lat' dir='ltr'>terrerentur3</span> <span class='ocrx_word' id='word_1_199' title='bbox 883 1836 988 1860; x_wconf 90' lang='lat' dir='ltr'>arma</span> <span class='ocrx_word' id='word_1_200' title='bbox 1006 1822 1126 1860; x_wconf 86' lang='lat' dir='ltr'>effent</span> <span class='ocrx_word' id='word_1_201' title='bbox 1148 1823 1186 1859; x_wconf 89' lang='lat' dir='ltr'>in</span> <span class='ocrx_word' id='word_1_202' title='bbox 1206 1823 1381 1875; x_wconf 86' lang='lat' dir='ltr'>templis,</span> <span class='ocrx_word' id='word_1_203' title='bbox 1400 1824 1538 1860; x_wconf 89' lang='lat' dir='ltr'>armati</span> <span class='ocrx_word' id='word_1_204' title='bbox 1560 1823 1600 1860; x_wconf 90' lang='lat' dir='ltr'>in</span> <span class='ocrx_word' id='word_1_205' title='bbox 1622 1823 1732 1870; x_wconf 88' lang='lat' dir='ltr'>foro;</span> 
     </span>
     <span class='ocr_line' id='line_1_26' title="bbox 347 1880 1736 1941; baseline 0.001 -14"><span class='ocrx_word' id='word_1_206' title='bbox 347 1903 468 1941; x_wconf 85' lang='lat' dir='ltr'>eaque</span> <span class='ocrx_word' id='word_1_207' title='bbox 498 1880 575 1927; x_wconf 83' lang='lat' dir='ltr'>non</span> <span class='ocrx_word' id='word_1_208' title='bbox 607 1889 759 1926; x_wconf 71' lang='lat' dir='ltr'>silentio</span> <span class='ocrx_word' id='word_1_209' title='bbox 790 1888 996 1926; x_wconf 88' lang='lat' dir='ltr'>consulum</span> <span class='ocrx_word' id='word_1_210' title='bbox 1028 1888 1372 1934; x_wconf 81' lang='lat' dir='ltr'>dissimularentur,</span> <span class='ocrx_word' id='word_1_211' title='bbox 1406 1887 1468 1926; x_wconf 88' lang='lat' dir='ltr'>sed</span> <span class='ocrx_word' id='word_1_212' title='bbox 1500 1897 1539 1926; x_wconf 90' lang='lat' dir='ltr'>et</span> <span class='ocrx_word' id='word_1_213' title='bbox 1570 1902 1665 1927; x_wconf 90' lang='lat' dir='ltr'>voce</span> <span class='ocrx_word' id='word_1_214' title='bbox 1696 1899 1736 1928; x_wconf 89' lang='lat' dir='ltr'>et</span> 
     </span>
     <span class='ocr_line' id='line_1_27' title="bbox 347 1950 1734 2007; baseline 0.001 -15"><span class='ocrx_word' id='word_1_215' title='bbox 347 1955 536 1992; x_wconf 89' lang='lat' dir='ltr'>sententia</span> <span class='ocrx_word' id='word_1_216' title='bbox 556 1955 932 2007; x_wconf 87' lang='lat' dir='ltr'>comprobarentur;</span> <span class='ocrx_word' id='word_1_217' title='bbox 965 1950 1058 1992; x_wconf 83' lang='lat' dir='ltr'>cum</span> <span class='ocrx_word' id='word_1_218' title='bbox 1079 1968 1215 1992; x_wconf 82' lang='lat' dir='ltr'>omnes</span> <span class='ocrx_word' id='word_1_219' title='bbox 1245 1954 1383 1992; x_wconf 87' lang='lat' dir='ltr'>urbem</span> <span class='ocrx_word' id='word_1_220' title='bbox 1416 1954 1594 1992; x_wconf 89' lang='lat' dir='ltr'>nondum</span> <span class='ocrx_word' id='word_1_221' title='bbox 1622 1957 1734 1994; x_wconf 85' lang='lat' dir='ltr'>exci-</span> 
     </span>
     <span class='ocr_line' id='line_1_28' title="bbox 352 2020 1734 2073; baseline 0.001 -15"><span class='ocrx_word' id='word_1_222' title='bbox 352 2021 427 2058; x_wconf 82' lang='lat' dir='ltr'>sam</span> <span class='ocrx_word' id='word_1_223' title='bbox 448 2030 487 2058; x_wconf 93' lang='lat' dir='ltr'>et</span> <span class='ocrx_word' id='word_1_224' title='bbox 514 2020 696 2065; x_wconf 86' lang='lat' dir='ltr'>eversam,</span> <span class='ocrx_word' id='word_1_225' title='bbox 729 2020 791 2058; x_wconf 90' lang='lat' dir='ltr'>sed</span> <span class='ocrx_word' id='word_1_226' title='bbox 807 2022 890 2072; x_wconf 88' lang='lat' dir='ltr'>jam</span> <span class='ocrx_word' id='word_1_227' title='bbox 911 2029 1065 2072; x_wconf 89' lang='lat' dir='ltr'>captam</span> <span class='ocrx_word' id='word_1_228' title='bbox 1085 2030 1200 2072; x_wconf 88' lang='lat' dir='ltr'>atque</span> <span class='ocrx_word' id='word_1_229' title='bbox 1221 2020 1452 2073; x_wconf 77' lang='lat' dir='ltr'>oppressam,</span> <span class='ocrx_word' id='word_1_230' title='bbox 1483 2020 1703 2060; x_wconf 86' lang='lat' dir='ltr'>videremus</span> <span class='ocrx_word' id='word_1_231' title='bbox 1723 2039 1734 2061; x_wconf 87' lang='grc'>;</span> 
     </span>
     <span class='ocr_line' id='line_1_29' title="bbox 350 2086 1740 2137; baseline 0.001 -14"><span class='ocrx_word' id='word_1_232' title='bbox 350 2095 476 2124; x_wconf 80' lang='lat' dir='ltr'>tamen</span> <span class='ocrx_word' id='word_1_233' title='bbox 500 2086 561 2124; x_wconf 83' lang='lat' dir='ltr'>his</span> <span class='ocrx_word' id='word_1_234' title='bbox 585 2087 701 2124; x_wconf 84' lang='lat' dir='ltr'>tantis</span> <span class='ocrx_word' id='word_1_235' title='bbox 725 2086 852 2131; x_wconf 89' lang='lat' dir='ltr'>malis,</span> <span class='ocrx_word' id='word_1_236' title='bbox 886 2095 994 2124; x_wconf 87' lang='lat' dir='ltr'>tanto</span> <span class='ocrx_word' id='word_1_237' title='bbox 1022 2086 1216 2124; x_wconf 89' lang='lat' dir='ltr'>bonorum</span> <span class='ocrx_word' id='word_1_238' title='bbox 1246 2086 1385 2132; x_wconf 87' lang='lat' dir='ltr'>studio,</span> <span class='ocrx_word' id='word_1_239' title='bbox 1417 2086 1592 2137; x_wconf 86' lang='lat' dir='ltr'>JudiceS,</span> <span class='ocrx_word' id='word_1_240' title='bbox 1625 2088 1740 2126; x_wconf 83' lang='lat' dir='ltr'>resti-</span> 
     </span>
     <span class='ocr_line' id='line_1_30' title="bbox 351 2151 1733 2206; baseline 0.001 -17"><span class='ocrx_word' id='word_1_241' title='bbox 351 2152 520 2189; x_wconf 79' lang='lat' dir='ltr'>tiffemus</span> <span class='ocrx_word' id='word_1_242' title='bbox 540 2167 548 2190; x_wconf 91' lang='lat'>:</span> <span class='ocrx_word' id='word_1_243' title='bbox 583 2151 643 2189; x_wconf 88' lang='lat' dir='ltr'>sed</span> <span class='ocrx_word' id='word_1_244' title='bbox 665 2164 727 2189; x_wconf 89' lang='lat' dir='ltr'>me</span> <span class='ocrx_word' id='word_1_245' title='bbox 748 2152 814 2189; x_wconf 91' lang='lat' dir='ltr'>alii</span> <span class='ocrx_word' id='word_1_246' title='bbox 837 2161 962 2190; x_wconf 88' lang='lat' dir='ltr'>metus</span> <span class='ocrx_word' id='word_1_247' title='bbox 978 2181 989 2197; x_wconf 92' lang='lat'>‚</span> <span class='ocrx_word' id='word_1_248' title='bbox 1021 2161 1136 2204; x_wconf 89' lang='lat' dir='ltr'>atque</span> <span class='ocrx_word' id='word_1_249' title='bbox 1163 2152 1246 2190; x_wconf 86' lang='lat' dir='ltr'>aliae</span> <span class='ocrx_word' id='word_1_250' title='bbox 1273 2165 1375 2190; x_wconf 88' lang='lat' dir='ltr'>curae</span> <span class='ocrx_word' id='word_1_251' title='bbox 1396 2151 1733 2206; x_wconf 88' lang='lat' dir='ltr'>suspicionesque,</span> 
     </span>
     <span class='ocr_line' id='line_1_31' title="bbox 349 2228 570 2256; baseline 0 -1"><span class='ocrx_word' id='word_1_252' title='bbox 349 2228 570 2256; x_wconf 89' lang='lat' dir='ltr'>moverunt.</span> 
     </span>
    </p>

    <p class='ocr_par' dir='ltr' id='par_1_5' title="bbox 349 2282 1735 2535">
     <span class='ocr_line' id='line_1_32' title="bbox 405 2282 1734 2335; baseline 0.001 -14"><span class='ocrx_word' id='word_1_253' title='bbox 405 2284 517 2321; x_wconf 91' lang='lat' dir='ltr'><strong>XVI.</strong></span> <span class='ocrx_word' id='word_1_254' title='bbox 553 2284 760 2335; x_wconf 85' lang='lat' dir='ltr'>Exponam</span> <span class='ocrx_word' id='word_1_255' title='bbox 781 2283 888 2321; x_wconf 89' lang='lat' dir='ltr'>enim</span> <span class='ocrx_word' id='word_1_256' title='bbox 910 2282 1100 2322; x_wconf 83' lang='lat' dir='ltr'>hodierno</span> <span class='ocrx_word' id='word_1_257' title='bbox 1120 2283 1197 2329; x_wconf 86' lang='lat' dir='ltr'>die,</span> <span class='ocrx_word' id='word_1_258' title='bbox 1224 2283 1398 2334; x_wconf 86' lang='lat' dir='ltr'>Judices,</span> <span class='ocrx_word' id='word_1_259' title='bbox 1430 2298 1592 2323; x_wconf 89' lang='lat' dir='ltr'>omnem</span> <span class='ocrx_word' id='word_1_260' title='bbox 1613 2285 1734 2323; x_wconf 89' lang='lat' dir='ltr'>ratio-</span> 
     </span>
     <span class='ocr_line' id='line_1_33' title="bbox 350 2349 1732 2402; baseline 0.002 -16"><span class='ocrx_word' id='word_1_261' title='bbox 350 2362 440 2386; x_wconf 88' lang='lat' dir='ltr'>nem</span> <span class='ocrx_word' id='word_1_262' title='bbox 470 2349 560 2386; x_wconf 63' lang='lat' dir='ltr'>facti</span> <span class='ocrx_word' id='word_1_263' title='bbox 592 2358 629 2386; x_wconf 87' lang='lat' dir='ltr'>et</span> <span class='ocrx_word' id='word_1_264' title='bbox 659 2349 810 2387; x_wconf 84' lang='lat' dir='ltr'>confilii</span> <span class='ocrx_word' id='word_1_265' title='bbox 840 2349 917 2387; x_wconf 90' lang='lat' dir='ltr'>mei</span> <span class='ocrx_word' id='word_1_266' title='bbox 935 2368 946 2395; x_wconf 89' lang='lat'>;</span> <span class='ocrx_word' id='word_1_267' title='bbox 980 2363 1104 2402; x_wconf 90' lang='lat' dir='ltr'>neque</span> <span class='ocrx_word' id='word_1_268' title='bbox 1126 2349 1220 2387; x_wconf 90' lang='lat' dir='ltr'>huic</span> <span class='ocrx_word' id='word_1_269' title='bbox 1242 2349 1364 2388; x_wconf 89' lang='lat' dir='ltr'>vestro</span> <span class='ocrx_word' id='word_1_270' title='bbox 1386 2359 1496 2389; x_wconf 87' lang='lat' dir='ltr'>tanto</span> <span class='ocrx_word' id='word_1_271' title='bbox 1517 2350 1643 2389; x_wconf 87' lang='lat' dir='ltr'>studio</span> <span class='ocrx_word' id='word_1_272' title='bbox 1663 2364 1732 2389; x_wconf 86' lang='lat' dir='ltr'>au-</span> 
     </span>
     <span class='ocr_line' id='line_1_34' title="bbox 349 2414 1733 2468; baseline 0.003 -16"><span class='ocrx_word' id='word_1_273' title='bbox 349 2414 496 2459; x_wconf 90' lang='lat' dir='ltr'>diendi,</span> <span class='ocrx_word' id='word_1_274' title='bbox 514 2428 638 2466; x_wconf 90' lang='lat' dir='ltr'>neque</span> <span class='ocrx_word' id='word_1_275' title='bbox 655 2428 744 2453; x_wconf 90' lang='lat' dir='ltr'>vero</span> <span class='ocrx_word' id='word_1_276' title='bbox 765 2414 856 2453; x_wconf 91' lang='lat' dir='ltr'>huic</span> <span class='ocrx_word' id='word_1_277' title='bbox 881 2424 994 2453; x_wconf 82' lang='lat' dir='ltr'>tantae</span> <span class='ocrx_word' id='word_1_278' title='bbox 1010 2415 1274 2461; x_wconf 88' lang='lat' dir='ltr'>multitudini,</span> <span class='ocrx_word' id='word_1_279' title='bbox 1292 2425 1449 2468; x_wconf 91' lang='lat' dir='ltr'>quanta,</span> <span class='ocrx_word' id='word_1_280' title='bbox 1474 2431 1559 2456; x_wconf 88' lang='lat' dir='ltr'>mea</span> <span class='ocrx_word' id='word_1_281' title='bbox 1578 2431 1733 2455; x_wconf 89' lang='lat' dir='ltr'>memo-</span> 
     </span>
     <span class='ocr_line' id='line_1_35' title="bbox 350 2479 1735 2535; baseline 0.003 -18"><span class='ocrx_word' id='word_1_282' title='bbox 350 2480 418 2525; x_wconf 79' lang='lat' dir='ltr'>ria,</span> <span class='ocrx_word' id='word_1_283' title='bbox 443 2493 641 2534; x_wconf 84' lang='lat' dir='ltr'>nunquam</span> <span class='ocrx_word' id='word_1_284' title='bbox 664 2480 745 2518; x_wconf 90' lang='lat' dir='ltr'>ullo</span> <span class='ocrx_word' id='word_1_285' title='bbox 767 2480 806 2518; x_wconf 90' lang='lat' dir='ltr'>in</span> <span class='ocrx_word' id='word_1_286' title='bbox 823 2479 978 2533; x_wconf 89' lang='lat' dir='ltr'>judicio</span> <span class='ocrx_word' id='word_1_287' title='bbox 998 2479 1091 2527; x_wconf 85' lang='lat' dir='ltr'>fuit,</span> <span class='ocrx_word' id='word_1_288' title='bbox 1114 2480 1241 2520; x_wconf 90' lang='lat' dir='ltr'>deero.</span> <span class='ocrx_word' id='word_1_289' title='bbox 1275 2482 1397 2528; x_wconf 85' lang='lat' dir='ltr'>Nam,</span> <span class='ocrx_word' id='word_1_290' title='bbox 1421 2482 1447 2521; x_wconf 88' lang='lat' dir='ltr'>s1</span> <span class='ocrx_word' id='word_1_291' title='bbox 1468 2495 1541 2535; x_wconf 87' lang='lat' dir='ltr'>ego</span> <span class='ocrx_word' id='word_1_292' title='bbox 1562 2483 1602 2521; x_wconf 90' lang='lat' dir='ltr'>in</span> <span class='ocrx_word' id='word_1_293' title='bbox 1624 2482 1735 2521; x_wconf 87' lang='lat' dir='ltr'>causa</span> 
     </span>
    </p>
   </div>
  </div>
 </body>
</html>
