<?xml version="1.0" encoding="UTF-8"?>
<!DOCTYPE html PUBLIC "-//W3C//DTD XHTML 1.0 Transitional//EN"
    "http://www.w3.org/TR/xhtml1/DTD/xhtml1-transitional.dtd">
<html xmlns="http://www.w3.org/1999/xhtml" xml:lang="en" lang="en">
 <head>
  <title>
</title>
<meta http-equiv="Content-Type" content="text/html;charset=utf-8" />
  <meta name='ocr-system' content='tesseract 3.04.00' />
  <meta name='ocr-capabilities' content='ocr_page ocr_carea ocr_par ocr_line ocrx_word'/>
</head>
<body>
  <div class='ocr_page' id='page_1' title='image "./operacumindicibu06ciceuoft_0305.png"; bbox 0 0 2076 2860; ppageno 0'>
   <div class='ocr_carea' id='block_1_1' title="bbox 634 127 1686 180">
    <p class='ocr_par' dir='ltr' id='par_1_1' title="bbox 634 127 1686 180">
     <span class='ocr_line' id='line_1_1' title="bbox 634 127 1686 180; baseline -0.008 -8"><span class='ocrx_word' id='word_1_1' title='bbox 634 128 1210 172; x_wconf 84' lang='lat' dir='ltr'>PHILIPPICA</span> <span class='ocrx_word' id='word_1_2' title='bbox 1287 127 1342 166; x_wconf 93' lang='lat'>11.</span> <span class='ocrx_word' id='word_1_3' title='bbox 1608 138 1686 180; x_wconf 83' lang='lat'>295</span> 
     </span>
    </p>
   </div>
   <div class='ocr_carea' id='block_1_2' title="bbox 293 227 1715 2461">
    <p class='ocr_par' dir='ltr' id='par_1_2' title="bbox 293 227 1694 806">
     <span class='ocr_line' id='line_1_2' title="bbox 294 227 1686 294; baseline -0.009 -16"><span class='ocrx_word' id='word_1_4' title='bbox 294 239 378 294; x_wconf 83' lang='lat' dir='ltr'>post</span> <span class='ocrx_word' id='word_1_5' title='bbox 398 237 600 277; x_wconf 88' lang='lat' dir='ltr'>conditam</span> <span class='ocrx_word' id='word_1_6' title='bbox 620 235 721 274; x_wconf 89' lang='lat' dir='ltr'>hanc</span> <span class='ocrx_word' id='word_1_7' title='bbox 743 233 883 272; x_wconf 91' lang='lat' dir='ltr'>urbem</span> <span class='ocrx_word' id='word_1_8' title='bbox 904 231 1063 270; x_wconf 87' lang='lat' dir='ltr'>habitus</span> <span class='ocrx_word' id='word_1_9' title='bbox 1085 229 1139 268; x_wconf 86' lang='lat' dir='ltr'>est</span> <span class='ocrx_word' id='word_1_10' title='bbox 1163 237 1298 281; x_wconf 88' lang='lat' dir='ltr'>togato</span> <span class='ocrx_word' id='word_1_11' title='bbox 1317 236 1406 265; x_wconf 84' lang='lat' dir='ltr'>ante</span> <span class='ocrx_word' id='word_1_12' title='bbox 1427 239 1490 265; x_wconf 90' lang='lat' dir='ltr'>me</span> <span class='ocrx_word' id='word_1_13' title='bbox 1519 227 1686 266; x_wconf 89' lang='lat' dir='ltr'>nemini.</span> 
     </span>
     <span class='ocr_line' id='line_1_3' title="bbox 293 293 1688 350; baseline -0.011 -6"><span class='ocrx_word' id='word_1_14' title='bbox 293 307 344 344; x_wconf 94' lang='lat' dir='ltr'>L.</span> <span class='ocrx_word' id='word_1_15' title='bbox 357 303 496 348; x_wconf 82' lang='lat' dir='ltr'>Caesar,</span> <span class='ocrx_word' id='word_1_16' title='bbox 513 301 730 340; x_wconf 84' lang='lat' dir='ltr'>avunculus</span> <span class='ocrx_word' id='word_1_17' title='bbox 748 309 854 343; x_wconf 86' lang='lat' dir='ltr'>tuus,</span> <span class='ocrx_word' id='word_1_18' title='bbox 873 311 949 350; x_wconf 89' lang='lat' dir='ltr'>qua</span> <span class='ocrx_word' id='word_1_19' title='bbox 964 296 1153 339; x_wconf 89' lang='lat' dir='ltr'>oratione,</span> <span class='ocrx_word' id='word_1_20' title='bbox 1172 307 1248 347; x_wconf 89' lang='lat' dir='ltr'>qua</span> <span class='ocrx_word' id='word_1_21' title='bbox 1263 293 1491 338; x_wconf 83' lang='lat' dir='ltr'>constantia,</span> <span class='ocrx_word' id='word_1_22' title='bbox 1507 306 1584 345; x_wconf 91' lang='lat' dir='ltr'>qua</span> <span class='ocrx_word' id='word_1_23' title='bbox 1599 307 1688 346; x_wconf 86' lang='lat' dir='ltr'>gra-</span> 
     </span>
     <span class='ocr_line' id='line_1_4' title="bbox 294 359 1687 415; baseline -0.009 -6"><span class='ocrx_word' id='word_1_24' title='bbox 294 372 428 415; x_wconf 90' lang='lat' dir='ltr'>vitate,</span> <span class='ocrx_word' id='word_1_25' title='bbox 459 367 692 407; x_wconf 86' lang='lat' dir='ltr'>sententiam</span> <span class='ocrx_word' id='word_1_26' title='bbox 713 365 814 404; x_wconf 83' lang='lat' dir='ltr'>dixit</span> <span class='ocrx_word' id='word_1_27' title='bbox 835 365 876 402; x_wconf 90' lang='lat' dir='ltr'>in</span> <span class='ocrx_word' id='word_1_28' title='bbox 898 363 1037 401; x_wconf 91' lang='lat' dir='ltr'>sororis</span> <span class='ocrx_word' id='word_1_29' title='bbox 1059 361 1133 400; x_wconf 88' lang='lat' dir='ltr'>suae</span> <span class='ocrx_word' id='word_1_30' title='bbox 1153 361 1299 405; x_wconf 86' lang='lat' dir='ltr'>virum,</span> <span class='ocrx_word' id='word_1_31' title='bbox 1331 359 1518 398; x_wconf 89' lang='lat' dir='ltr'>vitricum</span> <span class='ocrx_word' id='word_1_32' title='bbox 1539 368 1655 398; x_wconf 88' lang='lat' dir='ltr'>tuum</span> <span class='ocrx_word' id='word_1_33' title='bbox 1674 360 1687 397; x_wconf 88' lang='lat'>?</span> 
     </span>
     <span class='ocr_line' id='line_1_5' title="bbox 293 426 1688 483; baseline -0.01 -7"><span class='ocrx_word' id='word_1_34' title='bbox 293 438 421 477; x_wconf 92' lang='lat' dir='ltr'>Hunc</span> <span class='ocrx_word' id='word_1_35' title='bbox 441 444 485 474; x_wconf 88' lang='lat' dir='ltr'>tu</span> <span class='ocrx_word' id='word_1_36' title='bbox 506 448 600 473; x_wconf 91' lang='lat' dir='ltr'>cum</span> <span class='ocrx_word' id='word_1_37' title='bbox 620 435 818 471; x_wconf 67' lang='lat' dir='ltr'>auctorem</span> <span class='ocrx_word' id='word_1_38' title='bbox 838 439 877 469; x_wconf 92' lang='lat' dir='ltr'>et</span> <span class='ocrx_word' id='word_1_39' title='bbox 896 438 1179 483; x_wconf 85' lang='lat' dir='ltr'>praeceptorem</span> <span class='ocrx_word' id='word_1_40' title='bbox 1199 427 1382 465; x_wconf 87' lang='lat' dir='ltr'>omnium</span> <span class='ocrx_word' id='word_1_41' title='bbox 1412 426 1665 464; x_wconf 73' lang='lat' dir='ltr'>consiliorum</span> <span class='ocrx_word' id='word_1_42' title='bbox 1676 455 1688 473; x_wconf 85' lang='lat'>,</span> 
     </span>
     <span class='ocr_line' id='line_1_6' title="bbox 293 492 1690 553; baseline -0.01 -11"><span class='ocrx_word' id='word_1_43' title='bbox 293 501 495 553; x_wconf 84' lang='lat' dir='ltr'>totiusque</span> <span class='ocrx_word' id='word_1_44' title='bbox 514 500 616 544; x_wconf 86' lang='lat' dir='ltr'>vitae,</span> <span class='ocrx_word' id='word_1_45' title='bbox 636 497 826 536; x_wconf 70' lang='lat' dir='ltr'>debuisses</span> <span class='ocrx_word' id='word_1_46' title='bbox 842 495 1004 540; x_wconf 77' lang='lat' dir='ltr'>habere3</span> <span class='ocrx_word' id='word_1_47' title='bbox 1027 493 1159 533; x_wconf 82' lang='lat' dir='ltr'>vitrici</span> <span class='ocrx_word' id='word_1_48' title='bbox 1177 502 1213 530; x_wconf 90' lang='lat' dir='ltr'>te</span> <span class='ocrx_word' id='word_1_49' title='bbox 1230 492 1412 537; x_wconf 78' lang='lat' dir='ltr'>similem,</span> <span class='ocrx_word' id='word_1_50' title='bbox 1431 505 1550 544; x_wconf 89' lang='lat' dir='ltr'>quam</span> <span class='ocrx_word' id='word_1_51' title='bbox 1566 505 1690 529; x_wconf 87' lang='lat' dir='ltr'>avun-</span> 
     </span>
     <span class='ocr_line' id='line_1_7' title="bbox 294 557 1690 616; baseline -0.009 -9"><span class='ocrx_word' id='word_1_52' title='bbox 294 568 393 613; x_wconf 88' lang='lat' dir='ltr'>culi,</span> <span class='ocrx_word' id='word_1_53' title='bbox 416 567 488 606; x_wconf 83' lang='lat' dir='ltr'>effe</span> <span class='ocrx_word' id='word_1_54' title='bbox 509 565 694 605; x_wconf 84' lang='lat' dir='ltr'>maluisti.</span> <span class='ocrx_word' id='word_1_55' title='bbox 717 565 853 616; x_wconf 86' lang='lat' dir='ltr'>Hujus</span> <span class='ocrx_word' id='word_1_56' title='bbox 870 576 943 614; x_wconf 87' lang='lat' dir='ltr'>ego</span> <span class='ocrx_word' id='word_1_57' title='bbox 959 562 1107 599; x_wconf 89' lang='lat' dir='ltr'>alienus</span> <span class='ocrx_word' id='word_1_58' title='bbox 1125 559 1296 597; x_wconf 86' lang='lat' dir='ltr'>confiliis</span> <span class='ocrx_word' id='word_1_59' title='bbox 1314 558 1450 596; x_wconf 89' lang='lat' dir='ltr'>consul</span> <span class='ocrx_word' id='word_1_60' title='bbox 1473 557 1561 596; x_wconf 89' lang='lat' dir='ltr'>usus</span> <span class='ocrx_word' id='word_1_61' title='bbox 1583 557 1690 595; x_wconf 84' lang='lat' dir='ltr'>sum:</span> 
     </span>
     <span class='ocr_line' id='line_1_8' title="bbox 296 622 1693 681; baseline -0.01 -8"><span class='ocrx_word' id='word_1_62' title='bbox 296 642 342 672; x_wconf 88' lang='lat' dir='ltr'>tu</span> <span class='ocrx_word' id='word_1_63' title='bbox 356 663 368 679; x_wconf 92' lang='lat'>‚</span> <span class='ocrx_word' id='word_1_64' title='bbox 400 633 538 671; x_wconf 89' lang='lat' dir='ltr'>sororis</span> <span class='ocrx_word' id='word_1_65' title='bbox 560 631 666 670; x_wconf 88' lang='lat' dir='ltr'>filius</span> <span class='ocrx_word' id='word_1_66' title='bbox 681 660 692 675; x_wconf 93' lang='lat'><em>‚</em></span> <span class='ocrx_word' id='word_1_67' title='bbox 723 628 868 681; x_wconf 87' lang='lat' dir='ltr'>ecquid</span> <span class='ocrx_word' id='word_1_68' title='bbox 896 627 944 665; x_wconf 90' lang='lat' dir='ltr'>ad</span> <span class='ocrx_word' id='word_1_69' title='bbox 973 640 1065 665; x_wconf 88' lang='lat' dir='ltr'>eum</span> <span class='ocrx_word' id='word_1_70' title='bbox 1095 637 1272 676; x_wconf 88' lang='lat' dir='ltr'>unquam</span> <span class='ocrx_word' id='word_1_71' title='bbox 1292 623 1339 660; x_wconf 89' lang='lat' dir='ltr'>de</span> <span class='ocrx_word' id='word_1_72' title='bbox 1360 622 1563 675; x_wconf 87' lang='lat' dir='ltr'>republica</span> <span class='ocrx_word' id='word_1_73' title='bbox 1583 632 1693 661; x_wconf 85' lang='lat' dir='ltr'>retu-</span> 
     </span>
     <span class='ocr_line' id='line_1_9' title="bbox 296 688 1694 750; baseline -0.009 -11"><span class='ocrx_word' id='word_1_74' title='bbox 296 699 403 739; x_wconf 88' lang='lat' dir='ltr'>listi?</span> <span class='ocrx_word' id='word_1_75' title='bbox 427 698 491 737; x_wconf 93' lang='lat' dir='ltr'>Ad</span> <span class='ocrx_word' id='word_1_76' title='bbox 511 711 609 750; x_wconf 89' lang='lat' dir='ltr'>quos</span> <span class='ocrx_word' id='word_1_77' title='bbox 631 696 777 735; x_wconf 83' lang='lat' dir='ltr'>refert?</span> <span class='ocrx_word' id='word_1_78' title='bbox 801 695 872 733; x_wconf 91' lang='lat' dir='ltr'>Dii</span> <span class='ocrx_word' id='word_1_79' title='bbox 891 690 1160 732; x_wconf 84' lang='lat' dir='ltr'>immortales!</span> <span class='ocrx_word' id='word_1_80' title='bbox 1183 689 1231 727; x_wconf 92' lang='lat' dir='ltr'>ad</span> <span class='ocrx_word' id='word_1_81' title='bbox 1251 702 1314 728; x_wconf 91' lang='lat' dir='ltr'>eos</span> <span class='ocrx_word' id='word_1_82' title='bbox 1337 688 1501 734; x_wconf 88' lang='lat' dir='ltr'>scilicet,</span> <span class='ocrx_word' id='word_1_83' title='bbox 1524 702 1694 741; x_wconf 88' lang='lat' dir='ltr'>quorum</span> 
     </span>
     <span class='ocr_line' id='line_1_10' title="bbox 298 758 1154 806; baseline -0.013 -1"><span class='ocrx_word' id='word_1_84' title='bbox 298 766 416 806; x_wconf 91' lang='lat' dir='ltr'>nobis</span> <span class='ocrx_word' id='word_1_85' title='bbox 435 766 556 803; x_wconf 88' lang='lat' dir='ltr'>etiam</span> <span class='ocrx_word' id='word_1_86' title='bbox 577 764 657 802; x_wconf 91' lang='lat' dir='ltr'>dies</span> <span class='ocrx_word' id='word_1_87' title='bbox 680 762 824 801; x_wconf 86' lang='lat' dir='ltr'>natales</span> <span class='ocrx_word' id='word_1_88' title='bbox 845 758 1029 798; x_wconf 90' lang='lat' dir='ltr'>audiendi</span> <span class='ocrx_word' id='word_1_89' title='bbox 1050 758 1154 795; x_wconf 88' lang='lat' dir='ltr'>sunt.</span> 
     </span>
    </p>

    <p class='ocr_par' dir='ltr' id='par_1_3' title="bbox 300 819 1704 1340">
     <span class='ocr_line' id='line_1_11' title="bbox 356 819 1696 872; baseline -0.01 -1"><span class='ocrx_word' id='word_1_90' title='bbox 356 832 491 872; x_wconf 91' lang='lat' dir='ltr'>Hodie</span> <span class='ocrx_word' id='word_1_91' title='bbox 513 844 592 869; x_wconf 89' lang='lat' dir='ltr'>non</span> <span class='ocrx_word' id='word_1_92' title='bbox 612 828 810 867; x_wconf 88' lang='lat' dir='ltr'>descendit</span> <span class='ocrx_word' id='word_1_93' title='bbox 831 826 1048 865; x_wconf 88' lang='lat' dir='ltr'>Antonius.</span> <span class='ocrx_word' id='word_1_94' title='bbox 1082 824 1197 862; x_wconf 86' lang='lat' dir='ltr'>Cur?</span> <span class='ocrx_word' id='word_1_95' title='bbox 1230 821 1294 861; x_wconf 88' lang='lat' dir='ltr'>dat</span> <span class='ocrx_word' id='word_1_96' title='bbox 1323 820 1499 860; x_wconf 86' lang='lat' dir='ltr'>natalitia</span> <span class='ocrx_word' id='word_1_97' title='bbox 1529 820 1570 858; x_wconf 89' lang='lat' dir='ltr'>in</span> <span class='ocrx_word' id='word_1_98' title='bbox 1598 819 1696 859; x_wconf 79' lang='lat' dir='ltr'>hor-</span> 
     </span>
     <span class='ocr_line' id='line_1_12' title="bbox 300 886 1697 938; baseline -0.01 -1"><span class='ocrx_word' id='word_1_99' title='bbox 300 899 367 938; x_wconf 88' lang='lat' dir='ltr'>tis.</span> <span class='ocrx_word' id='word_1_100' title='bbox 413 898 524 935; x_wconf 90' lang='lat' dir='ltr'>Cui?</span> <span class='ocrx_word' id='word_1_101' title='bbox 555 895 758 934; x_wconf 89' lang='lat' dir='ltr'>neminem</span> <span class='ocrx_word' id='word_1_102' title='bbox 789 891 1019 931; x_wconf 87' lang='lat' dir='ltr'>nominabo.</span> <span class='ocrx_word' id='word_1_103' title='bbox 1058 889 1199 928; x_wconf 85' lang='lat' dir='ltr'>Putate</span> <span class='ocrx_word' id='word_1_104' title='bbox 1229 897 1316 926; x_wconf 85' lang='lat' dir='ltr'>tum</span> <span class='ocrx_word' id='word_1_105' title='bbox 1352 886 1587 925; x_wconf 84' lang='lat' dir='ltr'>Phormioni</span> <span class='ocrx_word' id='word_1_106' title='bbox 1621 886 1697 924; x_wconf 86' lang='lat' dir='ltr'>ali-</span> 
     </span>
     <span class='ocr_line' id='line_1_13' title="bbox 300 952 1697 1010; baseline -0.011 -6"><span class='ocrx_word' id='word_1_107' title='bbox 300 966 383 1010; x_wconf 90' lang='lat' dir='ltr'>cui,</span> <span class='ocrx_word' id='word_1_108' title='bbox 414 972 503 1002; x_wconf 90' lang='lat' dir='ltr'>tum</span> <span class='ocrx_word' id='word_1_109' title='bbox 524 961 718 1006; x_wconf 85' lang='lat' dir='ltr'>Gnatoni‚</span> <span class='ocrx_word' id='word_1_110' title='bbox 751 969 839 998; x_wconf 87' lang='lat' dir='ltr'>tum</span> <span class='ocrx_word' id='word_1_111' title='bbox 860 958 1046 997; x_wconf 88' lang='lat' dir='ltr'>Ballioni.</span> <span class='ocrx_word' id='word_1_112' title='bbox 1085 957 1121 994; x_wconf 94' lang='lat' dir='ltr'>O</span> <span class='ocrx_word' id='word_1_113' title='bbox 1143 954 1366 994; x_wconf 87' lang='lat' dir='ltr'>foeditatem</span> <span class='ocrx_word' id='word_1_114' title='bbox 1385 952 1562 992; x_wconf 88' lang='lat' dir='ltr'>hominis</span> <span class='ocrx_word' id='word_1_115' title='bbox 1584 952 1697 1005; x_wconf 86' lang='lat' dir='ltr'>flagi-</span> 
     </span>
     <span class='ocr_line' id='line_1_14' title="bbox 300 1018 1697 1081; baseline -0.01 -11"><span class='ocrx_word' id='word_1_116' title='bbox 300 1029 461 1070; x_wconf 86' lang='lat' dir='ltr'>tiosam!</span> <span class='ocrx_word' id='word_1_117' title='bbox 497 1029 534 1066; x_wconf 92' lang='lat' dir='ltr'>O</span> <span class='ocrx_word' id='word_1_118' title='bbox 556 1026 863 1081; x_wconf 88' lang='lat' dir='ltr'>impudentiam,</span> <span class='ocrx_word' id='word_1_119' title='bbox 887 1024 1122 1077; x_wconf 84' lang='lat' dir='ltr'>nequitiam,</span> <span class='ocrx_word' id='word_1_120' title='bbox 1143 1021 1355 1059; x_wconf 87' lang='lat' dir='ltr'>libidinem</span> <span class='ocrx_word' id='word_1_121' title='bbox 1375 1034 1455 1058; x_wconf 90' lang='lat' dir='ltr'>non</span> <span class='ocrx_word' id='word_1_122' title='bbox 1476 1018 1697 1058; x_wconf 85' lang='lat' dir='ltr'>ferendam!</span> 
     </span>
     <span class='ocr_line' id='line_1_15' title="bbox 302 1086 1700 1148; baseline -0.01 -12"><span class='ocrx_word' id='word_1_123' title='bbox 302 1099 387 1143; x_wconf 93' lang='lat' dir='ltr'>Tu,</span> <span class='ocrx_word' id='word_1_124' title='bbox 409 1109 503 1134; x_wconf 88' lang='lat' dir='ltr'>cum</span> <span class='ocrx_word' id='word_1_125' title='bbox 523 1094 745 1148; x_wconf 85' lang='lat' dir='ltr'>principem</span> <span class='ocrx_word' id='word_1_126' title='bbox 766 1092 997 1134; x_wconf 89' lang='lat' dir='ltr'>senatorem,</span> <span class='ocrx_word' id='word_1_127' title='bbox 1015 1089 1143 1127; x_wconf 91' lang='lat' dir='ltr'>civem</span> <span class='ocrx_word' id='word_1_128' title='bbox 1164 1086 1414 1139; x_wconf 79' lang='lat' dir='ltr'>singularem,</span> <span class='ocrx_word' id='word_1_129' title='bbox 1431 1096 1512 1124; x_wconf 90' lang='lat' dir='ltr'>tam</span> <span class='ocrx_word' id='word_1_130' title='bbox 1532 1086 1700 1138; x_wconf 88' lang='lat' dir='ltr'>propin-</span> 
     </span>
     <span class='ocr_line' id='line_1_16' title="bbox 303 1150 1700 1216; baseline -0.011 -13"><span class='ocrx_word' id='word_1_131' title='bbox 303 1177 431 1216; x_wconf 87' lang='lat' dir='ltr'>quum</span> <span class='ocrx_word' id='word_1_132' title='bbox 451 1161 592 1201; x_wconf 85' lang='lat' dir='ltr'>habeas</span> <span class='ocrx_word' id='word_1_133' title='bbox 607 1189 619 1206; x_wconf 89' lang='lat'>,</span> <span class='ocrx_word' id='word_1_134' title='bbox 650 1159 698 1197; x_wconf 91' lang='lat' dir='ltr'>ad</span> <span class='ocrx_word' id='word_1_135' title='bbox 726 1172 819 1196; x_wconf 89' lang='lat' dir='ltr'>eum</span> <span class='ocrx_word' id='word_1_136' title='bbox 848 1157 895 1194; x_wconf 93' lang='lat' dir='ltr'>de</span> <span class='ocrx_word' id='word_1_137' title='bbox 924 1154 1128 1208; x_wconf 86' lang='lat' dir='ltr'>republica</span> <span class='ocrx_word' id='word_1_138' title='bbox 1149 1152 1252 1191; x_wconf 90' lang='lat' dir='ltr'>nihil</span> <span class='ocrx_word' id='word_1_139' title='bbox 1282 1151 1421 1191; x_wconf 86' lang='lat' dir='ltr'>referas</span> <span class='ocrx_word' id='word_1_140' title='bbox 1439 1170 1451 1197; x_wconf 87' lang='lat'>;</span> <span class='ocrx_word' id='word_1_141' title='bbox 1483 1150 1531 1189; x_wconf 90' lang='lat' dir='ltr'>ad</span> <span class='ocrx_word' id='word_1_142' title='bbox 1551 1164 1615 1188; x_wconf 92' lang='lat' dir='ltr'>eos</span> <span class='ocrx_word' id='word_1_143' title='bbox 1637 1164 1700 1189; x_wconf 87' lang='lat' dir='ltr'>re-</span> 
     </span>
     <span class='ocr_line' id='line_1_17' title="bbox 304 1217 1704 1281; baseline -0.01 -13"><span class='ocrx_word' id='word_1_144' title='bbox 304 1228 421 1274; x_wconf 82' lang='lat' dir='ltr'>feras,</span> <span class='ocrx_word' id='word_1_145' title='bbox 453 1228 523 1281; x_wconf 90' lang='lat' dir='ltr'>qui</span> <span class='ocrx_word' id='word_1_146' title='bbox 544 1226 652 1265; x_wconf 88' lang='lat' dir='ltr'>suam</span> <span class='ocrx_word' id='word_1_147' title='bbox 672 1238 756 1262; x_wconf 90' lang='lat' dir='ltr'>rem</span> <span class='ocrx_word' id='word_1_148' title='bbox 775 1222 929 1261; x_wconf 90' lang='lat' dir='ltr'>nullam</span> <span class='ocrx_word' id='word_1_149' title='bbox 948 1221 1111 1265; x_wconf 91' lang='lat' dir='ltr'>habent,</span> <span class='ocrx_word' id='word_1_150' title='bbox 1143 1229 1253 1258; x_wconf 88' lang='lat' dir='ltr'>tuam</span> <span class='ocrx_word' id='word_1_151' title='bbox 1282 1217 1521 1257; x_wconf 87' lang='lat' dir='ltr'>exhauriunt</span> <span class='ocrx_word' id='word_1_152' title='bbox 1540 1218 1553 1255; x_wconf 90' lang='lat'>?</span> <span class='ocrx_word' id='word_1_153' title='bbox 1586 1218 1704 1256; x_wconf 85' lang='lat' dir='ltr'>Tuus</span> 
     </span>
     <span class='ocr_line' id='line_1_18' title="bbox 306 1285 1369 1340; baseline -0.01 -7"><span class='ocrx_word' id='word_1_154' title='bbox 306 1294 491 1334; x_wconf 84' lang='lat' dir='ltr'>videlicet</span> <span class='ocrx_word' id='word_1_155' title='bbox 511 1292 686 1330; x_wconf 82' lang='lat' dir='ltr'>salutaris</span> <span class='ocrx_word' id='word_1_156' title='bbox 708 1289 947 1333; x_wconf 86' lang='lat' dir='ltr'>consulatus,</span> <span class='ocrx_word' id='word_1_157' title='bbox 979 1285 1220 1340; x_wconf 85' lang='lat' dir='ltr'>perniciosus</span> <span class='ocrx_word' id='word_1_158' title='bbox 1242 1298 1369 1323; x_wconf 86' lang='lat' dir='ltr'>meus.</span> 
     </span>
    </p>

    <p class='ocr_par' dir='ltr' id='par_1_4' title="bbox 301 1348 1715 2461">
     <span class='ocr_line' id='line_1_19' title="bbox 361 1348 1706 1410; baseline -0.009 -12"><span class='ocrx_word' id='word_1_159' title='bbox 361 1360 459 1398; x_wconf 89' lang='lat' dir='ltr'>VII.</span> <span class='ocrx_word' id='word_1_160' title='bbox 482 1358 647 1397; x_wconf 88' lang='lat' dir='ltr'>Adeone</span> <span class='ocrx_word' id='word_1_161' title='bbox 667 1356 859 1410; x_wconf 89' lang='lat' dir='ltr'>pudorem</span> <span class='ocrx_word' id='word_1_162' title='bbox 880 1367 974 1392; x_wconf 88' lang='lat' dir='ltr'>cum</span> <span class='ocrx_word' id='word_1_163' title='bbox 994 1351 1188 1405; x_wconf 88' lang='lat' dir='ltr'>pudicitia</span> <span class='ocrx_word' id='word_1_164' title='bbox 1207 1349 1423 1403; x_wconf 89' lang='lat' dir='ltr'>perdidisti,</span> <span class='ocrx_word' id='word_1_165' title='bbox 1441 1359 1485 1388; x_wconf 91' lang='lat' dir='ltr'>ut</span> <span class='ocrx_word' id='word_1_166' title='bbox 1501 1348 1579 1388; x_wconf 84' lang='lat' dir='ltr'>hoc</span> <span class='ocrx_word' id='word_1_167' title='bbox 1600 1349 1641 1386; x_wconf 93' lang='lat' dir='ltr'>in</span> <span class='ocrx_word' id='word_1_168' title='bbox 1658 1361 1706 1386; x_wconf 90' lang='lat' dir='ltr'>eo</span> 
     </span>
     <span class='ocr_line' id='line_1_20' title="bbox 307 1416 1703 1478; baseline -0.009 -14"><span class='ocrx_word' id='word_1_169' title='bbox 307 1425 461 1478; x_wconf 87' lang='lat' dir='ltr'>templo</span> <span class='ocrx_word' id='word_1_170' title='bbox 483 1424 611 1462; x_wconf 89' lang='lat' dir='ltr'>dicere</span> <span class='ocrx_word' id='word_1_171' title='bbox 631 1423 742 1461; x_wconf 89' lang='lat' dir='ltr'>ausus</span> <span class='ocrx_word' id='word_1_172' title='bbox 765 1422 826 1466; x_wconf 90' lang='lat' dir='ltr'>fis,</span> <span class='ocrx_word' id='word_1_173' title='bbox 858 1420 899 1458; x_wconf 89' lang='lat' dir='ltr'>in</span> <span class='ocrx_word' id='word_1_174' title='bbox 921 1433 1000 1472; x_wconf 86' lang='lat' dir='ltr'>quo</span> <span class='ocrx_word' id='word_1_175' title='bbox 1021 1431 1093 1470; x_wconf 86' lang='lat' dir='ltr'>ego</span> <span class='ocrx_word' id='word_1_176' title='bbox 1114 1417 1291 1456; x_wconf 89' lang='lat' dir='ltr'>senatum</span> <span class='ocrx_word' id='word_1_177' title='bbox 1312 1416 1444 1461; x_wconf 90' lang='lat' dir='ltr'>illum,</span> <span class='ocrx_word' id='word_1_178' title='bbox 1477 1416 1546 1468; x_wconf 90' lang='lat' dir='ltr'>qui</span> <span class='ocrx_word' id='word_1_179' title='bbox 1571 1427 1703 1467; x_wconf 88' lang='lat' dir='ltr'>quon-</span> 
     </span>
     <span class='ocr_line' id='line_1_21' title="bbox 309 1480 1704 1539; baseline -0.01 -8"><span class='ocrx_word' id='word_1_180' title='bbox 309 1493 400 1531; x_wconf 86' lang='lat' dir='ltr'>dam</span> <span class='ocrx_word' id='word_1_181' title='bbox 421 1491 562 1530; x_wconf 88' lang='lat' dir='ltr'>fiorens</span> <span class='ocrx_word' id='word_1_182' title='bbox 583 1490 671 1527; x_wconf 92' lang='lat' dir='ltr'>orbi</span> <span class='ocrx_word' id='word_1_183' title='bbox 691 1499 882 1527; x_wconf 84' lang='lat' dir='ltr'>terrarum</span> <span class='ocrx_word' id='word_1_184' title='bbox 910 1484 1134 1539; x_wconf 80' lang='lat' dir='ltr'>praesidebat</span> <span class='ocrx_word' id='word_1_185' title='bbox 1148 1513 1159 1529; x_wconf 92' lang='lat'><em>‚</em></span> <span class='ocrx_word' id='word_1_186' title='bbox 1191 1482 1442 1521; x_wconf 86' lang='lat' dir='ltr'>consulebam</span> <span class='ocrx_word' id='word_1_187' title='bbox 1460 1500 1472 1526; x_wconf 89' lang='lat'>;</span> <span class='ocrx_word' id='word_1_188' title='bbox 1506 1490 1549 1519; x_wconf 89' lang='lat' dir='ltr'>tu</span> <span class='ocrx_word' id='word_1_189' title='bbox 1569 1480 1704 1518; x_wconf 90' lang='lat' dir='ltr'>homi-</span> 
     </span>
     <span class='ocr_line' id='line_1_22' title="bbox 309 1545 1705 1610; baseline -0.011 -13"><span class='ocrx_word' id='word_1_190' title='bbox 309 1571 378 1597; x_wconf 85' lang='lat' dir='ltr'>nes</span> <span class='ocrx_word' id='word_1_191' title='bbox 399 1556 676 1610; x_wconf 88' lang='lat' dir='ltr'>perditiffirnos</span> <span class='ocrx_word' id='word_1_192' title='bbox 697 1568 791 1592; x_wconf 87' lang='lat' dir='ltr'>curn</span> <span class='ocrx_word' id='word_1_193' title='bbox 818 1552 959 1605; x_wconf 80' lang='lat' dir='ltr'>gladiis</span> <span class='ocrx_word' id='word_1_194' title='bbox 986 1549 1257 1589; x_wconf 86' lang='lat' dir='ltr'>collocavisti?</span> <span class='ocrx_word' id='word_1_195' title='bbox 1291 1549 1346 1585; x_wconf 90' lang='lat' dir='ltr'>At</span> <span class='ocrx_word' id='word_1_196' title='bbox 1376 1547 1492 1585; x_wconf 85' lang='lat' dir='ltr'>etiam</span> <span class='ocrx_word' id='word_1_197' title='bbox 1523 1545 1635 1583; x_wconf 88' lang='lat' dir='ltr'>ausus</span> <span class='ocrx_word' id='word_1_198' title='bbox 1665 1559 1705 1582; x_wconf 89' lang='lat' dir='ltr'>es</span> 
     </span>
     <span class='ocr_line' id='line_1_23' title="bbox 313 1611 1707 1676; baseline -0.01 -15"><span class='ocrx_word' id='word_1_199' title='bbox 313 1622 431 1676; x_wconf 89' lang='lat' dir='ltr'>(quid</span> <span class='ocrx_word' id='word_1_200' title='bbox 451 1631 583 1660; x_wconf 89' lang='lat' dir='ltr'>autem</span> <span class='ocrx_word' id='word_1_201' title='bbox 602 1620 681 1666; x_wconf 89' lang='lat' dir='ltr'>est,</span> <span class='ocrx_word' id='word_1_202' title='bbox 713 1619 820 1671; x_wconf 90' lang='lat' dir='ltr'>quod</span> <span class='ocrx_word' id='word_1_203' title='bbox 850 1628 893 1656; x_wconf 87' lang='lat' dir='ltr'>tu</span> <span class='ocrx_word' id='word_1_204' title='bbox 924 1631 1002 1655; x_wconf 92' lang='lat' dir='ltr'>non</span> <span class='ocrx_word' id='word_1_205' title='bbox 1032 1615 1169 1654; x_wconf 80' lang='lat' dir='ltr'>audeas</span> <span class='ocrx_word' id='word_1_206' title='bbox 1188 1615 1223 1665; x_wconf 84' lang='lat'>?)</span> <span class='ocrx_word' id='word_1_207' title='bbox 1256 1613 1408 1651; x_wconf 89' lang='lat' dir='ltr'>clivum</span> <span class='ocrx_word' id='word_1_208' title='bbox 1430 1611 1707 1664; x_wconf 87' lang='lat' dir='ltr'>Capitolinum</span> 
     </span>
     <span class='ocr_line' id='line_1_24' title="bbox 310 1675 1708 1737; baseline -0.01 -11"><span class='ocrx_word' id='word_1_209' title='bbox 310 1689 466 1733; x_wconf 90' lang='lat' dir='ltr'>dicere,</span> <span class='ocrx_word' id='word_1_210' title='bbox 497 1700 562 1725; x_wconf 87' lang='lat' dir='ltr'>me</span> <span class='ocrx_word' id='word_1_211' title='bbox 591 1685 775 1729; x_wconf 88' lang='lat' dir='ltr'>consule,</span> <span class='ocrx_word' id='word_1_212' title='bbox 808 1684 973 1737; x_wconf 88' lang='lat' dir='ltr'>plenum</span> <span class='ocrx_word' id='word_1_213' title='bbox 1003 1682 1202 1720; x_wconf 87' lang='lat' dir='ltr'>servorum</span> <span class='ocrx_word' id='word_1_214' title='bbox 1223 1688 1463 1716; x_wconf 86' lang='lat' dir='ltr'>armatorum</span> <span class='ocrx_word' id='word_1_215' title='bbox 1482 1675 1609 1714; x_wconf 83' lang='lat' dir='ltr'>fuiffe.</span> <span class='ocrx_word' id='word_1_216' title='bbox 1650 1676 1708 1712; x_wconf 89' lang='lat' dir='ltr'>Ut</span> 
     </span>
     <span class='ocr_line' id='line_1_25' title="bbox 311 1741 1705 1800; baseline -0.011 -7"><span class='ocrx_word' id='word_1_217' title='bbox 311 1755 395 1800; x_wconf 84' lang='lat' dir='ltr'>illa,</span> <span class='ocrx_word' id='word_1_218' title='bbox 427 1753 557 1798; x_wconf 93' lang='lat' dir='ltr'>cred0,</span> <span class='ocrx_word' id='word_1_219' title='bbox 589 1751 735 1790; x_wconf 89' lang='lat' dir='ltr'>nefaria</span> <span class='ocrx_word' id='word_1_220' title='bbox 754 1748 1112 1788; x_wconf 82' lang='lat' dir='ltr'>senatus-consulta</span> <span class='ocrx_word' id='word_1_221' title='bbox 1130 1746 1283 1790; x_wconf 87' lang='lat' dir='ltr'>fierent,</span> <span class='ocrx_word' id='word_1_222' title='bbox 1315 1744 1397 1782; x_wconf 89' lang='lat' dir='ltr'>vim</span> <span class='ocrx_word' id='word_1_223' title='bbox 1418 1742 1626 1781; x_wconf 83' lang='lat' dir='ltr'>afferebam</span> <span class='ocrx_word' id='word_1_224' title='bbox 1648 1741 1705 1779; x_wconf 91' lang='lat' dir='ltr'>se-</span> 
     </span>
     <span class='ocr_line' id='line_1_26' title="bbox 301 1806 1709 1863; baseline -0.011 -4"><span class='ocrx_word' id='word_1_225' title='bbox 301 1818 439 1860; x_wconf 78' lang='lat' dir='ltr'>natui.</span> <span class='ocrx_word' id='word_1_226' title='bbox 465 1820 501 1857; x_wconf 88' lang='lat' dir='ltr'>O</span> <span class='ocrx_word' id='word_1_227' title='bbox 524 1818 725 1863; x_wconf 88' lang='lat' dir='ltr'>miserum,</span> <span class='ocrx_word' id='word_1_228' title='bbox 744 1817 818 1854; x_wconf 88' lang='lat' dir='ltr'>five</span> <span class='ocrx_word' id='word_1_229' title='bbox 835 1816 903 1853; x_wconf 87' lang='lat' dir='ltr'>illa</span> <span class='ocrx_word' id='word_1_230' title='bbox 924 1815 998 1853; x_wconf 91' lang='lat' dir='ltr'>tibi</span> <span class='ocrx_word' id='word_1_231' title='bbox 1020 1822 1113 1852; x_wconf 84' lang='lat' dir='ltr'>nota</span> <span class='ocrx_word' id='word_1_232' title='bbox 1132 1825 1212 1850; x_wconf 90' lang='lat' dir='ltr'>non</span> <span class='ocrx_word' id='word_1_233' title='bbox 1234 1811 1339 1856; x_wconf 90' lang='lat' dir='ltr'>sunt,</span> <span class='ocrx_word' id='word_1_234' title='bbox 1362 1808 1463 1847; x_wconf 90' lang='lat' dir='ltr'>nihil</span> <span class='ocrx_word' id='word_1_235' title='bbox 1485 1808 1593 1847; x_wconf 87' lang='lat' dir='ltr'>enim</span> <span class='ocrx_word' id='word_1_236' title='bbox 1614 1806 1709 1844; x_wconf 88' lang='lat' dir='ltr'>boni</span> 
     </span>
     <span class='ocr_line' id='line_1_27' title="bbox 314 1873 1706 1937; baseline -0.011 -11"><span class='ocrx_word' id='word_1_237' title='bbox 314 1887 443 1933; x_wconf 79' lang='lat' dir='ltr'>nosti5</span> <span class='ocrx_word' id='word_1_238' title='bbox 476 1887 550 1924; x_wconf 88' lang='lat' dir='ltr'>five</span> <span class='ocrx_word' id='word_1_239' title='bbox 571 1885 675 1930; x_wconf 87' lang='lat' dir='ltr'>sunt,</span> <span class='ocrx_word' id='word_1_240' title='bbox 698 1884 767 1937; x_wconf 85' lang='lat' dir='ltr'>qui</span> <span class='ocrx_word' id='word_1_241' title='bbox 788 1882 891 1936; x_wconf 87' lang='lat' dir='ltr'>apud</span> <span class='ocrx_word' id='word_1_242' title='bbox 911 1882 1006 1920; x_wconf 87' lang='lat' dir='ltr'>tales</span> <span class='ocrx_word' id='word_1_243' title='bbox 1026 1881 1130 1918; x_wconf 89' lang='lat' dir='ltr'>viros</span> <span class='ocrx_word' id='word_1_244' title='bbox 1152 1889 1232 1917; x_wconf 87' lang='lat' dir='ltr'>tam</span> <span class='ocrx_word' id='word_1_245' title='bbox 1254 1877 1505 1931; x_wconf 86' lang='lat' dir='ltr'>impudenter</span> <span class='ocrx_word' id='word_1_246' title='bbox 1525 1873 1706 1926; x_wconf 89' lang='lat' dir='ltr'>loquare!</span> 
     </span>
     <span class='ocr_line' id='line_1_28' title="bbox 316 1940 1710 2005; baseline -0.011 -13"><span class='ocrx_word' id='word_1_247' title='bbox 316 1953 420 2005; x_wconf 85' lang='lat' dir='ltr'>Qis</span> <span class='ocrx_word' id='word_1_248' title='bbox 451 1953 560 1991; x_wconf 90' lang='lat' dir='ltr'>enim</span> <span class='ocrx_word' id='word_1_249' title='bbox 591 1964 708 2004; x_wconf 88' lang='lat' dir='ltr'>eques</span> <span class='ocrx_word' id='word_1_250' title='bbox 742 1951 962 1993; x_wconf 82' lang='lat' dir='ltr'>Romanus,</span> <span class='ocrx_word' id='word_1_251' title='bbox 994 1947 1098 1999; x_wconf 80' lang='lat' dir='ltr'>quiS‚</span> <span class='ocrx_word' id='word_1_252' title='bbox 1131 1954 1269 1998; x_wconf 83' lang='lat' dir='ltr'>praeter</span> <span class='ocrx_word' id='word_1_253' title='bbox 1300 1955 1352 1988; x_wconf 93' lang='lat' dir='ltr'>te,</span> <span class='ocrx_word' id='word_1_254' title='bbox 1384 1940 1605 1980; x_wconf 88' lang='lat' dir='ltr'>adolescens</span> <span class='ocrx_word' id='word_1_255' title='bbox 1635 1952 1710 1977; x_wconf 91' lang='lat' dir='ltr'>no-</span> 
     </span>
     <span class='ocr_line' id='line_1_29' title="bbox 317 2005 1709 2071; baseline -0.011 -14"><span class='ocrx_word' id='word_1_256' title='bbox 317 2019 425 2064; x_wconf 85' lang='lat' dir='ltr'>bilis,</span> <span class='ocrx_word' id='word_1_257' title='bbox 457 2018 545 2071; x_wconf 91' lang='lat' dir='ltr'>quis</span> <span class='ocrx_word' id='word_1_258' title='bbox 567 2017 688 2055; x_wconf 89' lang='lat' dir='ltr'>ullius</span> <span class='ocrx_word' id='word_1_259' title='bbox 709 2015 874 2059; x_wconf 85' lang='lat' dir='ltr'>ordinis,</span> <span class='ocrx_word' id='word_1_260' title='bbox 906 2013 975 2066; x_wconf 88' lang='lat' dir='ltr'>qui</span> <span class='ocrx_word' id='word_1_261' title='bbox 998 2012 1033 2050; x_wconf 91' lang='lat' dir='ltr'>se</span> <span class='ocrx_word' id='word_1_262' title='bbox 1053 2012 1182 2049; x_wconf 90' lang='lat' dir='ltr'>civem</span> <span class='ocrx_word' id='word_1_263' title='bbox 1203 2008 1455 2052; x_wconf 79' lang='lat' dir='ltr'>meminisset,</span> <span class='ocrx_word' id='word_1_264' title='bbox 1487 2020 1580 2045; x_wconf 88' lang='lat' dir='ltr'>cum</span> <span class='ocrx_word' id='word_1_265' title='bbox 1602 2005 1709 2043; x_wconf 88' lang='lat' dir='ltr'>sena-</span> 
     </span>
     <span class='ocr_line' id='line_1_30' title="bbox 318 2071 1710 2135; baseline -0.011 -12"><span class='ocrx_word' id='word_1_266' title='bbox 318 2095 382 2122; x_wconf 91' lang='lat' dir='ltr'>tus</span> <span class='ocrx_word' id='word_1_267' title='bbox 403 2085 444 2121; x_wconf 91' lang='lat' dir='ltr'>in</span> <span class='ocrx_word' id='word_1_268' title='bbox 469 2083 546 2121; x_wconf 90' lang='lat' dir='ltr'>hoc</span> <span class='ocrx_word' id='word_1_269' title='bbox 576 2082 727 2135; x_wconf 88' lang='lat' dir='ltr'>templo</span> <span class='ocrx_word' id='word_1_270' title='bbox 757 2079 872 2124; x_wconf 76' lang='lat' dir='ltr'>esset,</span> <span class='ocrx_word' id='word_1_271' title='bbox 904 2080 946 2116; x_wconf 87' lang='lat' dir='ltr'>in</span> <span class='ocrx_word' id='word_1_272' title='bbox 976 2078 1080 2116; x_wconf 91' lang='lat' dir='ltr'>clivo</span> <span class='ocrx_word' id='word_1_273' title='bbox 1110 2076 1340 2129; x_wconf 87' lang='lat' dir='ltr'>Capitolino</span> <span class='ocrx_word' id='word_1_274' title='bbox 1370 2087 1449 2111; x_wconf 90' lang='lat' dir='ltr'>non</span> <span class='ocrx_word' id='word_1_275' title='bbox 1480 2071 1591 2110; x_wconf 77' lang='lat' dir='ltr'>fuit?</span> <span class='ocrx_word' id='word_1_276' title='bbox 1622 2071 1710 2123; x_wconf 88' lang='lat' dir='ltr'>quis</span> 
     </span>
     <span class='ocr_line' id='line_1_31' title="bbox 320 2137 1712 2198; baseline -0.011 -9"><span class='ocrx_word' id='word_1_277' title='bbox 320 2164 465 2189; x_wconf 87' lang='lat' dir='ltr'>nomen</span> <span class='ocrx_word' id='word_1_278' title='bbox 486 2163 564 2187; x_wconf 90' lang='lat' dir='ltr'>non</span> <span class='ocrx_word' id='word_1_279' title='bbox 587 2148 694 2186; x_wconf 89' lang='lat' dir='ltr'>dedit</span> <span class='ocrx_word' id='word_1_280' title='bbox 713 2148 726 2184; x_wconf 83' lang='lat'>?</span> <span class='ocrx_word' id='word_1_281' title='bbox 759 2147 999 2198; x_wconf 84' lang='lat' dir='ltr'>Qanquam</span> <span class='ocrx_word' id='word_1_282' title='bbox 1020 2157 1090 2182; x_wconf 91' lang='lat' dir='ltr'>nec</span> <span class='ocrx_word' id='word_1_283' title='bbox 1112 2143 1244 2182; x_wconf 85' lang='lat' dir='ltr'>scribae</span> <span class='ocrx_word' id='word_1_284' title='bbox 1266 2141 1454 2185; x_wconf 89' lang='lat' dir='ltr'>sufficere,</span> <span class='ocrx_word' id='word_1_285' title='bbox 1477 2151 1548 2177; x_wconf 91' lang='lat' dir='ltr'>nec</span> <span class='ocrx_word' id='word_1_286' title='bbox 1569 2137 1712 2175; x_wconf 86' lang='lat' dir='ltr'>tabulae</span> 
     </span>
     <span class='ocr_line' id='line_1_32' title="bbox 319 2201 1710 2265; baseline -0.01 -12"><span class='ocrx_word' id='word_1_287' title='bbox 319 2216 480 2255; x_wconf 90' lang='lat' dir='ltr'>nomina</span> <span class='ocrx_word' id='word_1_288' title='bbox 497 2215 660 2252; x_wconf 87' lang='lat' dir='ltr'>illorum</span> <span class='ocrx_word' id='word_1_289' title='bbox 676 2225 824 2265; x_wconf 83' lang='lat' dir='ltr'>capere,</span> <span class='ocrx_word' id='word_1_290' title='bbox 843 2219 1071 2264; x_wconf 90' lang='lat' dir='ltr'>potuerunt.</span> <span class='ocrx_word' id='word_1_291' title='bbox 1096 2209 1274 2252; x_wconf 90' lang='lat' dir='ltr'>Etenim,</span> <span class='ocrx_word' id='word_1_292' title='bbox 1292 2220 1385 2245; x_wconf 89' lang='lat' dir='ltr'>cum</span> <span class='ocrx_word' id='word_1_293' title='bbox 1401 2204 1583 2243; x_wconf 86' lang='lat' dir='ltr'>homines</span> <span class='ocrx_word' id='word_1_294' title='bbox 1601 2201 1710 2240; x_wconf 87' lang='lat' dir='ltr'>nefa·</span> 
     </span>
     <span class='ocr_line' id='line_1_33' title="bbox 320 2267 1715 2333; baseline -0.011 -14"><span class='ocrx_word' id='word_1_295' title='bbox 320 2282 368 2320; x_wconf 90' lang='lat' dir='ltr'>rii</span> <span class='ocrx_word' id='word_1_296' title='bbox 390 2281 436 2318; x_wconf 94' lang='lat' dir='ltr'>de</span> <span class='ocrx_word' id='word_1_297' title='bbox 457 2280 588 2333; x_wconf 88' lang='lat' dir='ltr'>patriae</span> <span class='ocrx_word' id='word_1_298' title='bbox 610 2277 819 2332; x_wconf 86' lang='lat' dir='ltr'>parricidio</span> <span class='ocrx_word' id='word_1_299' title='bbox 840 2276 1136 2321; x_wconf 88' lang='lat' dir='ltr'>confiterentur,</span> <span class='ocrx_word' id='word_1_300' title='bbox 1168 2273 1416 2313; x_wconf 87' lang='lat' dir='ltr'>consciorum</span> <span class='ocrx_word' id='word_1_301' title='bbox 1444 2270 1618 2314; x_wconf 89' lang='lat' dir='ltr'>indiciis,</span> <span class='ocrx_word' id='word_1_302' title='bbox 1650 2267 1715 2306; x_wconf 90' lang='lat' dir='ltr'>sua</span> 
     </span>
     <span class='ocr_line' id='line_1_34' title="bbox 321 2335 1713 2397; baseline -0.011 -12"><span class='ocrx_word' id='word_1_303' title='bbox 321 2361 456 2392; x_wconf 78' lang='lat' dir='ltr'>manu,</span> <span class='ocrx_word' id='word_1_304' title='bbox 487 2359 582 2384; x_wconf 90' lang='lat' dir='ltr'>voce</span> <span class='ocrx_word' id='word_1_305' title='bbox 603 2358 700 2397; x_wconf 89' lang='lat' dir='ltr'>pene</span> <span class='ocrx_word' id='word_1_306' title='bbox 721 2345 924 2382; x_wconf 89' lang='lat' dir='ltr'>literarum</span> <span class='ocrx_word' id='word_1_307' title='bbox 944 2343 1081 2388; x_wconf 63' lang='lat' dir='ltr'>coacti,</span> <span class='ocrx_word' id='word_1_308' title='bbox 1114 2341 1150 2379; x_wconf 90' lang='lat' dir='ltr'>se</span> <span class='ocrx_word' id='word_1_309' title='bbox 1170 2341 1310 2379; x_wconf 86' lang='lat' dir='ltr'>urbem</span> <span class='ocrx_word' id='word_1_310' title='bbox 1330 2337 1587 2380; x_wconf 86' lang='lat' dir='ltr'>inflammare,</span> <span class='ocrx_word' id='word_1_311' title='bbox 1610 2335 1713 2372; x_wconf 86' lang='lat' dir='ltr'>cives</span> 
     </span>
     <span class='ocr_line' id='line_1_35' title="bbox 321 2398 1714 2461; baseline -0.011 -9"><span class='ocrx_word' id='word_1_312' title='bbox 321 2413 543 2459; x_wconf 83' lang='lat' dir='ltr'>trucidare,</span> <span class='ocrx_word' id='word_1_313' title='bbox 574 2411 713 2451; x_wconf 82' lang='lat' dir='ltr'>vastare</span> <span class='ocrx_word' id='word_1_314' title='bbox 747 2410 928 2458; x_wconf 88' lang='lat' dir='ltr'>Italiam,</span> <span class='ocrx_word' id='word_1_315' title='bbox 959 2409 1086 2449; x_wconf 83' lang='lat' dir='ltr'>delere</span> <span class='ocrx_word' id='word_1_316' title='bbox 1115 2405 1429 2461; x_wconf 86' lang='lat' dir='ltr'>rempublicam,</span> <span class='ocrx_word' id='word_1_317' title='bbox 1461 2398 1714 2445; x_wconf 79' lang='lat' dir='ltr'>consenfiffe3</span> 
     </span>
    </p>
   </div>
  </div>
 </body>
</html>
