2076 2860
641 174 1338 213 FRAGMENTA.
1604 175 1684 228 487

291 277 455 330 quidem
476 275 734 328 impudentiae
755 276 889 314 locum
912 275 1118 328 reliquisti.
1153 276 1283 327 Qare
1303 274 1484 328 praeclara
1504 275 1687 314 dicentur

285 344 439 396 judicia
474 339 626 387 tuliffe,
664 342 689 380 fi
725 343 795 395 qui
834 341 1079 380 inficiantem
1115 343 1307 380 Luscium
1345 342 1685 388 condemnarunt,

294 410 511 447 Catilinam
531 408 769 446 absolverint
789 407 1062 447 confitentem.

347 477 384 514 Is
420 489 512 527 ergo
547 484 663 528 negat
697 475 881 527 ignarum
915 475 1002 519 effe,
1035 489 1128 513 cum
1161 475 1281 513 etiam
1316 475 1377 512 illi
1413 475 1618 528 imperitos
1651 475 1688 513 se

291 540 476 579 homines
507 541 594 586 effe,
626 549 679 586 et,
712 541 737 578 fi
770 555 890 593 quem
921 541 1040 579 etiam
1069 540 1365 586 interfecissent,
1397 541 1689 594 imperatoriae

293 607 474 645 dietatori
505 606 683 659 paruiffe,
715 607 904 646 dleerent.
949 608 1009 645 Ac
1041 621 1179 660 negare
1200 621 1359 661 quoque
1379 607 1509 659 poffe:
1545 607 1688 646 Catili-

292 686 385 710 nam
406 686 496 711 vero
516 672 683 710 inficiari
705 686 784 711 non
806 673 923 726 poffe.

349 739 468 776 Hanc
504 748 547 776 tu
582 737 702 777 habes
735 739 985 791 dignitatem,
1018 752 1093 791 qua
1125 737 1248 776 fretus
1282 752 1345 776 me
1377 738 1616 783 contemnis,
1648 752 1690 777 ac

296 804 496 857 despicis?
528 817 574 842 an
609 818 708 849 eam,
740 818 860 858 quam
883 805 1033 857 reliqua
1052 805 1132 842 vita
1158 818 1196 842 es
1219 804 1481 850 consecutus,
1513 818 1607 842 cum
1640 804 1694 841 ita

295 869 441 914 vixisti,
472 878 517 907 ut
538 883 616 907 non
638 870 728 908 esset
748 870 859 908 locus
881 880 961 908 tam
984 870 1150 915 sanctus,
1172 883 1252 922 quo
1274 883 1353 908 non
1375 864 1566 928 adventus,
1585 880 1690 914 tuuS‚

295 937 416 974 etiam
437 949 531 974 cum
552 936 669 989 culpa
690 936 799 974 nulla
819 936 997 981 subesset,
1030 937 1180 974 crimen
1202 935 1355 974 afferret
1375 937 1387 973 ?

358 1003 465 1040 Cum
505 1001 844 1055 deprehendebare
883 1003 924 1040 in
964 1002 1193 1047 adulteriis,
1236 1016 1330 1041 cum
1376 1001 1692 1055 deprehendebas

294 1067 492 1106 adulteros
521 1068 616 1120 ipse,
648 1082 742 1106 cum
770 1081 818 1106 ex
849 1068 988 1106 eodem
1019 1068 1153 1121 stupro
1185 1068 1261 1106 tibi
1293 1078 1331 1106 et
1363 1083 1542 1114 uxorem,
1574 1079 1613 1106 et
1643 1068 1692 1106 fi-

295 1133 406 1179 liam,
438 1133 635 1172 invenisti.

356 1200 509 1252 Stupris
539 1199 575 1237 se
602 1201 789 1238 omnibus
817 1214 859 1238 ac
893 1201 1052 1254 flagitiis
1081 1201 1393 1246 contaminavit,
1426 1200 1529 1239 caede
1551 1199 1697 1238 nefaria

301 1266 548 1310 cruentavit3
572 1265 738 1318 diripuit
760 1266 908 1311 socios,
942 1267 1062 1319 leges,
1085 1267 1330 1319 quaestiones,
1348 1267 1499 1318 judicia
1518 1267 1695 1305 violavit.

357 1331 469 1383 Qid
489 1345 577 1383 ego,
609 1340 653 1369 ut
675 1331 878 1370 violaveris
900 1332 1160 1384 provinciam,
1192 1332 1415 1384 praedicem,
1447 1334 1590 1370 cuncto
1622 1346 1696 1384 po-

302 1397 400 1451 pulo
421 1398 602 1435 Romano
624 1397 832 1443 clamante,
865 1412 907 1436 ac
937 1398 1160 1436 resistente?
1193 1399 1315 1443 Nam,
1348 1408 1392 1436 ut
1424 1408 1462 1436 te
1494 1398 1577 1436 illic
1611 1397 1696 1449 ges-

304 1464 410 1509 seris,
442 1477 521 1501 non
543 1463 665 1501 audeo
687 1463 829 1509 dicere,
861 1465 1050 1516 quoniam
1079 1464 1280 1502 absolutus
1310 1478 1364 1503 es.
1408 1464 1605 1502 Mentitos
1627 1464 1699 1501 effe

302 1529 454 1582 equites
489 1530 707 1573 Romanos,
740 1529 850 1567 falsas
885 1528 998 1567 fuiffe
1031 1530 1190 1567 tabellas
1223 1528 1496 1567 honestiffirnae
1528 1529 1698 1567 civitatis

304 1595 502 1638 existimo,
534 1596 749 1633 mentitum
770 1596 1066 1647 QMetellum
1100 1596 1232 1640 Pium,
1265 1596 1475 1633 mentitam
1503 1594 1696 1633 Africam.

303 1660 454 1699 Vidisse
474 1671 573 1713 puto
595 1661 724 1699 nescio
745 1661 841 1714 quid
870 1662 1147 1714 illosjudices,
1179 1662 1249 1714 qui
1282 1671 1319 1698 te
1351 1662 1604 1699 innocentem
1628 1662 1697 1712 ju-

304 1727 500 1765 dicarunt.
547 1728 583 1764 O
610 1727 725 1765 miser
744 1728 751 1765 !
785 1728 854 1780 qui
877 1741 954 1765 non
977 1727 1131 1772 sentias,
1163 1727 1235 1764 illo
1250 1727 1406 1779 judicio
1427 1736 1464 1764 te
1486 1740 1563 1764 non
1586 1726 1698 1763 abso-

306 1793 453 1838 lutum,
486 1807 621 1831 verum
643 1794 688 1831 ad
710 1793 870 1846 aliquod
891 1793 1056 1832 severius
1073 1793 1289 1846 judicium,
1322 1807 1365 1831 ac
1395 1794 1520 1845 majus
1546 1792 1698 1844 suppli-

307 1859 432 1903 cium,
464 1859 714 1897 reservatum.

364 1924 556 1962 Praetereo
585 1925 701 1962 illum
734 1924 930 1963 nefarium
957 1935 1146 1964 conatum
1176 1934 1306 1970 tuum,
1338 1934 1376 1963 et
1396 1938 1495 1978 pene
1515 1924 1701 1962 acerbum

307 1998 346 2028 et
372 1990 597 2028 luctuosum
624 1991 774 2043 populo
807 1992 991 2029 Romano
1023 1991 1144 2036 diem,
1177 2005 1285 2036 cum,
1318 1992 1396 2028 Cn.
1421 1990 1561 2029 Pisone
1581 1991 1700 2035 socio,

308 2068 434 2107 neque
455 2056 531 2093 alio
553 2057 724 2100 nemine,
757 2056 903 2093 caedem
923 2056 1163 2107 optimatum
1184 2055 1309 2094 facere
1328 2056 1500 2094 voluisti.

367 2123 433 2158 An
455 2122 603 2159 oblitus
625 2136 680 2166 es,
712 2131 749 2158 te
770 2136 816 2159 ex
839 2136 916 2166 mc,
939 2136 1030 2160 cum
1052 2132 1262 2174 proeturam
1284 2132 1520 2175 peteremus,
1553 2122 1700 2175 petiffe,

311 2195 355 2223 ut
377 2186 450 2223 tibi
472 2187 648 2238 primum
670 2186 805 2224 locum
825 2186 1081 2225 concederem
1101 2189 1114 2225 ?
1146 2188 1253 2240 quod
1283 2201 1375 2226 cum
1398 2188 1534 2240 saepius
1555 2201 1700 2240 ageres,

313 2261 350 2289 et
385 2252 656 2304 impudentius
691 2265 712 2289 a
746 2266 808 2290 mc
842 2253 1123 2299 contenderes,
1166 2255 1380 2292 meministi
1416 2269 1480 2292 me
1515 2254 1590 2292 tibi
1625 2254 1702 2292 res-

312 2318 497 2370 pondere,
530 2317 781 2370 impudenter
815 2327 852 2356 te
886 2318 1034 2364 facere,
1067 2320 1136 2372 qui
1168 2320 1209 2358 id
1239 2333 1260 2357 a
1292 2334 1355 2358 me
1389 2330 1563 2373 peteres,
1595 2319 1703 2372 quod

310 2384 527 2422 avunculus
561 2397 764 2435 nunquam
796 2385 1064 2436 impetrasset?
1106 2386 1246 2424 Nescis
1278 2400 1341 2424 me
1373 2396 1580 2438 praetorem
1619 2386 1702 2437 pri-

313 2463 426 2488 mum
447 2449 519 2488 effe
540 2448 703 2494 factum,
736 2459 773 2487 te
803 2450 1044 2489 concessione
1074 2451 1398 2504 competitorum,
1430 2460 1467 2489 et
1494 2450 1703 2489 collatione
