<?xml version="1.0" encoding="UTF-8"?>
<!DOCTYPE html PUBLIC "-//W3C//DTD XHTML 1.0 Transitional//EN"
    "http://www.w3.org/TR/xhtml1/DTD/xhtml1-transitional.dtd">
<html xmlns="http://www.w3.org/1999/xhtml" xml:lang="en" lang="en">
 <head>
  <title>
</title>
<meta http-equiv="Content-Type" content="text/html;charset=utf-8" />
  <meta name='ocr-system' content='tesseract 3.04.00' />
  <meta name='ocr-capabilities' content='ocr_page ocr_carea ocr_par ocr_line ocrx_word'/>
</head>
<body>
  <div class='ocr_page' id='page_1' title='image "./operacumindicibu06ciceuoft_0332.png"; bbox 0 0 2076 2860; ppageno 0'>
   <div class='ocr_carea' id='block_1_1' title="bbox 458 166 1503 224">
    <p class='ocr_par' dir='ltr' id='par_1_1' title="bbox 458 166 1503 224">
     <span class='ocr_line' id='line_1_1' title="bbox 458 166 1503 224; baseline -0.004 -14"><span class='ocrx_word' id='word_1_1' title='bbox 458 183 534 224; x_wconf 84' lang='lat'>322</span> <span class='ocrx_word' id='word_1_2' title='bbox 811 169 888 206; x_wconf 90' lang='lat' dir='ltr'>IN</span> <span class='ocrx_word' id='word_1_3' title='bbox 947 167 1014 205; x_wconf 89' lang='lat' dir='ltr'>M.</span> <span class='ocrx_word' id='word_1_4' title='bbox 1074 166 1503 206; x_wconf 89' lang='lat' dir='ltr'><strong>ANTONIUM</strong></span> 
     </span>
    </p>
   </div>
   <div class='ocr_carea' id='block_1_2' title="bbox 437 269 1858 2519">
    <p class='ocr_par' dir='ltr' id='par_1_2' title="bbox 453 269 1858 654">
     <span class='ocr_line' id='line_1_2' title="bbox 456 269 1855 322; baseline -0.002 -10"><span class='ocrx_word' id='word_1_5' title='bbox 456 273 520 311; x_wconf 91' lang='lat' dir='ltr'>M.</span> <span class='ocrx_word' id='word_1_6' title='bbox 547 273 715 311; x_wconf 82' lang='lat' dir='ltr'>Brutum</span> <span class='ocrx_word' id='word_1_7' title='bbox 747 269 1026 322; x_wconf 78' lang='lat' dir='ltr'>proconsulem</span> <span class='ocrx_word' id='word_1_8' title='bbox 1059 269 1104 306; x_wconf 89' lang='lat' dir='ltr'>fit</span> <span class='ocrx_word' id='word_1_9' title='bbox 1136 270 1254 307; x_wconf 89' lang='lat' dir='ltr'>Creta</span> <span class='ocrx_word' id='word_1_10' title='bbox 1283 269 1501 321; x_wconf 86' lang='lat' dir='ltr'>provincia.</span> <span class='ocrx_word' id='word_1_11' title='bbox 1540 270 1607 308; x_wconf 90' lang='lat' dir='ltr'>Tu</span> <span class='ocrx_word' id='word_1_12' title='bbox 1638 269 1784 309; x_wconf 86' lang='lat' dir='ltr'>mentis</span> <span class='ocrx_word' id='word_1_13' title='bbox 1816 284 1855 309; x_wconf 86' lang='lat' dir='ltr'>es</span> 
     </span>
     <span class='ocr_line' id='line_1_3' title="bbox 456 335 1858 391; baseline -0.002 -13"><span class='ocrx_word' id='word_1_14' title='bbox 456 339 647 391; x_wconf 89' lang='lat' dir='ltr'>compos?</span> <span class='ocrx_word' id='word_1_15' title='bbox 673 346 714 375; x_wconf 87' lang='lat' dir='ltr'>tu</span> <span class='ocrx_word' id='word_1_16' title='bbox 737 350 815 374; x_wconf 90' lang='lat' dir='ltr'>non</span> <span class='ocrx_word' id='word_1_17' title='bbox 834 335 1186 388; x_wconf 82' lang='lat' dir='ltr'>constringendus?</span> <span class='ocrx_word' id='word_1_18' title='bbox 1210 350 1256 374; x_wconf 90' lang='lat' dir='ltr'>an</span> <span class='ocrx_word' id='word_1_19' title='bbox 1281 336 1439 374; x_wconf 87' lang='lat' dir='ltr'>Caesaris</span> <span class='ocrx_word' id='word_1_20' title='bbox 1461 336 1618 375; x_wconf 88' lang='lat' dir='ltr'>decreto</span> <span class='ocrx_word' id='word_1_21' title='bbox 1636 338 1754 375; x_wconf 87' lang='lat' dir='ltr'>Creta</span> <span class='ocrx_word' id='word_1_22' title='bbox 1773 337 1858 390; x_wconf 91' lang='lat' dir='ltr'>post</span> 
     </span>
     <span class='ocr_line' id='line_1_4' title="bbox 456 402 1855 455; baseline -0.001 -11"><span class='ocrx_word' id='word_1_23' title='bbox 456 407 521 444; x_wconf 88' lang='grc' dir='ltr'>Μ.</span> <span class='ocrx_word' id='word_1_24' title='bbox 542 404 655 443; x_wconf 81' lang='lat' dir='ltr'>Bruti</span> <span class='ocrx_word' id='word_1_25' title='bbox 677 403 872 441; x_wconf 84' lang='lat' dir='ltr'>deceffum</span> <span class='ocrx_word' id='word_1_26' title='bbox 889 403 1022 455; x_wconf 90' lang='lat' dir='ltr'>potuit</span> <span class='ocrx_word' id='word_1_27' title='bbox 1043 403 1215 448; x_wconf 89' lang='lat' dir='ltr'>liberari,</span> <span class='ocrx_word' id='word_1_28' title='bbox 1234 417 1328 440; x_wconf 88' lang='lat' dir='ltr'>cum</span> <span class='ocrx_word' id='word_1_29' title='bbox 1347 404 1464 441; x_wconf 86' lang='lat' dir='ltr'>Creta</span> <span class='ocrx_word' id='word_1_30' title='bbox 1480 402 1582 441; x_wconf 85' lang='lat' dir='ltr'>nihil</span> <span class='ocrx_word' id='word_1_31' title='bbox 1600 404 1646 441; x_wconf 92' lang='lat' dir='ltr'>ad</span> <span class='ocrx_word' id='word_1_32' title='bbox 1669 405 1855 449; x_wconf 86' lang='lat' dir='ltr'><strong>Brutum,</strong></span> 
     </span>
     <span class='ocr_line' id='line_1_5' title="bbox 456 468 1856 523; baseline -0.001 -13"><span class='ocrx_word' id='word_1_33' title='bbox 456 472 605 510; x_wconf 82' lang='lat' dir='ltr'>Caesare</span> <span class='ocrx_word' id='word_1_34' title='bbox 626 470 730 514; x_wconf 86' lang='lat' dir='ltr'>vivo,</span> <span class='ocrx_word' id='word_1_35' title='bbox 753 470 994 522; x_wconf 83' lang='lat' dir='ltr'>pertineret?</span> <span class='ocrx_word' id='word_1_36' title='bbox 1027 470 1082 507; x_wconf 90' lang='lat' dir='ltr'>At</span> <span class='ocrx_word' id='word_1_37' title='bbox 1103 468 1222 521; x_wconf 82' lang='lat' dir='ltr'>hujus</span> <span class='ocrx_word' id='word_1_38' title='bbox 1246 469 1473 508; x_wconf 85' lang='lat' dir='ltr'>venditione</span> <span class='ocrx_word' id='word_1_39' title='bbox 1494 470 1641 508; x_wconf 85' lang='lat' dir='ltr'>decreti</span> <span class='ocrx_word' id='word_1_40' title='bbox 1666 472 1732 523; x_wconf 91' lang='lat' dir='ltr'>(ne</span> <span class='ocrx_word' id='word_1_41' title='bbox 1753 468 1856 508; x_wconf 89' lang='lat' dir='ltr'>nihil</span> 
     </span>
     <span class='ocr_line' id='line_1_6' title="bbox 453 535 1858 589; baseline -0.001 -14"><span class='ocrx_word' id='word_1_42' title='bbox 453 539 585 575; x_wconf 64' lang='lat' dir='ltr'>actum</span> <span class='ocrx_word' id='word_1_43' title='bbox 606 535 775 589; x_wconf 85' lang='lat' dir='ltr'>putetis)</span> <span class='ocrx_word' id='word_1_44' title='bbox 799 536 1045 588; x_wconf 86' lang='lat' dir='ltr'>provinciam</span> <span class='ocrx_word' id='word_1_45' title='bbox 1069 536 1227 573; x_wconf 86' lang='lat' dir='ltr'>Cretam</span> <span class='ocrx_word' id='word_1_46' title='bbox 1250 535 1486 588; x_wconf 89' lang='lat' dir='ltr'>perdidistis.</span> <span class='ocrx_word' id='word_1_47' title='bbox 1533 537 1715 574; x_wconf 83' lang='lat' dir='ltr'>Omnino</span> <span class='ocrx_word' id='word_1_48' title='bbox 1740 550 1858 574; x_wconf 88' lang='lat' dir='ltr'>nemo</span> 
     </span>
     <span class='ocr_line' id='line_1_7' title="bbox 454 600 1538 654; baseline -0.001 -13"><span class='ocrx_word' id='word_1_49' title='bbox 454 603 576 641; x_wconf 85' lang='lat' dir='ltr'>ullius</span> <span class='ocrx_word' id='word_1_50' title='bbox 598 603 653 640; x_wconf 90' lang='lat' dir='ltr'>rei</span> <span class='ocrx_word' id='word_1_51' title='bbox 674 601 753 640; x_wconf 87' lang='lat' dir='ltr'>fuit</span> <span class='ocrx_word' id='word_1_52' title='bbox 773 611 945 654; x_wconf 84' lang='lat' dir='ltr'>emptor,</span> <span class='ocrx_word' id='word_1_53' title='bbox 977 601 1043 639; x_wconf 88' lang='lat' dir='ltr'>cui</span> <span class='ocrx_word' id='word_1_54' title='bbox 1065 600 1234 639; x_wconf 89' lang='lat' dir='ltr'>defuerit</span> <span class='ocrx_word' id='word_1_55' title='bbox 1255 600 1322 639; x_wconf 92' lang='lat' dir='ltr'>hic</span> <span class='ocrx_word' id='word_1_56' title='bbox 1345 601 1538 640; x_wconf 85' lang='lat' dir='ltr'>venditor.</span> 
     </span>
    </p>

    <p class='ocr_par' dir='ltr' id='par_1_3' title="bbox 451 667 1855 1253">
     <span class='ocr_line' id='line_1_8' title="bbox 511 667 1854 720; baseline -0.001 -13"><span class='ocrx_word' id='word_1_57' title='bbox 511 671 566 707; x_wconf 89' lang='lat' dir='ltr'>Et</span> <span class='ocrx_word' id='word_1_58' title='bbox 598 669 646 706; x_wconf 90' lang='lat' dir='ltr'>de</span> <span class='ocrx_word' id='word_1_59' title='bbox 677 668 862 706; x_wconf 82' lang='lat' dir='ltr'>exulibus</span> <span class='ocrx_word' id='word_1_60' title='bbox 896 668 1041 720; x_wconf 85' lang='lat' dir='ltr'>legem,</span> <span class='ocrx_word' id='word_1_61' title='bbox 1073 681 1193 720; x_wconf 89' lang='lat' dir='ltr'>quam</span> <span class='ocrx_word' id='word_1_62' title='bbox 1215 667 1349 712; x_wconf 85' lang='lat' dir='ltr'>fixisti,</span> <span class='ocrx_word' id='word_1_63' title='bbox 1383 667 1508 705; x_wconf 85' lang='lat' dir='ltr'>Caesar</span> <span class='ocrx_word' id='word_1_64' title='bbox 1529 667 1655 706; x_wconf 88' lang='lat' dir='ltr'>tulit?</span> <span class='ocrx_word' id='word_1_65' title='bbox 1688 667 1854 706; x_wconf 84' lang='lat' dir='ltr'>Nullius</span> 
     </span>
     <span class='ocr_line' id='line_1_9' title="bbox 454 734 1855 787; baseline -0.001 -13"><span class='ocrx_word' id='word_1_66' title='bbox 454 736 620 774; x_wconf 61' lang='lat' dir='ltr'>insector</span> <span class='ocrx_word' id='word_1_67' title='bbox 641 735 905 773; x_wconf 82' lang='lat' dir='ltr'>calamitatem</span> <span class='ocrx_word' id='word_1_68' title='bbox 923 750 930 773; x_wconf 81' lang='lat' dir='ltr'><strong><em>z</em></strong></span> <span class='ocrx_word' id='word_1_69' title='bbox 966 744 1122 773; x_wconf 85' lang='lat' dir='ltr'>tantum</span> <span class='ocrx_word' id='word_1_70' title='bbox 1144 748 1300 787; x_wconf 90' lang='lat' dir='ltr'>queror,</span> <span class='ocrx_word' id='word_1_71' title='bbox 1333 734 1525 787; x_wconf 88' lang='lat' dir='ltr'>primum,</span> <span class='ocrx_word' id='word_1_72' title='bbox 1548 748 1686 773; x_wconf 90' lang='lat' dir='ltr'>eorum</span> <span class='ocrx_word' id='word_1_73' title='bbox 1707 734 1855 773; x_wconf 86' lang='lat' dir='ltr'>reditus</span> 
     </span>
     <span class='ocr_line' id='line_1_10' title="bbox 451 800 1852 855; baseline -0.001 -15"><span class='ocrx_word' id='word_1_74' title='bbox 451 802 682 855; x_wconf 82' lang='lat' dir='ltr'>inquinatos</span> <span class='ocrx_word' id='word_1_75' title='bbox 698 832 709 847; x_wconf 87' lang='lat'>,</span> <span class='ocrx_word' id='word_1_76' title='bbox 754 816 926 855; x_wconf 89' lang='lat' dir='ltr'>quorum</span> <span class='ocrx_word' id='word_1_77' title='bbox 966 802 1120 839; x_wconf 87' lang='lat' dir='ltr'>causam</span> <span class='ocrx_word' id='word_1_78' title='bbox 1161 801 1388 839; x_wconf 74' lang='lat' dir='ltr'>diffimilem</span> <span class='ocrx_word' id='word_1_79' title='bbox 1428 801 1554 839; x_wconf 83' lang='lat' dir='ltr'>Caesar</span> <span class='ocrx_word' id='word_1_80' title='bbox 1586 800 1824 854; x_wconf 84' lang='lat' dir='ltr'>judicaverit</span> <span class='ocrx_word' id='word_1_81' title='bbox 1842 817 1852 840; x_wconf 91' lang='lat'>:</span> 
     </span>
     <span class='ocr_line' id='line_1_11' title="bbox 453 868 1854 921; baseline -0.001 -14"><span class='ocrx_word' id='word_1_82' title='bbox 453 868 610 914; x_wconf 87' lang='lat' dir='ltr'>deinde,</span> <span class='ocrx_word' id='word_1_83' title='bbox 635 869 764 906; x_wconf 89' lang='lat' dir='ltr'>nescio</span> <span class='ocrx_word' id='word_1_84' title='bbox 785 882 855 906; x_wconf 89' lang='lat' dir='ltr'>cur</span> <span class='ocrx_word' id='word_1_85' title='bbox 876 868 1039 920; x_wconf 83' lang='lat' dir='ltr'>reliquis</span> <span class='ocrx_word' id='word_1_86' title='bbox 1062 868 1168 906; x_wconf 83' lang='lat' dir='ltr'>idem</span> <span class='ocrx_word' id='word_1_87' title='bbox 1189 881 1268 906; x_wconf 93' lang='lat' dir='ltr'>non</span> <span class='ocrx_word' id='word_1_88' title='bbox 1292 868 1464 906; x_wconf 86' lang='lat' dir='ltr'>tribuas:</span> <span class='ocrx_word' id='word_1_89' title='bbox 1488 882 1617 921; x_wconf 90' lang='lat' dir='ltr'>neque</span> <span class='ocrx_word' id='word_1_90' title='bbox 1636 868 1744 906; x_wconf 90' lang='lat' dir='ltr'>enim</span> <span class='ocrx_word' id='word_1_91' title='bbox 1764 868 1854 921; x_wconf 88' lang='lat' dir='ltr'>plus</span> 
     </span>
     <span class='ocr_line' id='line_1_12' title="bbox 451 934 1855 988; baseline -0.001 -15"><span class='ocrx_word' id='word_1_92' title='bbox 451 949 574 988; x_wconf 87' lang='lat' dir='ltr'>quam</span> <span class='ocrx_word' id='word_1_93' title='bbox 596 944 687 979; x_wconf 91' lang='lat' dir='ltr'>tres,</span> <span class='ocrx_word' id='word_1_94' title='bbox 720 944 786 972; x_wconf 89' lang='lat' dir='ltr'>aut</span> <span class='ocrx_word' id='word_1_95' title='bbox 808 943 990 987; x_wconf 85' lang='lat' dir='ltr'>quatuor,</span> <span class='ocrx_word' id='word_1_96' title='bbox 1023 934 1167 987; x_wconf 87' lang='lat' dir='ltr'>reliqui</span> <span class='ocrx_word' id='word_1_97' title='bbox 1189 934 1292 972; x_wconf 89' lang='lat' dir='ltr'>sunt.</span> <span class='ocrx_word' id='word_1_98' title='bbox 1327 934 1410 986; x_wconf 84' lang='lat' dir='ltr'>Qi</span> <span class='ocrx_word' id='word_1_99' title='bbox 1432 934 1550 972; x_wconf 82' lang='lat' dir='ltr'>simili</span> <span class='ocrx_word' id='word_1_100' title='bbox 1571 935 1613 972; x_wconf 90' lang='lat' dir='ltr'>in</span> <span class='ocrx_word' id='word_1_101' title='bbox 1634 934 1855 973; x_wconf 85' lang='lat' dir='ltr'>calamitate</span> 
     </span>
     <span class='ocr_line' id='line_1_13' title="bbox 453 999 1854 1047; baseline -0.001 -7"><span class='ocrx_word' id='word_1_102' title='bbox 453 1002 544 1047; x_wconf 86' lang='lat' dir='ltr'>fint,</span> <span class='ocrx_word' id='word_1_103' title='bbox 576 1015 646 1040; x_wconf 90' lang='lat' dir='ltr'>cur</span> <span class='ocrx_word' id='word_1_104' title='bbox 677 1010 742 1039; x_wconf 87' lang='lat' dir='ltr'>tua</span> <span class='ocrx_word' id='word_1_105' title='bbox 768 1000 1034 1038; x_wconf 79' lang='lat' dir='ltr'>misericordia</span> <span class='ocrx_word' id='word_1_106' title='bbox 1064 1000 1183 1038; x_wconf 81' lang='lat' dir='ltr'>simili</span> <span class='ocrx_word' id='word_1_107' title='bbox 1205 1014 1284 1038; x_wconf 89' lang='lat' dir='ltr'>non</span> <span class='ocrx_word' id='word_1_108' title='bbox 1306 999 1494 1038; x_wconf 89' lang='lat' dir='ltr'>fruuntur</span> <span class='ocrx_word' id='word_1_109' title='bbox 1513 1002 1526 1038; x_wconf 84' lang='lat'>?</span> <span class='ocrx_word' id='word_1_110' title='bbox 1558 1014 1629 1038; x_wconf 88' lang='lat' dir='ltr'>cur</span> <span class='ocrx_word' id='word_1_111' title='bbox 1649 1014 1713 1039; x_wconf 89' lang='lat' dir='ltr'>eos</span> <span class='ocrx_word' id='word_1_112' title='bbox 1735 999 1854 1038; x_wconf 88' lang='lat' dir='ltr'>habes</span> 
     </span>
     <span class='ocr_line' id='line_1_14' title="bbox 452 1065 1852 1121; baseline -0.001 -15"><span class='ocrx_word' id='word_1_113' title='bbox 452 1068 495 1106; x_wconf 90' lang='lat' dir='ltr'>in</span> <span class='ocrx_word' id='word_1_114' title='bbox 516 1068 606 1106; x_wconf 93' lang='lat' dir='ltr'>loco</span> <span class='ocrx_word' id='word_1_115' title='bbox 626 1068 783 1121; x_wconf 83' lang='lat' dir='ltr'>patrui?</span> <span class='ocrx_word' id='word_1_116' title='bbox 816 1066 862 1104; x_wconf 89' lang='lat' dir='ltr'>de</span> <span class='ocrx_word' id='word_1_117' title='bbox 884 1081 964 1119; x_wconf 89' lang='lat' dir='ltr'>quo</span> <span class='ocrx_word' id='word_1_118' title='bbox 984 1066 1099 1111; x_wconf 85' lang='lat' dir='ltr'>ferre,</span> <span class='ocrx_word' id='word_1_119' title='bbox 1131 1081 1224 1104; x_wconf 90' lang='lat' dir='ltr'>cum</span> <span class='ocrx_word' id='word_1_120' title='bbox 1247 1067 1293 1104; x_wconf 91' lang='lat' dir='ltr'>de</span> <span class='ocrx_word' id='word_1_121' title='bbox 1314 1067 1479 1119; x_wconf 88' lang='lat' dir='ltr'>reliquis</span> <span class='ocrx_word' id='word_1_122' title='bbox 1500 1066 1635 1112; x_wconf 88' lang='lat' dir='ltr'>ferres,</span> <span class='ocrx_word' id='word_1_123' title='bbox 1667 1065 1852 1105; x_wconf 83' lang='lat' dir='ltr'>noluisti:</span> 
     </span>
     <span class='ocr_line' id='line_1_15' title="bbox 451 1132 1853 1187; baseline -0.002 -14"><span class='ocrx_word' id='word_1_124' title='bbox 451 1149 574 1187; x_wconf 90' lang='lat' dir='ltr'>quem</span> <span class='ocrx_word' id='word_1_125' title='bbox 599 1135 718 1172; x_wconf 88' lang='lat' dir='ltr'>etiam</span> <span class='ocrx_word' id='word_1_126' title='bbox 740 1133 786 1171; x_wconf 88' lang='lat' dir='ltr'>ad</span> <span class='ocrx_word' id='word_1_127' title='bbox 807 1133 1010 1171; x_wconf 79' lang='lat' dir='ltr'>censuram</span> <span class='ocrx_word' id='word_1_128' title='bbox 1030 1132 1239 1185; x_wconf 89' lang='lat' dir='ltr'>petendam</span> <span class='ocrx_word' id='word_1_129' title='bbox 1262 1132 1470 1185; x_wconf 87' lang='lat' dir='ltr'>impulisti,</span> <span class='ocrx_word' id='word_1_130' title='bbox 1503 1146 1667 1186; x_wconf 86' lang='lat' dir='ltr'>eamque</span> <span class='ocrx_word' id='word_1_131' title='bbox 1688 1132 1853 1186; x_wconf 87' lang='lat' dir='ltr'>petitio-</span> 
     </span>
     <span class='ocr_line' id='line_1_16' title="bbox 452 1198 1852 1253; baseline -0.001 -14"><span class='ocrx_word' id='word_1_132' title='bbox 452 1214 545 1239; x_wconf 86' lang='lat' dir='ltr'>nem</span> <span class='ocrx_word' id='word_1_133' title='bbox 566 1199 812 1253; x_wconf 82' lang='lat' dir='ltr'>comparasti,</span> <span class='ocrx_word' id='word_1_134' title='bbox 844 1213 929 1252; x_wconf 87' lang='lat' dir='ltr'>quae</span> <span class='ocrx_word' id='word_1_135' title='bbox 951 1208 989 1237; x_wconf 89' lang='lat' dir='ltr'>et</span> <span class='ocrx_word' id='word_1_136' title='bbox 1011 1198 1107 1236; x_wconf 87' lang='lat' dir='ltr'>risus</span> <span class='ocrx_word' id='word_1_137' title='bbox 1128 1198 1356 1244; x_wconf 88' lang='lat' dir='ltr'>hominum,</span> <span class='ocrx_word' id='word_1_138' title='bbox 1380 1208 1419 1237; x_wconf 89' lang='lat' dir='ltr'>et</span> <span class='ocrx_word' id='word_1_139' title='bbox 1439 1199 1630 1251; x_wconf 83' lang='lat' dir='ltr'>querelas,</span> <span class='ocrx_word' id='word_1_140' title='bbox 1662 1208 1852 1238; x_wconf 87' lang='lat' dir='ltr'>moveret.</span> 
     </span>
    </p>

    <p class='ocr_par' dir='ltr' id='par_1_4' title="bbox 446 1263 1854 2317">
     <span class='ocr_line' id='line_1_17' title="bbox 510 1263 1852 1317; baseline -0.001 -12"><span class='ocrx_word' id='word_1_141' title='bbox 510 1268 594 1305; x_wconf 89' lang='lat' dir='ltr'>Cur</span> <span class='ocrx_word' id='word_1_142' title='bbox 615 1276 746 1304; x_wconf 87' lang='lat' dir='ltr'>autem</span> <span class='ocrx_word' id='word_1_143' title='bbox 767 1279 810 1303; x_wconf 88' lang='lat' dir='ltr'>ea</span> <span class='ocrx_word' id='word_1_144' title='bbox 830 1265 994 1303; x_wconf 86' lang='lat' dir='ltr'>comitia</span> <span class='ocrx_word' id='word_1_145' title='bbox 1014 1279 1093 1303; x_wconf 90' lang='lat' dir='ltr'>non</span> <span class='ocrx_word' id='word_1_146' title='bbox 1110 1263 1308 1303; x_wconf 85' lang='lat' dir='ltr'>habuisti?</span> <span class='ocrx_word' id='word_1_147' title='bbox 1331 1266 1395 1302; x_wconf 91' lang='lat' dir='ltr'>An</span> <span class='ocrx_word' id='word_1_148' title='bbox 1414 1264 1507 1316; x_wconf 87' lang='lat' dir='ltr'>quia</span> <span class='ocrx_word' id='word_1_149' title='bbox 1523 1264 1707 1302; x_wconf 88' lang='lat' dir='ltr'>tribunus</span> <span class='ocrx_word' id='word_1_150' title='bbox 1725 1264 1852 1317; x_wconf 90' lang='lat' dir='ltr'>plebis</span> 
     </span>
     <span class='ocr_line' id='line_1_18' title="bbox 451 1330 1853 1383; baseline -0.001 -11"><span class='ocrx_word' id='word_1_151' title='bbox 451 1334 650 1372; x_wconf 82' lang='lat' dir='ltr'>sinistrum</span> <span class='ocrx_word' id='word_1_152' title='bbox 671 1332 826 1371; x_wconf 86' lang='lat' dir='ltr'>fulmen</span> <span class='ocrx_word' id='word_1_153' title='bbox 848 1332 1086 1370; x_wconf 82' lang='lat' dir='ltr'>nuntiabat?</span> <span class='ocrx_word' id='word_1_154' title='bbox 1110 1332 1218 1369; x_wconf 90' lang='lat' dir='ltr'>Cum</span> <span class='ocrx_word' id='word_1_155' title='bbox 1239 1341 1306 1369; x_wconf 85' lang='lat' dir='ltr'>tua</span> <span class='ocrx_word' id='word_1_156' title='bbox 1327 1330 1424 1383; x_wconf 90' lang='lat' dir='ltr'>quid</span> <span class='ocrx_word' id='word_1_157' title='bbox 1444 1331 1617 1376; x_wconf 88' lang='lat' dir='ltr'>interest,</span> <span class='ocrx_word' id='word_1_158' title='bbox 1636 1330 1746 1369; x_wconf 87' lang='lat' dir='ltr'>nulla</span> <span class='ocrx_word' id='word_1_159' title='bbox 1765 1331 1853 1370; x_wconf 89' lang='lat' dir='ltr'>aus-</span> 
     </span>
     <span class='ocr_line' id='line_1_19' title="bbox 452 1397 1854 1454; baseline -0.001 -15"><span class='ocrx_word' id='word_1_160' title='bbox 452 1401 558 1454; x_wconf 88' lang='lat' dir='ltr'>picia</span> <span class='ocrx_word' id='word_1_161' title='bbox 577 1401 691 1446; x_wconf 79' lang='lat' dir='ltr'>sunt3</span> <span class='ocrx_word' id='word_1_162' title='bbox 715 1414 810 1438; x_wconf 92' lang='lat' dir='ltr'>cum</span> <span class='ocrx_word' id='word_1_163' title='bbox 831 1408 1008 1443; x_wconf 91' lang='lat' dir='ltr'>tuorum,</span> <span class='ocrx_word' id='word_1_164' title='bbox 1032 1408 1120 1436; x_wconf 90' lang='lat' dir='ltr'>tum</span> <span class='ocrx_word' id='word_1_165' title='bbox 1142 1398 1188 1436; x_wconf 90' lang='lat' dir='ltr'>fis</span> <span class='ocrx_word' id='word_1_166' title='bbox 1210 1398 1430 1450; x_wconf 86' lang='lat' dir='ltr'>religiosus.</span> <span class='ocrx_word' id='word_1_167' title='bbox 1459 1397 1597 1449; x_wconf 85' lang='lat' dir='ltr'>Qid?</span> <span class='ocrx_word' id='word_1_168' title='bbox 1620 1397 1791 1436; x_wconf 90' lang='lat' dir='ltr'>eundem</span> <span class='ocrx_word' id='word_1_169' title='bbox 1810 1398 1854 1437; x_wconf 91' lang='lat' dir='ltr'>in</span> 
     </span>
     <span class='ocr_line' id='line_1_20' title="bbox 450 1464 1851 1520; baseline -0.001 -15"><span class='ocrx_word' id='word_1_170' title='bbox 450 1466 730 1520; x_wconf 83' lang='lat' dir='ltr'>septemviratu</span> <span class='ocrx_word' id='word_1_171' title='bbox 747 1479 878 1504; x_wconf 88' lang='lat' dir='ltr'>nonne</span> <span class='ocrx_word' id='word_1_172' title='bbox 894 1464 1128 1503; x_wconf 87' lang='lat' dir='ltr'>destituisti?</span> <span class='ocrx_word' id='word_1_173' title='bbox 1147 1464 1365 1503; x_wconf 87' lang='lat' dir='ltr'>Intervenit</span> <span class='ocrx_word' id='word_1_174' title='bbox 1381 1465 1504 1502; x_wconf 89' lang='lat' dir='ltr'>enim.</span> <span class='ocrx_word' id='word_1_175' title='bbox 1524 1464 1635 1515; x_wconf 86' lang='lat' dir='ltr'>Qid</span> <span class='ocrx_word' id='word_1_176' title='bbox 1650 1464 1851 1503; x_wconf 88' lang='lat' dir='ltr'>metuisti?</span> 
     </span>
     <span class='ocr_line' id='line_1_21' title="bbox 446 1531 1852 1585; baseline -0.003 -13"><span class='ocrx_word' id='word_1_177' title='bbox 446 1534 582 1579; x_wconf 76' lang='lat' dir='ltr'>credo,</span> <span class='ocrx_word' id='word_1_178' title='bbox 615 1547 662 1571; x_wconf 91' lang='lat' dir='ltr'>ne</span> <span class='ocrx_word' id='word_1_179' title='bbox 683 1533 787 1571; x_wconf 87' lang='lat' dir='ltr'>salvo</span> <span class='ocrx_word' id='word_1_180' title='bbox 808 1532 936 1585; x_wconf 86' lang='lat' dir='ltr'>capite</span> <span class='ocrx_word' id='word_1_181' title='bbox 957 1545 1096 1584; x_wconf 86' lang='lat' dir='ltr'>negare</span> <span class='ocrx_word' id='word_1_182' title='bbox 1117 1545 1196 1569; x_wconf 90' lang='lat' dir='ltr'>non</span> <span class='ocrx_word' id='word_1_183' title='bbox 1219 1531 1357 1584; x_wconf 76' lang='lat' dir='ltr'>poffes.</span> <span class='ocrx_word' id='word_1_184' title='bbox 1397 1531 1600 1569; x_wconf 85' lang='lat' dir='ltr'>Omnibus</span> <span class='ocrx_word' id='word_1_185' title='bbox 1630 1545 1723 1569; x_wconf 90' lang='lat' dir='ltr'>eum</span> <span class='ocrx_word' id='word_1_186' title='bbox 1753 1544 1852 1568; x_wconf 88' lang='lat' dir='ltr'>con-</span> 
     </span>
     <span class='ocr_line' id='line_1_22' title="bbox 448 1596 1849 1651; baseline -0.003 -13"><span class='ocrx_word' id='word_1_187' title='bbox 448 1600 626 1638; x_wconf 87' lang='lat' dir='ltr'>tumeliis</span> <span class='ocrx_word' id='word_1_188' title='bbox 658 1599 837 1644; x_wconf 89' lang='lat' dir='ltr'>onerasti,</span> <span class='ocrx_word' id='word_1_189' title='bbox 870 1612 990 1651; x_wconf 90' lang='lat' dir='ltr'>quem</span> <span class='ocrx_word' id='word_1_190' title='bbox 1020 1598 1141 1651; x_wconf 88' lang='lat' dir='ltr'>patris</span> <span class='ocrx_word' id='word_1_191' title='bbox 1172 1598 1277 1642; x_wconf 92' lang='lat' dir='ltr'>loco,</span> <span class='ocrx_word' id='word_1_192' title='bbox 1310 1598 1336 1636; x_wconf 90' lang='lat' dir='ltr'>fi</span> <span class='ocrx_word' id='word_1_193' title='bbox 1367 1597 1448 1635; x_wconf 89' lang='lat' dir='ltr'>ulla</span> <span class='ocrx_word' id='word_1_194' title='bbox 1476 1597 1598 1650; x_wconf 87' lang='lat' dir='ltr'>pietas</span> <span class='ocrx_word' id='word_1_195' title='bbox 1621 1597 1662 1634; x_wconf 90' lang='lat' dir='ltr'>in</span> <span class='ocrx_word' id='word_1_196' title='bbox 1685 1605 1723 1634; x_wconf 89' lang='lat' dir='ltr'>te</span> <span class='ocrx_word' id='word_1_197' title='bbox 1744 1596 1849 1642; x_wconf 70' lang='lat' dir='ltr'>efl‘et,</span> 
     </span>
     <span class='ocr_line' id='line_1_23' title="bbox 446 1662 1851 1716; baseline -0.003 -12"><span class='ocrx_word' id='word_1_198' title='bbox 446 1667 577 1704; x_wconf 88' lang='lat' dir='ltr'>colere</span> <span class='ocrx_word' id='word_1_199' title='bbox 599 1666 782 1704; x_wconf 85' lang='lat' dir='ltr'>debebas.</span> <span class='ocrx_word' id='word_1_200' title='bbox 817 1665 962 1703; x_wconf 84' lang='lat' dir='ltr'>Filiam</span> <span class='ocrx_word' id='word_1_201' title='bbox 984 1665 1083 1716; x_wconf 88' lang='lat' dir='ltr'>ejus,</span> <span class='ocrx_word' id='word_1_202' title='bbox 1116 1663 1286 1702; x_wconf 87' lang='lat' dir='ltr'>sororem</span> <span class='ocrx_word' id='word_1_203' title='bbox 1309 1672 1432 1708; x_wconf 88' lang='lat' dir='ltr'>tuam,</span> <span class='ocrx_word' id='word_1_204' title='bbox 1464 1662 1625 1715; x_wconf 87' lang='lat' dir='ltr'>ejecisti,</span> <span class='ocrx_word' id='word_1_205' title='bbox 1658 1662 1732 1700; x_wconf 89' lang='lat' dir='ltr'>alia</span> <span class='ocrx_word' id='word_1_206' title='bbox 1753 1676 1851 1700; x_wconf 84' lang='lat' dir='ltr'>con-</span> 
     </span>
     <span class='ocr_line' id='line_1_24' title="bbox 448 1728 1850 1785; baseline -0.001 -15"><span class='ocrx_word' id='word_1_207' title='bbox 448 1733 601 1770; x_wconf 88' lang='lat' dir='ltr'>ditione</span> <span class='ocrx_word' id='word_1_208' title='bbox 622 1732 793 1785; x_wconf 79' lang='lat' dir='ltr'>quaesita,</span> <span class='ocrx_word' id='word_1_209' title='bbox 811 1741 849 1769; x_wconf 91' lang='lat' dir='ltr'>et</span> <span class='ocrx_word' id='word_1_210' title='bbox 866 1740 955 1769; x_wconf 89' lang='lat' dir='ltr'>ante</span> <span class='ocrx_word' id='word_1_211' title='bbox 975 1730 1185 1783; x_wconf 68' lang='lat' dir='ltr'>perspecta.</span> <span class='ocrx_word' id='word_1_212' title='bbox 1210 1731 1306 1769; x_wconf 88' lang='lat' dir='ltr'>Non</span> <span class='ocrx_word' id='word_1_213' title='bbox 1323 1729 1376 1768; x_wconf 88' lang='lat' dir='ltr'>est</span> <span class='ocrx_word' id='word_1_214' title='bbox 1393 1729 1502 1768; x_wconf 77' lang='lat' dir='ltr'>satis:</span> <span class='ocrx_word' id='word_1_215' title='bbox 1527 1729 1662 1782; x_wconf 86' lang='lat' dir='ltr'>probri</span> <span class='ocrx_word' id='word_1_216' title='bbox 1683 1728 1850 1768; x_wconf 88' lang='lat' dir='ltr'>infimu-</span> 
     </span>
     <span class='ocr_line' id='line_1_25' title="bbox 449 1796 1850 1852; baseline -0.001 -16"><span class='ocrx_word' id='word_1_217' title='bbox 449 1799 534 1836; x_wconf 83' lang='lat' dir='ltr'>lasti</span> <span class='ocrx_word' id='word_1_218' title='bbox 555 1799 845 1852; x_wconf 78' lang='lat' dir='ltr'>pudicissimam</span> <span class='ocrx_word' id='word_1_219' title='bbox 866 1796 1089 1835; x_wconf 66' lang='lat' dir='ltr'>foeminam.</span> <span class='ocrx_word' id='word_1_220' title='bbox 1115 1797 1226 1848; x_wconf 86' lang='lat' dir='ltr'>Qid</span> <span class='ocrx_word' id='word_1_221' title='bbox 1247 1796 1314 1841; x_wconf 90' lang='lat' dir='ltr'>est,</span> <span class='ocrx_word' id='word_1_222' title='bbox 1333 1796 1439 1848; x_wconf 84' lang='lat' dir='ltr'>quod</span> <span class='ocrx_word' id='word_1_223' title='bbox 1462 1796 1550 1834; x_wconf 89' lang='lat' dir='ltr'>addi</span> <span class='ocrx_word' id='word_1_224' title='bbox 1572 1796 1713 1848; x_wconf 84' lang='lat' dir='ltr'>pofiit?</span> <span class='ocrx_word' id='word_1_225' title='bbox 1738 1797 1850 1834; x_wconf 91' lang='lat' dir='ltr'>Con-</span> 
     </span>
     <span class='ocr_line' id='line_1_26' title="bbox 449 1862 1848 1914; baseline 0 -12"><span class='ocrx_word' id='word_1_226' title='bbox 449 1869 583 1902; x_wconf 79' lang='lat' dir='ltr'>tentus</span> <span class='ocrx_word' id='word_1_227' title='bbox 617 1878 662 1901; x_wconf 88' lang='lat' dir='ltr'>eo</span> <span class='ocrx_word' id='word_1_228' title='bbox 696 1878 774 1901; x_wconf 83' lang='lat' dir='ltr'>non</span> <span class='ocrx_word' id='word_1_229' title='bbox 807 1862 943 1900; x_wconf 81' lang='lat' dir='ltr'>fuisti:</span> <span class='ocrx_word' id='word_1_230' title='bbox 977 1862 1291 1914; x_wconf 84' lang='lat' dir='ltr'>frequentiffimo</span> <span class='ocrx_word' id='word_1_231' title='bbox 1322 1862 1454 1900; x_wconf 87' lang='lat' dir='ltr'>senatu</span> <span class='ocrx_word' id='word_1_232' title='bbox 1477 1862 1665 1900; x_wconf 84' lang='lat' dir='ltr'>Kalendis</span> <span class='ocrx_word' id='word_1_233' title='bbox 1686 1863 1848 1913; x_wconf 83' lang='lat' dir='ltr'>Januar.</span> 
     </span>
     <span class='ocr_line' id='line_1_27' title="bbox 449 1927 1849 1982; baseline -0.003 -13"><span class='ocrx_word' id='word_1_234' title='bbox 449 1931 605 1969; x_wconf 81' lang='lat' dir='ltr'>sedente</span> <span class='ocrx_word' id='word_1_235' title='bbox 626 1939 779 1982; x_wconf 83' lang='lat' dir='ltr'>patruo,</span> <span class='ocrx_word' id='word_1_236' title='bbox 812 1928 913 1967; x_wconf 76' lang='lat' dir='ltr'>hanc</span> <span class='ocrx_word' id='word_1_237' title='bbox 945 1928 1028 1966; x_wconf 90' lang='lat' dir='ltr'>tibi·</span> <span class='ocrx_word' id='word_1_238' title='bbox 1048 1928 1120 1965; x_wconf 85' lang='lat' dir='ltr'>effe</span> <span class='ocrx_word' id='word_1_239' title='bbox 1151 1942 1244 1967; x_wconf 88' lang='lat' dir='ltr'>cum</span> <span class='ocrx_word' id='word_1_240' title='bbox 1276 1927 1486 1966; x_wconf 80' lang='lat' dir='ltr'>Dolabella</span> <span class='ocrx_word' id='word_1_241' title='bbox 1506 1927 1661 1965; x_wconf 86' lang='lat' dir='ltr'>causam</span> <span class='ocrx_word' id='word_1_242' title='bbox 1682 1927 1764 1966; x_wconf 90' lang='lat' dir='ltr'>odii</span> <span class='ocrx_word' id='word_1_243' title='bbox 1785 1928 1849 1966; x_wconf 90' lang='lat' dir='ltr'>di-</span> 
     </span>
     <span class='ocr_line' id='line_1_28' title="bbox 449 1993 1850 2048; baseline -0.002 -13"><span class='ocrx_word' id='word_1_244' title='bbox 449 2011 536 2035; x_wconf 86' lang='lat' dir='ltr'>cere</span> <span class='ocrx_word' id='word_1_245' title='bbox 556 1997 668 2034; x_wconf 85' lang='lat' dir='ltr'>ausus</span> <span class='ocrx_word' id='word_1_246' title='bbox 691 2010 745 2041; x_wconf 91' lang='lat' dir='ltr'>es,</span> <span class='ocrx_word' id='word_1_247' title='bbox 768 1995 875 2048; x_wconf 91' lang='lat' dir='ltr'>quod</span> <span class='ocrx_word' id='word_1_248' title='bbox 897 1995 944 2033; x_wconf 80' lang='lat' dir='ltr'>ab</span> <span class='ocrx_word' id='word_1_249' title='bbox 965 2009 1011 2032; x_wconf 86' lang='lat' dir='ltr'>eo</span> <span class='ocrx_word' id='word_1_250' title='bbox 1032 1994 1152 2032; x_wconf 91' lang='lat' dir='ltr'>sorori</span> <span class='ocrx_word' id='word_1_251' title='bbox 1174 2004 1213 2032; x_wconf 88' lang='lat' dir='ltr'>et</span> <span class='ocrx_word' id='word_1_252' title='bbox 1234 1994 1347 2033; x_wconf 80' lang='lat' dir='ltr'>uxori</span> <span class='ocrx_word' id='word_1_253' title='bbox 1371 2004 1446 2032; x_wconf 71' lang='lat' dir='ltr'>tuae</span> <span class='ocrx_word' id='word_1_254' title='bbox 1467 1993 1646 2047; x_wconf 88' lang='lat' dir='ltr'>stuprum</span> <span class='ocrx_word' id='word_1_255' title='bbox 1667 1993 1850 2040; x_wconf 89' lang='lat' dir='ltr'>oblatum</span> 
     </span>
     <span class='ocr_line' id='line_1_29' title="bbox 447 2061 1849 2117; baseline -0.002 -15"><span class='ocrx_word' id='word_1_256' title='bbox 447 2065 520 2103; x_wconf 87' lang='lat' dir='ltr'>effe</span> <span class='ocrx_word' id='word_1_257' title='bbox 547 2064 810 2117; x_wconf 69' lang='lat' dir='ltr'>comperisses.</span> <span class='ocrx_word' id='word_1_258' title='bbox 844 2064 946 2115; x_wconf 83' lang='lat' dir='ltr'>Qis</span> <span class='ocrx_word' id='word_1_259' title='bbox 969 2063 1216 2115; x_wconf 83' lang='lat' dir='ltr'>interpretari</span> <span class='ocrx_word' id='word_1_260' title='bbox 1238 2061 1378 2115; x_wconf 87' lang='lat' dir='ltr'>potest,</span> <span class='ocrx_word' id='word_1_261' title='bbox 1410 2062 1745 2115; x_wconf 89' lang='lat' dir='ltr'>impudentiorne,</span> <span class='ocrx_word' id='word_1_262' title='bbox 1778 2061 1849 2114; x_wconf 87' lang='lat' dir='ltr'>qui</span> 
     </span>
     <span class='ocr_line' id='line_1_30' title="bbox 449 2129 1849 2184; baseline -0.001 -14"><span class='ocrx_word' id='word_1_263' title='bbox 449 2134 489 2170; x_wconf 88' lang='lat' dir='ltr'>in</span> <span class='ocrx_word' id='word_1_264' title='bbox 512 2132 670 2175; x_wconf 74' lang='lat' dir='ltr'>senatu5</span> <span class='ocrx_word' id='word_1_265' title='bbox 694 2145 741 2169; x_wconf 82' lang='lat' dir='ltr'>an</span> <span class='ocrx_word' id='word_1_266' title='bbox 763 2131 997 2184; x_wconf 86' lang='lat' dir='ltr'>improbior,</span> <span class='ocrx_word' id='word_1_267' title='bbox 1021 2131 1091 2183; x_wconf 89' lang='lat' dir='ltr'>qui</span> <span class='ocrx_word' id='word_1_268' title='bbox 1111 2132 1152 2168; x_wconf 91' lang='lat' dir='ltr'>in</span> <span class='ocrx_word' id='word_1_269' title='bbox 1176 2130 1452 2175; x_wconf 77' lang='lat' dir='ltr'>Dolabella1n;</span> <span class='ocrx_word' id='word_1_270' title='bbox 1476 2143 1522 2167; x_wconf 84' lang='lat' dir='ltr'>an</span> <span class='ocrx_word' id='word_1_271' title='bbox 1545 2130 1754 2182; x_wconf 86' lang='lat' dir='ltr'>impurior,</span> <span class='ocrx_word' id='word_1_272' title='bbox 1777 2129 1849 2183; x_wconf 84' lang='lat' dir='ltr'>qui</span> 
     </span>
     <span class='ocr_line' id='line_1_31' title="bbox 448 2195 1849 2251; baseline -0.001 -16"><span class='ocrx_word' id='word_1_273' title='bbox 448 2209 585 2251; x_wconf 83' lang='lat' dir='ltr'>patruo</span> <span class='ocrx_word' id='word_1_274' title='bbox 620 2197 801 2235; x_wconf 82' lang='lat' dir='ltr'>audiente</span> <span class='ocrx_word' id='word_1_275' title='bbox 819 2216 830 2242; x_wconf 75' lang='lat'>3</span> <span class='ocrx_word' id='word_1_276' title='bbox 872 2210 920 2235; x_wconf 88' lang='lat' dir='ltr'>an</span> <span class='ocrx_word' id='word_1_277' title='bbox 956 2195 1167 2241; x_wconf 86' lang='lat' dir='ltr'>crudelior,</span> <span class='ocrx_word' id='word_1_278' title='bbox 1210 2197 1281 2248; x_wconf 89' lang='lat' dir='ltr'>qui</span> <span class='ocrx_word' id='word_1_279' title='bbox 1316 2196 1357 2234; x_wconf 83' lang='lat' dir='ltr'>in</span> <span class='ocrx_word' id='word_1_280' title='bbox 1394 2196 1505 2234; x_wconf 86' lang='lat' dir='ltr'>illam</span> <span class='ocrx_word' id='word_1_281' title='bbox 1547 2195 1729 2234; x_wconf 84' lang='lat' dir='ltr'>miseram</span> <span class='ocrx_word' id='word_1_282' title='bbox 1765 2205 1849 2234; x_wconf 88' lang='lat' dir='ltr'>tam</span> 
     </span>
     <span class='ocr_line' id='line_1_32' title="bbox 448 2262 1081 2317; baseline -0.003 -15"><span class='ocrx_word' id='word_1_283' title='bbox 448 2266 599 2317; x_wconf 85' lang='lat' dir='ltr'>spurce,</span> <span class='ocrx_word' id='word_1_284' title='bbox 632 2274 712 2302; x_wconf 87' lang='lat' dir='ltr'>tam</span> <span class='ocrx_word' id='word_1_285' title='bbox 734 2264 871 2316; x_wconf 82' lang='lat' dir='ltr'>impie,</span> <span class='ocrx_word' id='word_1_286' title='bbox 904 2262 1081 2300; x_wconf 81' lang='lat' dir='ltr'>dixeris?</span> 
     </span>
    </p>

    <p class='ocr_par' dir='ltr' id='par_1_5' title="bbox 437 2327 1846 2519">
     <span class='ocr_line' id='line_1_33' title="bbox 503 2327 1844 2381; baseline -0.003 -12"><span class='ocrx_word' id='word_1_287' title='bbox 503 2332 700 2369; x_wconf 86' lang='lat' dir='ltr'>XXXIX.</span> <span class='ocrx_word' id='word_1_288' title='bbox 727 2330 798 2367; x_wconf 84' lang='lat' dir='ltr'>Sed</span> <span class='ocrx_word' id='word_1_289' title='bbox 815 2330 862 2367; x_wconf 82' lang='lat' dir='ltr'>ad</span> <span class='ocrx_word' id='word_1_290' title='bbox 879 2328 1141 2381; x_wconf 81' lang='lat' dir='ltr'>chirographa</span> <span class='ocrx_word' id='word_1_291' title='bbox 1158 2328 1373 2367; x_wconf 86' lang='lat' dir='ltr'>redeamus.</span> <span class='ocrx_word' id='word_1_292' title='bbox 1394 2330 1494 2380; x_wconf 78' lang='lat' dir='ltr'>Qae</span> <span class='ocrx_word' id='word_1_293' title='bbox 1517 2338 1582 2367; x_wconf 86' lang='lat' dir='ltr'>tua</span> <span class='ocrx_word' id='word_1_294' title='bbox 1602 2327 1681 2366; x_wconf 89' lang='lat' dir='ltr'>fuit</span> <span class='ocrx_word' id='word_1_295' title='bbox 1702 2328 1844 2380; x_wconf 88' lang='lat' dir='ltr'>cogni-</span> 
     </span>
     <span class='ocr_line' id='line_1_34' title="bbox 437 2395 1840 2449; baseline 0 -16"><span class='ocrx_word' id='word_1_296' title='bbox 437 2399 502 2437; x_wconf 81' lang='lat' dir='ltr'>·.tio</span> <span class='ocrx_word' id='word_1_297' title='bbox 522 2400 534 2436; x_wconf 89' lang='lat'>?</span> <span class='ocrx_word' id='word_1_298' title='bbox 567 2400 666 2436; x_wconf 59' lang='lat' dir='ltr'>Acta</span> <span class='ocrx_word' id='word_1_299' title='bbox 686 2398 793 2436; x_wconf 84' lang='lat' dir='ltr'>enim</span> <span class='ocrx_word' id='word_1_300' title='bbox 817 2396 975 2435; x_wconf 79' lang='lat' dir='ltr'>Caesaris</span> <span class='ocrx_word' id='word_1_301' title='bbox 998 2397 1104 2449; x_wconf 80' lang='lat' dir='ltr'>pacis</span> <span class='ocrx_word' id='word_1_302' title='bbox 1126 2396 1236 2434; x_wconf 87' lang='lat' dir='ltr'>causa</span> <span class='ocrx_word' id='word_1_303' title='bbox 1257 2396 1489 2434; x_wconf 86' lang='lat' dir='ltr'>confirmata</span> <span class='ocrx_word' id='word_1_304' title='bbox 1510 2396 1599 2434; x_wconf 90' lang='lat' dir='ltr'>sunt</span> <span class='ocrx_word' id='word_1_305' title='bbox 1629 2409 1649 2433; x_wconf 88' lang='lat' dir='ltr'>a</span> <span class='ocrx_word' id='word_1_306' title='bbox 1678 2395 1810 2434; x_wconf 83' lang='lat' dir='ltr'>senatu</span> <span class='ocrx_word' id='word_1_307' title='bbox 1829 2413 1840 2439; x_wconf 77' lang='lat'><em>3</em></span> 
     </span>
     <span class='ocr_line' id='line_1_35' title="bbox 440 2461 1846 2519; baseline -0.004 -15"><span class='ocrx_word' id='word_1_308' title='bbox 440 2480 532 2518; x_wconf 71' lang='lat' dir='ltr'>quse</span> <span class='ocrx_word' id='word_1_309' title='bbox 554 2465 716 2519; x_wconf 87' lang='lat' dir='ltr'>quidem</span> <span class='ocrx_word' id='word_1_310' title='bbox 739 2464 864 2503; x_wconf 67' lang='lat' dir='ltr'>Caesar</span> <span class='ocrx_word' id='word_1_311' title='bbox 885 2464 1033 2516; x_wconf 76' lang='lat' dir='ltr'>egisset,</span> <span class='ocrx_word' id='word_1_312' title='bbox 1058 2477 1135 2502; x_wconf 93' lang='lat' dir='ltr'>non</span> <span class='ocrx_word' id='word_1_313' title='bbox 1157 2478 1213 2509; x_wconf 85' lang='lat' dir='ltr'>ea,</span> <span class='ocrx_word' id='word_1_314' title='bbox 1233 2478 1319 2516; x_wconf 77' lang='lat' dir='ltr'>quae</span> <span class='ocrx_word' id='word_1_315' title='bbox 1342 2463 1532 2502; x_wconf 79' lang='lat' dir='ltr'>Caesarem</span> <span class='ocrx_word' id='word_1_316' title='bbox 1553 2462 1669 2516; x_wconf 85' lang='lat' dir='ltr'>egiffe</span> <span class='ocrx_word' id='word_1_317' title='bbox 1689 2461 1846 2500; x_wconf 85' lang='lat' dir='ltr'>dixiffet</span> 
     </span>
    </p>
   </div>
  </div>
 </body>
</html>
