2076 2860
451 199 524 236 «60
798 195 875 234 IN
933 195 998 234 M.
1060 195 1485 234 ANTONIUM

448 229 467 252 Q

447 300 571 339 tiones
593 309 819 351 temporum
840 297 957 342 fiunt,
989 311 1083 335 cum
1103 298 1145 335 in
1165 297 1277 336 omni
1298 297 1386 336 casu
1407 297 1651 350 reipublicae,
1684 306 1771 336 tum
1797 298 1838 336 in

447 366 566 410 bello,
599 374 637 403 et
667 364 839 402 maxime
869 364 1007 409 civili,
1041 364 1148 416 quod
1168 364 1357 417 opinione
1377 364 1628 417 plerumque,
1660 373 1700 402 et
1719 363 1837 408 fama,

445 432 700 483 gubernatur.
734 431 869 468 Nemo
889 439 1050 483 quaeret,
1073 430 1313 483 quibuscum
1334 429 1527 469 mandatis
1549 431 1699 482 legatos
1720 430 1838 469 mise-

447 498 568 534 rimus
588 512 596 534 :
630 510 776 534 nomen
797 495 926 548 ipsum
947 495 1170 547 legationis,
1202 496 1308 534 ultro
1329 495 1461 541 miffae,
1493 497 1648 534 timoris
1669 495 1741 535 effe
1761 496 1838 548 fig-

446 576 542 600 num
563 562 775 600 videbitur.
806 561 979 600 Recedat
1000 576 1021 599 a
1041 562 1217 606 Mutina,
1240 561 1385 599 desinat
1405 575 1632 615 oppugnare
1653 563 1838 606 Brutum,

445 628 605 667 decedat
634 643 681 666 ex
713 629 873 666 Gallia:
907 642 986 666 non
1017 627 1070 665 est
1090 628 1217 666 verbis
1240 627 1450 680 rogandus,
1483 627 1683 680 cogendus
1704 627 1758 666 est
1777 641 1838 665 ar-

446 695 536 732 mis.
582 695 677 733 Non
698 695 806 733 enim
827 694 873 732 ad
894 694 1137 733 Annibalem
1158 694 1374 738 mittimus,
1406 703 1450 731 ut
1480 708 1500 731 a
1530 695 1703 746 Sagunto
1733 706 1840 731 rece-

446 760 525 805 dat,
558 760 604 797 ad
637 774 756 812 quem
790 760 946 798 miserat
977 760 1076 798 olim
1109 759 1260 797 senatus
1295 760 1340 797 P.
1365 759 1568 797 Valerium
1590 760 1781 798 Flaccum
1801 768 1841 797 et

446 826 704 878 QBaebium
726 826 990 879 Tampilum,
1024 826 1108 878 qui,
1131 825 1157 863 fi
1179 825 1355 863 Annibal
1378 839 1457 863 non
1479 835 1642 878 pareret,
1672 824 1840 863 Cartha-

445 894 580 945 ginem
601 893 655 930 ire
671 892 761 944 juffi
784 892 887 931 sunt.
911 892 1077 931 Nostros
1099 892 1247 944 legatos
1270 905 1349 944 quo
1365 891 1598 944 jubebimus
1620 892 1691 937 ire,
1713 891 1740 929 fi
1761 905 1840 929 non

448 960 618 1012 paruerit
648 960 848 996 Antonius
869 960 882 996 ?
914 959 978 996 Ad
1007 958 1183 996 nostrum
1203 958 1331 996 civem
1352 958 1567 1003 mittimus,
1600 971 1648 995 ne
1669 958 1840 1010 impera-

447 1034 587 1069 torem,
620 1038 668 1062 ne
700 1024 897 1062 coloniam
929 1024 1069 1076 populi
1102 1024 1274 1062 Romani
1306 1024 1542 1075 oppugnet?
1575 1024 1685 1061 Itane
1716 1023 1839 1060 vero?

445 1089 522 1128 hoc
556 1104 622 1142 per
652 1091 801 1143 legatos
834 1090 1028 1143 rogandus
1061 1090 1144 1127 est?
1178 1089 1289 1141 Qid
1320 1089 1491 1134 interest,
1525 1102 1592 1141 per
1625 1090 1731 1127 Deos
1759 1089 1840 1126 im-

447 1156 657 1194 mortales!
692 1165 827 1194 utrum
858 1155 959 1193 hanc
988 1155 1126 1193 urbem
1155 1164 1374 1207 oppugnet,
1406 1168 1451 1191 an
1474 1153 1594 1206 hujus
1616 1155 1724 1192 urbis
1746 1167 1840 1207 pro-

447 1222 734 1276 pugnaculum,
766 1222 964 1259 coloniam
996 1221 1135 1273 populi
1169 1221 1357 1265 Romani,
1389 1220 1555 1272 praefidii
1582 1220 1694 1258 causa
1713 1219 1841 1258 collo-

447 1289 606 1326 catam?
648 1288 750 1326 Belli
786 1287 928 1325 Punici
963 1286 1147 1330 secundi,
1180 1285 1287 1338 quod
1322 1294 1459 1323 contra
1492 1286 1657 1337 majores
1692 1285 1841 1323 nostros

449 1354 623 1392 Annibal
655 1353 780 1405 geffit,
812 1352 922 1390 causa
942 1351 1020 1389 fuit
1042 1352 1205 1403 Sagunti
1226 1352 1485 1404 oppugnatiO.
1531 1352 1652 1389 Recte
1678 1351 1726 1389 ad
1750 1364 1843 1389 eum

448 1420 566 1472 legati
588 1419 707 1457 miffi:
732 1419 994 1457 mittebantur
1014 1418 1061 1455 ad
1083 1419 1268 1463 Poenum‚
1286 1418 1547 1456 mittebantur
1567 1431 1638 1470 pro
1659 1417 1841 1455 Anniba-

448 1486 496 1524 lis
517 1485 711 1530 hostibus,
735 1484 871 1522 nostris
893 1484 1022 1522 sociis.
1056 1483 1166 1535 Qid
1188 1483 1313 1521 fimile
1334 1483 1491 1521 tandem
1511 1484 1523 1521 ?
1556 1496 1626 1521 nos
1648 1484 1695 1521 ad
1715 1483 1844 1521 civem

448 1553 670 1598 mittemus,
703 1566 750 1590 ne
771 1553 1050 1604 imperatorem
1071 1550 1211 1603 populi
1239 1550 1428 1595 Romani,
1461 1563 1509 1587 ne
1529 1550 1763 1595 exercitum,
1794 1562 1845 1588 ne

447 1619 645 1657 coloniam
680 1617 975 1663 circumsedeat,
1008 1630 1056 1654 ne
1088 1625 1307 1670 oppugnet,
1340 1630 1388 1654 ne
1419 1629 1531 1668 agros
1566 1615 1843 1669 depopuletur,

448 1699 497 1723 ne
518 1685 562 1723 fit
583 1684 704 1722 hostis
723 1685 737 1722 ?
776 1685 878 1737 Age,
909 1684 936 1722 fi
956 1683 1143 1737 paruerit,
1174 1681 1251 1721 hoc
1273 1683 1358 1721 cive
1379 1682 1436 1720 uti
1460 1691 1526 1720 aut
1546 1682 1747 1729 volumus,
1777 1689 1846 1720 aut

447 1751 647 1804 poffumus
668 1752 681 1789 ?

504 1818 579 1868 XI.
602 1818 709 1855 Ante
729 1817 835 1854 diem
857 1830 965 1854 XIII.
989 1815 1183 1853 Kalendas
1199 1815 1389 1866 Januarii,
1413 1815 1577 1854 decretis
1598 1814 1729 1854 vestris
1751 1827 1844 1853 eum

448 1882 703 1922 concidistis:
736 1881 1007 1926 constituistis,
1039 1890 1083 1918 ut
1115 1880 1199 1919 haec
1231 1881 1277 1918 ad
1309 1895 1376 1918 vos
1410 1881 1579 1919 Kalend.
1603 1882 1691 1932 Jan.
1719 1879 1842 1919 refer-

450 1958 598 1993 rentur,
631 1962 718 2001 quae
749 1946 884 1985 referri
915 1946 1071 1991 videtis,
1104 1946 1150 1984 de
1177 1945 1396 1984 honoribus
1424 1956 1462 1984 et
1482 1947 1654 1999 praemiis
1677 1947 1776 1984 bene
1797 1946 1844 1984 de

450 2014 653 2067 republica
673 2014 907 2051 meritorum
927 2021 965 2050 et
987 2013 1225 2050 merentium
1246 2027 1253 2051 ε
1287 2026 1458 2064 quorum
1489 2012 1712 2064 principem
1730 2011 1843 2063 judi-

449 2079 601 2119 cavistis
622 2093 729 2125 eum,
761 2080 830 2132 qui
851 2078 944 2123 fuit,
977 2080 1026 2116 C.
1052 2078 1256 2124 Caesarem,
1289 2079 1359 2131 qui
1381 2079 1444 2116 M.
1470 2079 1637 2116 Antonii
1670 2079 1844 2131 impetus

449 2146 618 2186 nefarios
639 2146 686 2183 ab
708 2146 804 2184 urbe
824 2145 865 2183 in
888 2144 1063 2183 Galliam
1082 2145 1248 2183 avertit:
1281 2144 1421 2183 deinde
1451 2145 1599 2182 milites
1625 2154 1841 2190 veteranos,

449 2212 520 2266 qui
542 2211 661 2265 primi
683 2211 874 2250 Caesarem
894 2210 1017 2248 secuti
1046 2210 1163 2256 sunt;
1197 2219 1284 2249 tum
1315 2211 1401 2250 illas
1430 2210 1595 2248 caelestes
1617 2210 1845 2263 divinasque

449 2279 640 2332 legiones,
672 2277 862 2316 Martiam
894 2285 932 2314 et
964 2285 1158 2329 quartam,
1190 2277 1352 2329 quibus,
1384 2291 1477 2315 cum
1505 2277 1708 2315 consulem
1729 2276 1844 2315 suum

451 2358 531 2383 non
564 2343 684 2382 modo
715 2342 979 2396 reliquissent,
1011 2341 1075 2379 sed
1108 2341 1214 2380 bello
1248 2342 1366 2380 etiam
1399 2342 1735 2395 persequerentur,
1765 2340 1841 2380 ho-

451 2423 563 2449 nores
595 2419 635 2447 et
665 2410 825 2462 praemia
856 2407 1144 2462 spopondistIS:
1177 2408 1395 2460 eodemque
1420 2408 1482 2446 die
1504 2409 1558 2447 D.
1583 2407 1710 2453 Bruti,
1741 2421 1842 2460 prae-

450 2475 669 2516 stantiffimi
704 2474 829 2521 civis,
860 2473 988 2513 edicto
1020 2473 1139 2513 allato
1173 2483 1290 2526 atque
1324 2473 1550 2527 proposito,
1578 2473 1729 2517 „factum
1760 2473 1843 2525 ejus
