2076 2860
422 232 497 273 218
901 223 1348 264 ORATIO

422 333 600 378 consilio,
632 345 679 370 ne
700 327 891 368 mediocri
912 326 1091 380 quidem,
1121 324 1298 377 Judices,
1332 324 1511 362 Deorum
1533 322 1824 361 immortalium

423 413 541 444 cura,
573 411 630 436 res
660 396 727 434 illa
747 393 917 448 perfecta
935 408 944 430 :
978 392 1187 444 religiones
1210 389 1436 428 mehercule
1456 388 1546 441 ipsae
1562 418 1573 434 ,
1606 403 1692 441 quae
1714 387 1826 426 illam

423 465 597 503 belluam
620 461 753 499 cadere
776 459 958 496 viderunt
973 488 984 504 ,
1016 456 1229 497 commosse
1251 456 1287 494 se
1308 455 1517 501 videntur,
1550 455 1669 507 etjus
1692 454 1733 492 in
1755 453 1827 492 illo

425 531 538 569 suum
559 525 770 565 retinuisse.

481 595 561 632 Vos
583 593 691 631 enim
707 592 807 644 jam,
839 589 987 628 Albani
1009 588 1157 627 tumuli
1177 597 1294 641 atque
1314 587 1412 632 luci,
1434 600 1517 631 vos,
1541 586 1720 638 inquam,
1748 584 1827 622 im·-

425 660 538 715 ploro
565 668 682 711 atque
710 657 839 702 testor,
872 655 1017 708 vosque
1050 654 1300 692 Albanorum
1331 652 1481 691 obrutae
1513 665 1598 697 arae,
1631 650 1828 689 sacrorum

423 727 564 781 populi
596 724 769 763 Romani
803 723 913 761 sociae
945 731 983 760 et
1015 720 1199 773 aequales,
1230 733 1324 773 quas
1352 718 1421 756 ille
1450 732 1621 772 praeceps
1643 717 1828 761 amentia,

426 793 528 832 caefis
563 790 839 845 prostratisque
874 787 1115 827 sanffiffimis
1152 787 1252 824 lucis
1269 816 1279 831 ,
1317 784 1651 823 substructionum
1686 782 1829 821 insanis

426 859 602 899 molibus
625 857 858 911 oppresserat
877 871 886 894 ε
920 855 1048 893 vestrae
1071 863 1157 892 tum
1178 867 1248 891 arae
1265 882 1274 898 ,
1309 852 1439 890 vestrae
1460 851 1669 904 religiones
1691 849 1830 902 vigue-

428 935 536 971 runt,
559 924 679 963 vestra
699 924 756 962 vis
779 923 916 968 valuit,
940 934 1059 975 quam
1082 920 1149 958 ille
1170 919 1282 958 omni
1303 918 1444 957 scelere
1465 917 1685 971 polluerat:
1710 925 1836 969 tuque

428 1006 476 1031 ex
498 1002 568 1030 tuo
588 990 695 1029 edito
716 999 852 1028 monte
868 1018 879 1034 ,
912 987 1079 1026 Latiaris
1101 986 1227 1024 sancte
1249 985 1406 1038 Jupiter
1421 1014 1432 1030 ,
1463 985 1577 1037 cujus
1608 983 1676 1022 ille
1696 982 1803 1021 lacus
1819 1010 1830 1027 ‚

431 1071 605 1103 nemora,
623 1055 812 1108 finesque,
830 1055 926 1108 saepe
941 1053 1053 1091 omni
1070 1051 1220 1091 nefario
1236 1050 1368 1104 stupro
1385 1059 1423 1088 et
1439 1049 1581 1089 scelere
1601 1047 1832 1093 macularat,

430 1123 645 1178 aliquando
666 1122 712 1160 ad
729 1136 821 1161 eum
842 1119 1090 1174 puniendum
1111 1119 1248 1157 oculos
1271 1116 1492 1171 aperuistis:
1516 1116 1628 1155 vobis
1650 1115 1743 1161 illae,
1761 1127 1834 1153 vo-

432 1191 493 1229 bis
514 1190 638 1230 vestro
659 1189 701 1227 in
722 1188 933 1241 conspectu
955 1186 1055 1232 serae,
1089 1185 1152 1223 sed
1168 1184 1280 1238 justae
1302 1193 1433 1222 tamen
1454 1191 1492 1221 et
1520 1182 1677 1228 debitae,
1708 1195 1836 1234 poenae

434 1257 569 1296 solutae
590 1256 695 1294 sunt.
729 1255 816 1294 Nifi
849 1253 951 1292 forte
982 1252 1060 1291 hoc
1092 1252 1212 1290 etiam
1243 1250 1331 1288 casu
1363 1249 1513 1288 faetum
1539 1249 1612 1287 effe
1639 1249 1836 1292 dicemus,

432 1333 477 1363 ut
493 1333 582 1362 ante
603 1321 731 1376 ipsum
750 1321 959 1360 sacrarium
980 1321 1098 1358 Bonae
1114 1319 1222 1363 Deae,
1246 1316 1354 1369 quod
1369 1315 1422 1354 est
1440 1315 1480 1353 in
1497 1314 1624 1353 fundo
1640 1315 1695 1353 T.
1713 1312 1838 1352 Sextii

435 1390 566 1435 Galli,
599 1389 640 1426 in
668 1388 808 1441 primis
840 1385 995 1425 honesti
1026 1394 1065 1424 et
1097 1384 1225 1423 ornati
1257 1382 1535 1427 adolescentis,
1568 1390 1657 1419 ante
1688 1380 1836 1433 ipsam,

434 1457 614 1509 inquam,
639 1456 789 1493 Bonam
812 1455 955 1498 Deam,
978 1466 1072 1490 cum
1093 1451 1275 1504 praelium
1296 1447 1562 1494 commififfet,
1584 1448 1763 1501 primum
1783 1446 1836 1484 il-

433 1522 504 1561 lud
524 1522 668 1560 vulnus
689 1521 884 1573 acceperit
898 1549 910 1565 ‚
942 1532 1022 1572 quo
1044 1517 1288 1556 teterrimam
1310 1524 1480 1553 mortem
1502 1513 1658 1558 obiret;
1691 1521 1736 1551 ut
1756 1526 1837 1551 non

434 1588 635 1627 absolutus
651 1586 807 1639 judicio
828 1585 899 1624 illo
920 1584 1070 1623 nefario
1096 1582 1318 1628 videretur,
1351 1581 1415 1620 sed
1441 1581 1488 1619 ad
1515 1580 1617 1619 hanc
1646 1579 1839 1632 infignem

437 1668 594 1708 poenam
616 1653 843 1691 reservatus

494 1720 674 1759 XXXII.
707 1719 795 1757 Nec
816 1731 907 1756 vero
930 1730 1008 1755 non
1029 1691 1195 1755 eadem
1186 1729 1242 1754 ira
1263 1715 1443 1753 Deorum
1463 1712 1565 1752 hanc
1587 1713 1669 1765 ejus
1691 1710 1839 1750 satelli-

439 1787 545 1825 tibus
567 1784 705 1837 injecit
725 1784 966 1826 amentiam,
998 1791 1042 1819 ut
1069 1782 1148 1819 fine
1176 1781 1447 1832 imaginibus,
1479 1779 1558 1816 fine
1584 1788 1702 1816 cantu
1723 1786 1841 1830 atque

438 1851 557 1896 ludis,
590 1851 667 1888 fine
688 1848 881 1900 exequiis,
915 1847 991 1885 fine
1012 1846 1213 1890 lamentis,
1244 1846 1321 1883 fine
1342 1844 1651 1888 laudationibus,
1675 1844 1752 1881 fine
1773 1842 1840 1880 fu-

440 1931 545 1962 nere,
577 1916 726 1953 oblitus
749 1928 887 1952 cruore
907 1922 945 1951 et
966 1912 1067 1957 luto,
1099 1911 1287 1964 spoliatus
1310 1910 1418 1948 illius
1441 1909 1613 1961 supremi
1634 1907 1712 1945 diei
1735 1907 1840 1945 cele—

441 1984 596 2027 britate,
619 1994 739 2034 quam
760 1978 974 2018 concedere
995 1978 1111 2015 etiam
1136 1976 1291 2014 inimici
1312 1975 1450 2020 solent,
1478 1974 1749 2012 ambureretur
1769 1973 1843 2010 ab-

436 2050 577 2102 jectus.
612 2048 708 2086 Non
728 2045 842 2084 fuiffe
863 2043 978 2083 credo
1000 2043 1072 2089 fas,
1095 2043 1395 2081 clariffimorum
1416 2042 1592 2078 virorum
1613 2039 1758 2078 formas
1781 2039 1848 2077 illi„

443 2113 644 2152 teterrimo
664 2110 866 2166 parricidae
886 2109 1038 2163 aliquid
1060 2109 1210 2147 decoris
1231 2107 1381 2153 afferre,
1414 2120 1541 2159 neque
1571 2105 1654 2143 ullo
1685 2105 1726 2143 in
1753 2105 1846 2143 loco

445 2181 575 2233 potius
599 2188 769 2218 mortem
799 2179 881 2230 ejus
913 2176 1072 2215 lacerari
1088 2205 1099 2221 ‚
1130 2188 1250 2229 quam
1270 2175 1312 2212 in
1334 2188 1414 2227 quo
1435 2173 1514 2211 vita
1534 2172 1624 2210 effet
1645 2171 1845 2211 damnata.

444 2249 556 2286 Dura
576 2245 694 2291 mihi,
718 2244 870 2283 medius
893 2243 1025 2288 fidius,
1052 2245 1137 2296 jam
1158 2241 1317 2280 fortuna
1336 2240 1475 2294 populi
1498 2240 1670 2278 Romani
1690 2248 1730 2277 et
1750 2252 1843 2276 cru-

445 2314 541 2351 delis
564 2312 782 2357 videbatur,
815 2325 901 2364 quae
923 2319 982 2348 tot
1002 2322 1123 2347 annos
1146 2308 1262 2346 illum
1285 2308 1324 2346 in
1346 2307 1447 2345 hanc
1469 2305 1757 2359 rempublicam
1779 2305 1849 2342 in·—

446 2381 586 2419 sultare
607 2379 770 2424 videret,
801 2387 840 2417 et
861 2385 1072 2431 pateretur.
1108 2375 1306 2413 Polluerat
1328 2374 1459 2427 stupro
1482 2372 1728 2412 sanc'tiffimas
1750 2371 1845 2410 reli-

445 2448 603 2500 giones:
628 2445 780 2484 senatus
797 2443 1015 2497 graviflima
1031 2442 1183 2480 decreta
1199 2440 1435 2494 perfregerat
1450 2457 1457 2478 :
1484 2439 1650 2493 pecunia
1665 2438 1700 2476 se
1716 2437 1845 2490 palam

446 2512 685 2565 ajudicibus
708 2510 922 2550 redemerat
942 2524 950 2549 :
974 2517 1128 2548 vexarat
1150 2509 1190 2547 in
1213 2507 1415 2547 tribunatu
1438 2507 1638 2545 senatum:
1663 2504 1846 2542 omnium
