2076 2860
678 204 829 242 PRo
890 186 1235 243 MILONE.
1584 219 1661 260 223

254 306 430 360 erIperis‚
463 305 615 359 reliqua
633 305 688 344 est
709 306 778 344 illa
798 305 935 345 saltem
956 305 1002 344 ad
1024 305 1310 345 consolandum
1332 307 1503 360 querela,
1536 317 1581 346 ut
1602 307 1664 346 his

259 373 370 412 irasci
402 372 566 426 poffim,
598 385 619 410 a
647 372 794 425 quibus
828 382 986 411 tantum
1018 373 1163 412 vulnus
1197 387 1398 427 accepero.
1431 375 1527 413 Non
1559 375 1669 413 enim

258 439 415 478 inimici
447 439 527 477 mei
561 447 598 477 te
630 437 733 478 mihi
765 439 950 492 eripient,
983 439 1047 478 sed
1076 440 1330 486 amiciffimi5
1363 454 1443 479 non
1466 441 1568 479 male
1589 442 1663 480 ali-

256 506 415 560 quando
445 506 494 544 de
522 520 587 544 me
616 507 765 552 meriti,
798 506 861 545 sed
892 507 1044 560 semper
1073 508 1239 560 optime.
1274 507 1450 547 Nullum
1474 522 1667 561 unquam,

256 573 435 625 Judices,
467 571 571 611 mihi
604 582 760 612 tantum
790 573 969 612 dolorem
999 574 1181 620 inuretis,
1217 574 1302 627 (etsi
1332 575 1421 626 quis
1450 574 1576 627 potest
1597 574 1670 612 effe

257 648 389 678 tantus
408 639 441 691 ?)
475 638 540 678 sed
560 653 609 678 ne
630 639 738 678 hunc
760 640 923 693 quidem
945 640 1091 693 ipsum,
1124 650 1168 678 ut
1189 640 1412 686 obliviscar,
1443 641 1583 693 quanti
1604 654 1670 679 me

258 706 411 759 semper
432 705 622 745 feceritis.
656 708 756 759 Qae
779 707 804 745 fi
826 721 893 745 vos
915 707 1023 760 cepit
1044 706 1210 752 oblivio,
1233 716 1300 744 aut
1322 707 1347 744 fi
1369 708 1411 744 in
1432 721 1496 745 me
1518 706 1670 760 aliquid

257 773 476 812 offendistis
494 793 506 819 ς
539 787 610 813 cur
631 788 711 812 non
738 774 778 812 id
808 788 898 812 meo
919 774 1046 827 capite
1068 774 1201 826 potius
1223 774 1363 819 luitur,
1395 787 1515 826 quam
1536 775 1668 812 Milo-

258 841 319 879 nis
340 842 352 879 ?
387 841 574 879 Praeclare
594 841 703 880 enim
724 841 874 886 vixero,
901 841 928 880 fi
949 841 1046 893 quid
1067 840 1170 879 mihi
1191 834 1379 880 acciderit
1399 843 1524 895 priuS,
1549 855 1669 894 quam

257 905 334 945 hoc
357 917 513 946 tantum
533 907 629 945 mali
650 907 799 946 videro.

314 974 439 1012 Nunc
460 988 524 1012 me
547 987 624 1011 una
644 974 861 1012 consolatio
883 973 1083 1020 sustentat,
1107 974 1214 1026 quod
1237 974 1327 1019 tibi,
1351 976 1405 1014 T.
1425 975 1550 1020 Anni,
1574 975 1668 1013 nul-

257 1039 346 1077 lum
366 1053 387 1077 a
407 1053 471 1078 me
492 1040 652 1085 amoris,
676 1040 836 1078 nullum
857 1040 1001 1085 studii,
1033 1040 1195 1079 nullum
1218 1041 1375 1093 pietatis
1397 1041 1578 1079 officium
1599 1040 1668 1078 de-

257 1105 353 1145 fuit.
387 1107 475 1159 Ego
503 1107 735 1145 inimicitias
765 1107 995 1160 potentium
1022 1121 1094 1160 pro
1122 1116 1160 1145 te
1192 1108 1393 1160 appetivi:
1427 1121 1501 1160 ego
1533 1121 1670 1146 meum

258 1172 355 1226 saepe
386 1187 530 1227 corpus
563 1183 602 1212 et
635 1174 758 1212 vitam
788 1174 918 1227 objeci
946 1175 1064 1212 armis
1093 1173 1353 1213 inimicorum
1375 1184 1564 1213 tuorum:
1597 1188 1671 1226 ego

258 1253 323 1277 me
343 1240 529 1293 plurimis
551 1253 623 1293 pro
645 1249 682 1279 te
704 1241 927 1294 supplicem
947 1241 1098 1294 abjeci:
1135 1241 1250 1286 bona,
1272 1240 1452 1280 fortunas
1475 1255 1595 1286 meas,
1627 1255 1669 1278 ac

260 1305 480 1345 liberorum
501 1320 698 1352 meorum,
722 1307 763 1345 in
786 1308 1114 1346 communionem
1136 1316 1298 1346 tuorum
1321 1318 1550 1361 temporum
1571 1322 1668 1346 con-

259 1373 335 1411 tuli
354 1388 362 1412 :
396 1372 474 1411 hoc
495 1373 666 1426 denique
688 1373 771 1427 ipso
793 1373 855 1412 die
870 1404 881 1420 ,
914 1374 940 1412 s1
963 1388 1039 1427 qua
1060 1375 1118 1412 vis
1139 1374 1192 1412 est
1214 1384 1367 1427 parata,
1399 1375 1426 1412 fi
1448 1389 1526 1427 qua
1546 1374 1669 1413 dimi-

258 1439 374 1478 nutio
405 1440 545 1493 capitis
579 1440 728 1486 futura,
761 1440 943 1494 deposco.
978 1441 1089 1493 Qid
1114 1442 1198 1493 jam
1231 1441 1374 1478 restat?
1408 1441 1506 1494 quid
1527 1440 1669 1486 habeo,

258 1506 367 1558 quod
388 1506 519 1545 dicam
539 1508 552 1545 ?
585 1507 694 1560 quod
714 1507 859 1546 faciam
879 1521 951 1561 pro
973 1507 1051 1546 tuis
1074 1508 1114 1545 in
1136 1522 1200 1546 me
1222 1509 1390 1553 meritis,
1423 1509 1494 1546 nifi
1522 1518 1565 1546 ut
1585 1522 1670 1546 eam

258 1572 479 1619 fortunam,
511 1586 760 1626 quaecunque
792 1574 867 1611 erit
898 1567 985 1619 tuai,
1019 1573 1162 1612 ducam
1194 1574 1355 1611 meam?
1389 1574 1485 1612 Non
1519 1574 1669 1619 recuso,

261 1652 341 1677 non
363 1639 495 1677 abnuo
515 1653 523 1677 :
557 1639 704 1692 vosque
724 1639 900 1685 obsecro,
930 1639 1109 1691 Judices,
1141 1649 1185 1678 ut
1206 1639 1328 1678 vestra
1348 1639 1552 1686 beneficia,
1585 1655 1672 1693 quae

260 1705 304 1744 in
325 1719 390 1743 me
411 1704 651 1751 contulistis,
684 1714 750 1744 aut
771 1706 813 1744 in
833 1705 953 1759 hujus
976 1705 1098 1744 salute
1113 1707 1313 1759 pugeatis,
1345 1715 1413 1744 aut
1433 1707 1474 1745 in
1495 1706 1672 1759 ejusdem

260 1771 384 1811 exitio
405 1771 588 1810 occasura
607 1772 680 1811 effe
700 1772 879 1811 videatis.

318 1840 538 1878 XXXVII.
572 1840 650 1878 His
673 1840 859 1892 lacrymis
880 1853 960 1878 non
981 1849 1164 1879 movetur
1181 1840 1304 1879 Milo.
1328 1840 1398 1878 Est
1414 1839 1589 1893 quodam
1605 1840 1669 1878 in-

262 1906 445 1944 credibili
467 1907 608 1945 robore
627 1906 753 1945 animi
772 1922 780 1945 :
814 1907 983 1946 exilium
1005 1907 1062 1945 ibi
1083 1907 1155 1945 effe
1177 1916 1304 1960 putat,
1337 1907 1409 1946 ubi
1428 1907 1570 1945 virtuti
1590 1921 1673 1945 non

262 1972 308 2010 fit
327 1972 440 2011 locus
458 1992 469 2019 3
503 1983 676 2012 mortem
697 1981 845 2012 naturae
866 1973 987 2012 finem
1009 1973 1081 2012 effe
1096 2003 1107 2019 ,
1140 1987 1219 2012 non
1242 1987 1417 2026 poenam.
1463 1975 1521 2012 Sit
1541 1973 1609 2012 hic
1630 1988 1672 2011 ea

264 2048 411 2085 mente,
443 2054 521 2093 qua
542 2050 655 2079 natus
677 2040 745 2079 est.
779 2040 892 2092 Qid
911 2054 996 2085 vos,
1028 2040 1190 2092 Judices
1210 2041 1223 2078 ?
1256 2054 1336 2093 quo
1357 2040 1517 2079 tandem
1538 2041 1673 2078 animo

264 2106 372 2144 eritis
393 2108 406 2144 ?
430 2108 673 2145 Memoriam
695 2108 866 2145 Milonis
888 2107 1110 2146 retinebitis
1128 2127 1139 2153 ;
1164 2108 1295 2161 ipsum
1315 2108 1483 2160 ejicietis
1502 2109 1515 2146 ?
1539 2117 1577 2146 et
1597 2109 1673 2146 erit

266 2171 423 2223 dignior
443 2173 554 2211 locus
578 2174 619 2210 in
642 2174 751 2211 terris
775 2173 896 2220 ullus,
920 2175 990 2227 qui
1010 2173 1113 2213 hanc
1134 2175 1325 2213 virtutem
1345 2175 1532 2228 excipiat,
1551 2188 1672 2227 quam

265 2237 347 2282 hic,
370 2239 440 2290 qui
462 2240 706 2291 procreavit?
731 2240 828 2286 Vos,
852 2255 919 2279 vos
940 2242 1113 2295 appello,
1135 2241 1336 2280 fortiffimi
1357 2242 1446 2287 viri,
1469 2242 1544 2294 qui·
1560 2241 1670 2279 mul-

266 2313 353 2341 tum
375 2317 446 2356 pro
468 2305 670 2357 republica
692 2305 922 2359 sanguinem
942 2308 1134 2347 effudistis
1153 2323 1163 2347 ;
1196 2322 1265 2346 vos
1286 2309 1327 2346 in
1349 2308 1424 2346 viri
1445 2318 1483 2346 et
1510 2308 1551 2345 in
1573 2308 1671 2345 civis

266 2370 403 2407 invicti
435 2371 592 2424 appello
624 2373 827 2424 periculo,
859 2375 1139 2421 centuriones,
1173 2374 1318 2426 vosque
1350 2375 1524 2412 milites:
1558 2373 1670 2411 vobis

267 2449 344 2474 non
379 2439 498 2474 modo
532 2437 855 2491 inspectantibus,
888 2441 950 2479 sed
983 2441 1101 2480 etiam
1132 2442 1305 2486 armatis,
1338 2450 1377 2480 et
1404 2439 1671 2492 huicjudicio
