2076 2860
637 180 1211 226 PHILIPPICA
1288 178 1339 217 V.
1608 175 1687 228 363

292 294 429 347 igitur,
452 289 612 329 consule
633 288 847 340 defignato,
879 297 987 322 more
1009 284 1205 335 majorum
1226 279 1426 333 capiamus
1447 276 1655 317 exordium
1675 291 1685 315 :

292 361 405 412 cujus
428 366 470 395 ut
492 356 687 409 superiora
706 353 905 395 omittam,
925 364 1012 402 quae
1033 349 1122 387 sunt
1143 347 1316 386 maxima
1334 345 1403 384 illa
1423 343 1601 398 quidem,
1624 341 1688 380 sed

292 423 421 463 adhuc
441 422 654 460 hominum
675 419 799 471 magis
815 416 995 469 judiciis,
1027 428 1149 467 quam
1172 412 1347 466 publice,
1379 409 1560 454 laudata;
1593 406 1686 461 qui-

293 490 458 528 busnam
478 488 606 526 verbis
627 487 710 539 ejus
732 484 864 523 laudes
885 481 1005 534 hujus
1027 481 1145 534 ipfius
1168 478 1356 532 temporis
1378 475 1566 528 consequi
1595 473 1686 527 pos-

294 557 452 595 sumus?
476 556 620 607 Neque
637 553 745 591 enim
762 551 886 589 ullam
906 547 1128 587 mercedem
1150 555 1256 584 tanta
1276 545 1415 588 virtus,
1433 551 1570 596 praeter
1585 540 1687 579 hanc

294 623 420 661 laudis
451 622 680 674 gloriaeque,
712 617 926 656 defiderat:
959 628 1036 668 qua
1055 614 1175 652 etiam
1196 613 1222 650 fi
1243 619 1382 655 careat,
1415 619 1546 647 tamen
1577 607 1623 646 s1t
1652 607 1688 645 se

294 689 376 742 ipsa
399 696 599 731 contenta,
630 695 747 738 atque
778 684 819 721 in
852 681 1043 720 memoria
1072 688 1274 732 gratorum
1305 676 1470 720 civium,
1502 683 1690 726 tanquam

297 756 337 793 in
359 756 463 799 luce,
492 753 614 806 pofita
634 753 802 790 laetetur.
835 750 938 787 Laus
959 748 1082 799 igitur
1097 744 1242 798 judicii
1262 741 1556 793 testimoniique
1577 739 1691 778 vestri

297 820 505 860 tribuenda
526 821 648 857 Bruto
670 817 736 855 est.
762 814 1035 868 Qamobrem
1055 811 1117 849 his
1138 809 1282 854 verbis,
1306 809 1437 846 Patres
1459 805 1688 858 conscripti,

298 884 703 926 senatus-consultum
724 881 951 920 faciendum
972 877 1133 916 censeo:
1165 882 1193 898 “
1217 876 1324 913 CUM
1348 874 1402 912 D.
1427 873 1588 916 Brutus,
1610 871 1689 909 im-

299 961 327 977 “
351 962 516 1006 perator,
535 950 671 989 consul
688 949 922 1000 designatus,
941 943 1187 999 provinciam
1200 941 1376 980 Galliam
1392 940 1433 978 in
1450 938 1602 978 senatus
1615 951 1690 991 po-

300 1026 328 1042 “
351 1019 514 1071 pulique
531 1016 704 1054 Romani
720 1013 907 1067 potestate
924 1020 1072 1049 teneat:
1095 1022 1267 1060 cumque
1283 1006 1502 1046 exercitum
1519 1013 1690 1047 tantum,

300 1091 328 1108 ‘⁶
351 1093 432 1122 tam
464 1082 572 1120 brevi
606 1090 796 1132 tempore,
830 1078 984 1116 summo
1014 1075 1141 1113 studio
1171 1073 1483 1125 municipiorum
1514 1070 1690 1108 colonia-

300 1159 327 1174 “
351 1163 518 1203 rumque
539 1147 749 1201 provinciae
772 1144 930 1188 Galliae,
959 1143 1110 1195 optime
1131 1140 1178 1178 de
1199 1139 1400 1193 republica
1420 1137 1583 1181 meritae,
1606 1149 1691 1174 me·

301 1225 329 1240 “
353 1216 564 1267 remisque,
583 1211 869 1264 conscripserit,
888 1209 1145 1261 compararit:
1170 1206 1211 1244 id
1230 1219 1323 1244 eum
1344 1206 1459 1248 reete,
1481 1212 1519 1241 et
1540 1202 1691 1246 ordine,

303 1290 331 1306 “
353 1295 480 1334 exque
515 1279 739 1332 republica,
771 1276 928 1314 feciffe:
961 1275 1081 1326 idque
1109 1274 1165 1311 D.
1198 1272 1310 1310 Bruti
1340 1268 1694 1323 praestantiffimum

304 1356 331 1372 “
355 1348 543 1386 meritum
565 1346 605 1383 in
623 1343 911 1396 rempublicam
929 1340 1075 1378 senatui
1095 1338 1324 1391 populoque
1340 1338 1523 1374 Romano
1539 1344 1694 1387 gratum

304 1422 332 1438 “
355 1413 441 1458 effe,
467 1422 505 1450 et
527 1411 625 1450 fore.
659 1411 796 1462 Itaque
818 1407 992 1446 senatum
1014 1404 1288 1458 populumque
1310 1403 1539 1440 Romanum
1559 1400 1693 1439 existi-

305 1487 332 1503 “
356 1493 474 1523 mare,
508 1479 561 1516 D.
588 1476 715 1520 Bruti,
743 1473 1003 1527 imperatoris,
1027 1470 1197 1508 consulis
1220 1469 1421 1520 defignati,
1444 1481 1573 1520 opera,
1596 1479 1693 1504 con-

305 1554 332 1570 “
356 1547 461 1590 filio,
493 1545 661 1587 virtute,
694 1540 998 1591 incredibilique
1031 1536 1156 1574 studio
1191 1545 1230 1573 et
1264 1534 1451 1572 consensu
1485 1533 1696 1586 provincia:

307 1619 333 1635 “
358 1611 514 1654 Galliae,
547 1608 773 1661 reipublicae
794 1605 1035 1643 difficillimo
1057 1612 1233 1654 tempore
1253 1600 1325 1638 effe
1347 1599 1625 1637 subventum.”

362 1679 471 1717 Huic
506 1685 615 1715 tanto
647 1674 788 1714 merito
821 1672 959 1715 Bruti,
994 1671 1124 1708 Patres
1160 1666 1398 1719 conscripti,
1433 1674 1621 1717 tantoque
1655 1663 1697 1701 in

306 1744 594 1797 rempublicam
617 1740 823 1784 beneficio,
851 1739 939 1790 quis
961 1736 1014 1774 est
1036 1744 1166 1773 tantus
1189 1733 1331 1777 honos,
1363 1732 1432 1784 qui
1455 1745 1533 1769 non
1555 1730 1696 1768 debea-

308 1821 371 1850 tur
390 1812 402 1848 ?
437 1810 558 1853 Nam,
590 1808 616 1846 fi
639 1807 702 1845 M.
727 1805 906 1844 Antonio
926 1801 1105 1856 patuiffet
1127 1800 1274 1844 Gallia,
1306 1798 1333 1836 fi
1354 1797 1538 1850 oppreffis
1561 1796 1698 1835 muni-

308 1877 439 1930 cipiis,
471 1884 508 1913 et
530 1873 697 1912 coloniis
719 1871 934 1924 imparatis,
967 1869 1007 1906 in
1038 1867 1149 1905 illam
1178 1866 1361 1903 ultimam
1383 1863 1558 1902 Galliam
1579 1876 1699 1915 pene-

308 1954 407 1982 trare
428 1940 639 1996 potuiffet;
672 1948 842 1992 quantus
864 1934 1091 1988 reipublicae
1113 1942 1236 1972 terror
1256 1929 1500 1983 impenderet
1519 1930 1532 1967 ?
1565 1929 1702 1968 Dubi-

310 2019 421 2054 taret‚
453 2007 584 2051 credo,
615 2005 738 2044 homo
767 2001 1066 2044 amentissimus,
1097 2007 1214 2051 atque
1243 1997 1284 2035 in
1314 1996 1502 2035 omnibus
1530 1995 1702 2033 confiliis

311 2088 479 2128 praeceps
515 2082 553 2111 et
586 2072 737 2115 devius,
769 2083 847 2108 non
881 2068 1006 2106 solum
1039 2079 1132 2105 cum
1164 2065 1340 2102 exercitu
1374 2063 1456 2108 su0,
1488 2061 1553 2101 sed
1583 2062 1704 2100 etiam

311 2154 405 2179 cum
425 2140 535 2178 omni
557 2138 802 2176 immanitate
823 2134 1023 2178 barbariae,
1046 2132 1198 2171 bellum
1219 2130 1362 2169 inferre
1384 2129 1521 2167 nobis:
1554 2138 1598 2166 ut
1619 2129 1702 2180 ejus

312 2206 488 2245 furorem
520 2219 567 2242 ne
600 2204 768 2256 Alpium
800 2201 963 2254 quidem
995 2213 1110 2238 muro
1137 2197 1322 2238 cohibere
1350 2196 1558 2249 possemus.
1604 2196 1704 2232 Haec

315 2274 436 2326 igitur
456 2270 634 2310 habenda
654 2269 776 2321 gratia
795 2268 848 2306 est
875 2268 930 2306 D.
953 2268 1093 2311 Bruto,
1125 2265 1195 2318 qui
1216 2264 1348 2308 illum,
1381 2262 1559 2300 nondum
1580 2261 1703 2298 inter-

315 2339 437 2393 pofita
468 2336 695 2375 auctoritate
726 2334 868 2379 vestra,
901 2333 968 2371 suo
1000 2331 1163 2370 confilio
1194 2339 1311 2382 atque
1337 2328 1515 2381 judicio,
1547 2340 1625 2364 non
1662 2335 1706 2363 ut

317 2405 520 2444 consulem
542 2403 701 2454 recepit,
734 2400 797 2439 sed
819 2410 862 2439 ut
882 2400 1034 2438 hostem
1054 2398 1180 2436 arcuit
1202 2396 1355 2440 Gallia;
1389 2395 1503 2446 seque
1523 2392 1704 2436 obfideri‚

316 2485 437 2526 quam
469 2470 569 2510 hanc
599 2469 765 2513 urbem,
796 2467 951 2506 maluit.
998 2465 1153 2503 Habeat
1184 2475 1276 2513 crgo
1309 2460 1427 2511 hujus
1461 2460 1558 2498 tanti
1590 2457 1704 2501 faeti,

1267 2528 1297 2564 A
1330 2540 1351 2564 z
1384 2538 1405 2565 2
