2076 2860
418 179 497 229 466
774 175 850 213 IN
910 174 974 211 M.
1036 170 1464 210 ANTONIUM

419 279 581 332 quidam
604 275 763 315 moleste
783 273 930 312 ferunt.
970 273 1178 310 Poteratne
1200 271 1299 317 fieri,
1330 280 1376 310 ut
1397 285 1476 310 non
1498 271 1660 325 perinde
1679 271 1815 310 homi*-

419 359 486 384 nes
508 345 554 382 de
576 356 748 396 quoque,
771 350 814 378 ut
836 339 1002 392 quisque
1022 348 1252 384 mereretur,
1269 338 1495 391 judicarent
1515 339 1528 376 ?
1561 339 1619 377 Ut
1639 339 1747 377 enim
1769 339 1816 377 de

420 410 598 450 universo
619 409 750 447 senatu
773 407 945 459 populus
967 407 1172 443 Romanus
1194 405 1386 443 veriffime
1401 405 1570 457 judicat,
1594 405 1716 444 nullis
1737 406 1815 444 rei-

419 478 588 531 publicae
610 474 855 528 temporibus
877 473 986 511 hunc
1008 472 1188 510 ordinem
1215 471 1432 510 firmiorem
1461 482 1579 525 atque
1607 472 1817 512 fortiorem

417 543 558 589 fuiffe3
590 542 641 580 sic
669 542 716 579 de
744 553 986 593 unoquoque
1013 538 1205 583 nostrum,
1237 547 1277 576 et
1306 538 1480 576 maxime
1515 538 1584 591 qui
1616 537 1693 577 hoc
1725 539 1815 577 loco

416 609 625 648 sententias
661 607 859 651 dicimus,
897 605 1142 644 sciscitantur
1176 618 1340 649 omnes,
1378 612 1493 642 avent
1527 604 1687 650 audire,
1718 604 1816 656 quid

415 675 581 728 quisque
602 673 759 712 senserit
778 688 787 711 :
821 673 874 710 ita
898 671 945 710 de
967 684 1222 723 unoquoque,
1254 680 1300 708 ut
1319 683 1519 723 quemque
1539 670 1730 708 meritum
1751 683 1813 708 ar-

416 742 627 786 bitrantur,
659 739 898 779 existimant.
942 738 1142 777 NIemoria
1164 746 1314 782 tenent,
1347 750 1411 774 me
1442 745 1531 774 ante
1563 736 1669 774 diem
1703 750 1812 775 xm.

416 808 507 847 Kal.
531 809 620 859 Jan.
644 806 867 860 principem
900 804 1124 843 revocandae
1153 804 1346 842 libertatis
1379 802 1520 842 fuisse:
1555 817 1618 841 me
1645 817 1693 841 ex
1721 803 1812 843 Kal.

413 875 504 926 Jan.
539 873 586 911 ad
620 872 722 911 hanc
756 872 895 910 horam
930 871 1146 924 invigilasse
1182 869 1434 923 reipublicae:
1468 883 1597 907 meam
1628 869 1811 914 domum,

412 940 595 993 measque
615 952 739 983 aures,
763 938 859 983 dies,
882 939 1029 982 ηοᾶῒεε,
1047 937 1231 975 omnium
1253 936 1456 989 praeceptis
1478 935 1720 988 monitisque
1740 949 1811 989 pa-

411 1007 545 1045 tuiffe:
569 1005 666 1045 meis
684 1005 823 1049 literis,
847 1004 945 1042 meis
967 1004 1133 1048 nuntiis,
1157 1004 1254 1041 meis
1277 1001 1635 1046 cohortationibus,
1658 1015 1811 1047 omnes,

411 1073 483 1124 qui
505 1072 653 1124 ubique
674 1071 807 1115 effent,
829 1069 876 1109 ad
897 1070 1030 1122 patriae
1051 1069 1273 1121 praefidium
1294 1068 1508 1106 excitatos:
1533 1067 1630 1104 meis
1653 1067 1811 1105 senten-

412 1139 478 1178 tiis
500 1153 520 1176 a
539 1138 728 1176 Kalendis
750 1136 945 1188 Januariis
969 1147 1175 1186 nunquam
1196 1134 1343 1186 legatos
1365 1132 1411 1171 ad
1436 1134 1684 1171 Antonium:
1709 1133 1812 1172 sem-

413 1219 481 1257 per
502 1204 619 1242 illum
640 1202 807 1247 hostem,
831 1201 981 1253 semper
1001 1199 1078 1238 hoc
1101 1200 1252 1237 bellum
1273 1214 1281 1237 :
1306 1209 1349 1237 ut
1370 1212 1458 1251 ego,
1482 1199 1551 1250 qui
1572 1199 1684 1236 omni
1707 1208 1811 1238 tem-

412 1284 505 1323 pore
535 1283 630 1307 verae
662 1269 766 1321 pacis
797 1269 929 1306 auffitor
960 1266 1130 1310 fuiffem,
1163 1264 1257 1303 huic
1285 1264 1401 1302 essem
1435 1264 1590 1301 nomini
1622 1264 1812 1316 pestiferae

411 1337 517 1389 pacis
545 1335 749 1373 inimicus.
794 1333 905 1371 Idem
927 1332 1180 1376 Ventidium,
1213 1345 1306 1368 cum
1339 1330 1405 1368 alii
1439 1329 1649 1368 tribunum
1681 1331 1810 1383 plebis

410 1401 633 1445 voluissent,
666 1413 745 1438 non
767 1413 840 1451 ego
862 1398 1011 1450 semper
1031 1396 1184 1435 hostem
1204 1397 1216 1434 ?
1249 1397 1333 1434 Has
1362 1397 1403 1434 in
1426 1395 1635 1434 sententias
1658 1410 1762 1435 meas
1784 1397 1808 1435 fi

409 1466 588 1505 consules
611 1465 798 1517 designati
820 1463 1088 1501 disceffionem
1109 1461 1235 1500 facere
1256 1461 1490 1506 voluissent,
1518 1461 1706 1499 omnibus
1729 1462 1810 1500 istis

409 1533 644 1577 latronibus,
676 1532 904 1569 auctoritate
935 1529 1016 1582 ipsa
1050 1529 1217 1574 semitm,
1244 1529 1327 1581 jam
1361 1528 1515 1581 pridem
1546 1527 1593 1565 de
1625 1529 1808 1566 manibus

407 1613 514 1639 arma
533 1597 774 1637 cecidissent.

463 1666 581 1704 VIII.
615 1664 703 1709 Sed,
735 1663 842 1717 quod
864 1673 951 1701 tum
972 1675 1052 1701 non
1074 1661 1204 1707 licuit,
1238 1661 1370 1699 Patres
1396 1659 1625 1712 conscripti,
1657 1659 1699 1698 id
1728 1658 1807 1699 hoc

408 1742 586 1785 tempore
607 1744 685 1768 non
708 1730 836 1768 solum
857 1730 966 1775 licet,
997 1742 1136 1767 verum
1157 1727 1275 1766 etiam
1297 1725 1444 1765 necesse
1464 1726 1532 1772 est,
1564 1740 1644 1772 eos,
1677 1727 1747 1779 qui
1769 1741 1809 1765 re

409 1801 499 1838 sunt
531 1798 674 1842 hostes,
707 1797 835 1835 verbis
870 1796 1012 1840 notari,
1049 1794 1251 1833 sententiis
1287 1793 1426 1832 nostris
1460 1792 1588 1831 hostes
1619 1793 1805 1845 judicari.

408 1867 538 1904 Antea
566 1877 660 1901 cum
688 1862 841 1900 hostem
871 1870 937 1899 aut
968 1860 1121 1899 bellum
1151 1859 1424 1904 nominassem,
1456 1858 1575 1896 semel
1605 1868 1643 1896 et
1668 1859 1805 1911 saepius

408 1930 642 1969 sententiam
663 1941 791 1966 meam
812 1927 858 1965 de
891 1940 1057 1965 numero
1087 1925 1367 1964 sententiarum
1398 1923 1651 1963 sustulerunt.
1686 1926 1807 1976 Qod

408 1998 449 2035 in
470 1996 543 2035 hac
565 1994 674 2034 causa
689 1996 773 2047 jam
795 1993 879 2031 fieri
909 2007 988 2031 non
1010 1991 1150 2045 potest.
1195 1993 1257 2031 Ex
1288 1991 1412 2030 literis
1443 1991 1551 2029 enim
1583 1992 1632 2029 C.
1657 1991 1804 2037 Pansae,

408 2065 460 2101 A.
480 2063 622 2107 Hirtii,
654 2061 877 2105 consulum,
911 2061 960 2098 C.
981 2058 1156 2104 Caesaris,
1183 2058 1449 2111 propraetoris,
1475 2057 1522 2096 de
1542 2056 1692 2095 honore
1714 2058 1804 2096 Diis

407 2127 700 2167 immortalibus
717 2125 898 2164 habendo
915 2125 1123 2163 sententias
1141 2124 1332 2162 diximus.
1358 2122 1697 2175 Supplicationem
1714 2137 1804 2161 mo-

407 2195 458 2233 do
490 2195 558 2248 qui
591 2193 778 2238 decrevit,
810 2192 916 2230 idem
946 2191 1176 2244 imprudens
1197 2190 1325 2229 hostes
1341 2190 1563 2243 judicavit:
1597 2203 1805 2242 nunquam

407 2262 515 2300 enim
541 2262 582 2298 in
604 2260 714 2298 civili
741 2259 847 2297 bello
875 2258 1110 2311 supplicatio
1137 2257 1292 2296 decreta
1321 2256 1389 2296 est.
1434 2257 1649 2295 Decretam
1678 2255 1801 2294 dico?

406 2342 454 2366 ne
475 2327 631 2366 vicioris
654 2325 816 2379 quidem
838 2325 962 2362 literis
983 2323 1174 2376 postulata
1194 2323 1262 2362 est.

453 2394 582 2432 Civile
600 2392 752 2430 bellum
769 2391 905 2430 consul
924 2391 1028 2442 Sylla
1043 2390 1174 2442 geffit:
1194 2388 1420 2442 legionibus
1437 2388 1478 2426 in
1495 2388 1636 2426 urbem
1653 2386 1801 2425 adduc-

333 2461 341 2469 ‘
405 2462 470 2507 tis,
503 2473 601 2514 quos
623 2459 764 2506 voluit,
794 2458 972 2512 expulit3
1006 2470 1103 2512 quos
1125 2457 1272 2511 potuit,
1295 2454 1468 2497 occidit:
1501 2452 1799 2509 supplicationis
