2076 2860
426 211 504 265 436
776 207 855 247 1N
911 205 980 246 M.
1038 205 1466 246 ANTONIUM

427 310 622 368 primipili
643 322 827 349 nummos
849 321 983 346 aureos
1005 306 1126 353 daret,
1149 306 1196 345 de
1216 308 1315 346 meis
1337 308 1451 346 bonis
1473 308 1510 346 se
1530 307 1618 347 dare
1639 308 1768 350 dixit:
1792 313 1820 351 fi

428 379 537 418 enim
565 377 611 415 de
643 376 718 414 suis
752 373 920 419 dixisset,
950 386 1000 411 ne
1027 373 1201 425 aquilam
1234 373 1396 425 quidem
1427 374 1551 427 ipsam
1582 376 1820 416 credituram

428 444 596 498 putavit.
643 443 740 480 Non
759 439 902 485 ferent,
933 439 1113 492 inquam,
1144 440 1252 478 oculi
1273 441 1426 486 Saxam,
1460 441 1708 494 Caphonem,
1740 457 1821 482 non

427 511 505 548 duo
526 518 723 562 praetoreS,
756 521 836 545 non
856 506 1067 544 tribunum
1087 506 1230 559 plebis,
1253 520 1333 544 non
1355 506 1433 544 duo
1454 506 1669 559 designatos
1691 509 1820 559 tribu—

428 590 513 621 nos,
546 589 625 613 non
648 574 829 619 Bestiam,
862 587 940 611 non
964 573 1230 618 Trebellium,
1263 587 1342 611 non
1365 573 1572 612 Plancum.
1615 575 1709 613 Non
1731 576 1821 629 pos-

428 643 514 680 sum
541 643 674 680 animo
705 654 817 693 aequo
847 640 978 678 videre
1011 648 1084 685 tot,
1116 648 1197 677 tam
1220 639 1485 692 importunos,
1519 650 1598 678 tam
1619 640 1820 681 sceleratos

426 708 554 747 hostes
573 728 583 754 3
616 722 688 746 nec
709 708 748 745 id
771 706 815 745 fit
835 705 990 744 fastidio
1010 720 1114 751 meo,
1146 706 1209 744 sed
1230 707 1389 744 caritate
1410 706 1651 759 reipublicae.

485 775 557 813 Sed
584 775 742 813 vincam
772 774 966 818 animum,
998 772 1180 826 mihique
1201 773 1432 826 imperabo:
1465 773 1820 826 doloremjustiffi-

428 855 558 887 mum,
590 840 616 878 fi
642 853 721 878 non
742 849 879 893 potero
899 838 1092 891 frangere,
1123 839 1348 878 occultabo.
1394 838 1536 892 Qid?
1567 839 1656 878 vitae
1687 839 1821 878 cense-

428 906 542 952 tisne,
576 907 706 944 Patres
742 905 971 957 conscripti,
1002 904 1224 943 habendam
1258 904 1361 943 mihi
1391 905 1565 958 aliquam
1594 905 1666 943 effe
1700 906 1821 944 ratio-

428 974 552 1012 nem?
589 986 675 1025 quae
709 971 811 1011 mihi
845 971 1009 1025 quidem
1043 971 1212 1009 minime
1246 985 1332 1009 cara
1365 971 1443 1017 est,
1479 971 1694 1024 praesertim
1727 986 1822 1011 cum

429 1039 640 1078 Dolabella
670 1037 823 1084 fecerit,
855 1047 900 1076 ut
930 1037 1101 1091 optanda
1131 1051 1237 1076 mors
1270 1038 1374 1082 effer,
1406 1037 1526 1076 modo
1546 1038 1624 1076 fine
1644 1038 1822 1077 cruciatu

428 1115 546 1159 atque
577 1105 815 1143 tormentis:
846 1103 959 1142 vobis
991 1113 1123 1142 tamen
1155 1112 1194 1142 et
1228 1103 1377 1156 populo
1413 1104 1596 1141 Romano
1629 1104 1719 1142 vilis
1749 1104 1823 1142 effe

428 1172 587 1224 spiritus
608 1184 719 1209 meus
741 1183 820 1208 non
842 1169 972 1208 debet.
1006 1170 1043 1207 Is
1065 1169 1172 1207 enim
1193 1169 1294 1215 sum,
1318 1169 1388 1207 nisi
1408 1168 1511 1208 forte
1531 1183 1595 1208 me
1615 1168 1726 1215 fallo,
1753 1170 1824 1223 qui

427 1237 593 1290 vigiliis,
625 1237 745 1282 curis,
777 1236 994 1280 sententiis,
1025 1235 1211 1288 periculis
1247 1235 1381 1279 etiam,
1418 1249 1504 1286 quae
1538 1235 1713 1287 plurima
1744 1235 1823 1274 adii

427 1313 588 1356 propter
608 1301 897 1340 acerbiffimum
917 1302 1100 1355 omnium
1132 1301 1173 1338 in
1205 1314 1269 1338 me
1299 1300 1439 1338 odium
1467 1300 1699 1353 impiorum,
1730 1315 1822 1354 per-

428 1369 607 1415 fecerim,
639 1377 684 1407 ut
705 1382 784 1407 non
805 1367 1001 1406 obstarent
1021 1366 1264 1420 reipublicae,
1295 1380 1344 1405 ne
1364 1366 1462 1420 quid
1488 1367 1732 1420 arrogantius
1759 1368 1822 1407 vi-

427 1436 517 1474 dear
548 1436 690 1474 dicere.
735 1433 855 1486 Qod
876 1447 970 1472 cum
997 1434 1052 1472 ita
1071 1433 1132 1479 fit,
1164 1432 1319 1472 nihilne
1343 1432 1446 1472 mihi
1467 1433 1513 1472 de
1532 1434 1711 1487 periculo
1731 1448 1822 1474 meo

427 1502 685 1554 cogitandum
705 1501 851 1554 putatis
870 1501 884 1538 ?

474 1570 548 1607 IX.
569 1569 651 1606 Hic
665 1582 759 1606 cum
774 1566 890 1605 essem
905 1567 948 1605 in
963 1566 1060 1605 urbe
1075 1580 1119 1605 ac
1135 1566 1260 1613 domi,
1274 1563 1404 1605 tamen
1420 1566 1548 1605 multa
1563 1566 1659 1620 saepe
1675 1575 1822 1606 tentata

428 1636 531 1681 sunt,
549 1635 618 1673 ubi
638 1648 702 1673 me
723 1648 803 1673 non
825 1633 953 1673 solum
973 1634 1194 1672 amicorum
1214 1634 1396 1679 fidelitas,
1414 1633 1478 1672 sed
1497 1634 1616 1672 etiam
1638 1634 1823 1673 universae

427 1702 598 1740 civitatis
628 1701 736 1739 oculi
768 1700 1009 1738 custodiunt.
1052 1699 1164 1752 Qid
1193 1699 1374 1745 censetis,
1406 1713 1500 1738 cum
1529 1700 1604 1738 iter
1632 1699 1821 1752 ingreffus

428 1782 493 1806 ero
508 1796 519 1812 ,
560 1767 727 1818 longum
763 1766 975 1817 praesertim
994 1766 1007 1802 ?
1050 1765 1228 1804 nullasne
1267 1766 1421 1804 infidias
1462 1765 1786 1818 pertimescendas
1806 1767 1820 1804 ἓ

429 1835 529 1873 Tres
550 1832 621 1869 viae
643 1831 731 1869 sunt
751 1831 800 1868 ad
820 1831 1041 1876 Mutinam,
1059 1845 1140 1884 quo
1160 1831 1317 1869 festinat
1337 1833 1507 1877 animus,
1530 1841 1574 1869 ut
1595 1845 1716 1884 quam
1736 1832 1820 1884 pri-

429 1911 543 1937 mum
564 1896 665 1935 illud
686 1897 830 1948 pignus
852 1896 1044 1950 libertatis
1066 1897 1205 1949 populi
1225 1898 1398 1934 Romani
1420 1898 1475 1936 D.
1499 1898 1668 1936 Brutum
1689 1897 1819 1949 adspi-

429 1978 515 2003 cere
535 1962 697 2016 poffim:
730 1963 843 2014 cujus
865 1961 905 2000 in
927 1962 1140 2015 complexu
1160 1962 1330 2000 libenter
1349 1972 1573 2001 extremum
1593 1963 1682 2001 vitae
1704 1962 1819 2015 spiri-

426 2040 517 2070 tum
537 2028 741 2074 ediderim,
775 2042 868 2066 cum
897 2042 1034 2067 omnes
1064 2029 1233 2067 affiones
1266 2028 1412 2067 horum
1444 2029 1651 2073 mensium,
1683 2041 1820 2067 omnes

428 2095 629 2136 sententiae
650 2108 758 2139 meae,
791 2095 1038 2147 pervenerint
1058 2095 1105 2133 ad
1125 2109 1232 2141 eum,
1263 2095 1334 2148 qui
1355 2093 1457 2133 mihi
1477 2095 1555 2133 fuit
1585 2095 1820 2147 propositus,

426 2163 596 2202 exitum.
628 2162 729 2199 Tres
751 2174 857 2213 ergo,
881 2170 924 2199 ut
945 2160 1043 2206 dixi,
1065 2163 1159 2200 viae:
1191 2175 1213 2200 a
1233 2161 1371 2214 supero
1392 2162 1505 2207 mari,
1529 2161 1748 2207 Flaminia3
1771 2161 1820 2199 ab

429 2228 570 2273 infero,
602 2227 791 2272 Aurelia,
824 2227 967 2272 media,
1001 2227 1138 2267 Caffia.

484 2295 622 2338 Nunc,
655 2292 798 2345 quaesO,
830 2292 1035 2338 attendite,
1067 2307 1164 2332 num
1184 2293 1335 2332 aberret
1362 2308 1383 2332 a
1409 2295 1631 2346 conjetstura
1652 2292 1821 2345 suspicio

427 2359 596 2413 periculi
625 2359 719 2397 mei.
761 2359 963 2397 Etruriam
990 2359 1234 2398 discriminat
1265 2360 1403 2398 Callia.
1445 2359 1649 2398 Scimusne
1680 2359 1817 2411 igitur,

428 2426 561 2471 Pansa,
593 2425 738 2478 quibus
754 2426 802 2463 in
822 2425 920 2464 locis
943 2439 1047 2464 nunc
1070 2426 1115 2465 fit
1136 2426 1328 2465 Lentonis
1352 2426 1545 2464 Caesennii
1566 2424 1818 2478 septemvira-

427 2494 474 2529 ]is
503 2491 741 2530 auctoritas?
773 2491 997 2531 Nobiscum
1031 2506 1102 2530 nec
1134 2492 1267 2531 animo
1299 2501 1403 2531 certe
1435 2491 1502 2537 est,
1534 2504 1606 2529 nec
1638 2502 1814 2542 corpore.
