2076 2860
350 217 398 256 26
824 211 1268 250 ORATIO

348 308 502 346 videbat
522 324 530 346 ;
554 308 654 346 dixit
675 305 949 344 vehementer:
973 306 1054 357 egit
1074 305 1213 342 acriter
1232 320 1240 343 :
1264 318 1320 350 ea,
1343 317 1430 356 quae
1451 304 1577 350 sensit,
1601 318 1677 358 prae
1698 305 1735 343 se

348 375 441 412 tulit
461 390 469 412 ;
502 375 596 419 dux,
619 375 763 416 aneton
787 373 891 409 ac'tor
911 385 1042 409 rerum
1064 371 1223 409 illarum
1244 370 1322 408 fuit
1341 387 1349 409 2
1374 385 1453 409 non
1474 385 1554 423 quo
1575 371 1733 423 pericu-

347 440 432 476 lum
454 439 567 477 suum
588 452 666 476 non
689 437 859 481 videret;
877 437 997 474 sedin
1016 446 1120 475 tanta
1136 436 1362 489 reipublicae
1385 436 1611 489 tempestate
1632 435 1734 474 nihil

346 505 430 550 fibi,
454 505 523 542 nifi
545 505 591 542 de
612 504 744 556 patriae
762 503 963 555 periculis,
996 503 1253 555 cogitandum
1274 503 1452 556 putabat.
1486 503 1732 542 Consecutus

346 570 398 608 est
419 571 534 622 ipsius
556 570 793 607 tribunatus.

401 637 556 674 XXIX.
589 634 698 687 Qid
721 648 793 686 ego
814 634 860 671 de
882 633 1065 685 fingulari
1082 634 1356 686 magnitudine
1372 635 1496 673 animi
1512 636 1611 687 ejus,
1629 648 1672 672 ac
1689 633 1735 672 de

344 701 570 739 incredibili
604 702 748 739 virtute
766 730 776 745 ,
809 700 937 737 dicam
956 701 968 737 ?
1011 699 1252 738 Meministis
1288 701 1405 738 illum
1441 701 1546 738 diem
1564 730 1575 746 ,
1612 714 1704 738 cum
1723 730 1733 745 ,

348 768 496 819 templo
517 781 538 804 a
557 767 708 818 collega
728 775 920 818 occupato
938 795 948 810 ,
981 765 1094 803 nobis
1122 766 1309 804 omnibus
1332 766 1378 804 de
1400 767 1479 804 vita
1498 767 1580 818 ejus
1603 767 1676 804 viri
1697 776 1735 804 et

344 834 441 871 civis
465 833 696 871 timentibus
715 862 726 878 ,
758 833 838 885 ipse
858 833 991 870 animo
1010 831 1220 870 fortiffimo
1240 833 1348 871 venit
1376 834 1417 870 in
1440 833 1636 885 templum
1655 862 1666 877 ,
1697 843 1736 870 et

344 900 558 937 clamorem
578 898 789 937 hominum
810 898 1053 943 auctoritate,
1070 898 1265 951 impetum
1282 899 1558 951 improborum
1573 899 1734 945 virtute,

345 966 502 1003 sedavit.
527 965 641 1003 Adiit
663 975 748 1003 tum
770 965 1006 1018 periculum,
1025 964 1089 1002 sed
1108 965 1204 1003 adiit
1224 964 1275 1003 ob
1293 965 1471 1010 causam;
1491 979 1575 1017 quae
1592 975 1737 1016 quanta

343 1030 477 1076 fuerit,
504 1032 589 1082 jam
609 1030 711 1068 mihi
733 1030 859 1068 dicere
882 1044 960 1068 non
982 1030 1035 1068 est
1057 1030 1216 1068 necesse.
1249 1031 1320 1076 At,
1352 1031 1378 1069 fi
1408 1030 1470 1069 isti
1492 1031 1648 1083 Cypriae
1669 1044 1734 1069 ro-

343 1097 493 1149 gationi
515 1097 808 1135 sceleratiffimae
829 1110 908 1134 non
925 1096 1121 1149 paruisset,
1139 1095 1299 1134 haereret
1320 1097 1389 1135 illa
1409 1096 1672 1135 nihilominus
1694 1097 1736 1135 in

345 1163 546 1215 republica
562 1163 781 1215 turpitudo.
800 1164 942 1215 Regno
957 1163 1065 1200 enim
1076 1164 1160 1215 jam
1178 1163 1394 1215 publicato,
1413 1163 1460 1202 de
1481 1163 1564 1216 ipso
1586 1164 1738 1201 Catone

344 1239 422 1267 erat
444 1230 681 1267 nominatim
703 1239 884 1282 rogatum
902 1245 911 1268 ε
945 1229 1051 1282 quod
1078 1229 1146 1267 ille
1174 1230 1199 1267 fi
1222 1230 1453 1282 repudiasset
1471 1260 1481 1275 ‚
1514 1230 1704 1268 dubitatis
1723 1258 1736 1275 ,

343 1295 440 1346 quin
472 1295 506 1332 ei
536 1295 593 1332 vis
624 1294 713 1333 effet
742 1295 870 1341 allata,
902 1309 995 1333 cum
1025 1296 1159 1333 omnia
1183 1297 1263 1333 acta
1285 1296 1392 1334 illius
1415 1296 1507 1334 anni
1528 1309 1597 1348 per
1618 1295 1737 1333 illum

344 1373 468 1397 unum
490 1359 711 1397 labefactari
733 1360 956 1398 viderentur
975 1362 987 1398 ?

399 1426 533 1477 Atque
552 1426 671 1463 etiam
693 1425 769 1464 hoc
791 1427 970 1465 videbat:
995 1426 1183 1478 quoniam
1204 1427 1272 1464 illa
1294 1427 1332 1464 in
1356 1427 1557 1479 republica
1577 1427 1733 1465 macula

344 1491 452 1543 regni
476 1491 667 1544 publicati
689 1501 885 1538 maneret,
916 1506 1034 1545 quam
1057 1506 1173 1530 nemo
1188 1494 1272 1545 jam
1294 1493 1416 1546 poffet
1436 1493 1592 1538 eluere3
1625 1492 1733 1545 quod

343 1571 389 1594 ex
411 1557 524 1594 malis
547 1557 640 1595 boni
661 1558 775 1609 poffit
796 1559 836 1596 in
858 1558 1061 1611 republica
1080 1560 1284 1611 provenire
1300 1589 1311 1604 ‚
1344 1559 1383 1597 id
1412 1559 1549 1597 utilius
1571 1558 1643 1597 effe
1665 1573 1735 1611 per

342 1622 378 1661 se
412 1623 641 1668 conservari,
673 1637 792 1675 quam
826 1638 894 1676 per
928 1625 1039 1662 alios.
1082 1627 1215 1677 Atque
1249 1625 1332 1670 ille,
1363 1626 1483 1663 etiam
1519 1625 1544 1663 fi
1578 1625 1732 1677 aliqua-

344 1689 448 1740 piam
469 1690 506 1726 vi
527 1689 788 1741 expelleretur
808 1690 887 1728 illis
906 1690 1149 1742 temporibus
1165 1705 1213 1729 ex
1229 1689 1302 1729 hac
1320 1691 1430 1736 urbe,
1447 1690 1563 1730 facile
1579 1700 1733 1744 patere-

344 1763 420 1792 tur.
440 1754 617 1798 Etenim,
635 1755 704 1805 qui
722 1754 914 1806 superiore
930 1768 1032 1793 anno
1049 1755 1181 1793 senatu
1197 1756 1390 1801 caruisset,
1407 1770 1486 1808 quo
1508 1757 1533 1794 fi
1556 1766 1641 1795 tum
1663 1771 1733 1795 ve-

345 1820 458 1863 niret,
479 1833 540 1856 me
558 1829 686 1857 tamen
705 1820 854 1858 socium
871 1820 1029 1859 suorum
1045 1821 1086 1860 in
1108 1821 1311 1874 republica
1330 1822 1584 1861 confiliorum
1604 1822 1734 1862 videre

343 1884 463 1936 posset
480 1904 491 1929 3
510 1883 556 1922 'is
578 1898 688 1937 aequo
709 1886 842 1924 animo
863 1896 963 1931 tum,
996 1900 1059 1924 me
1079 1887 1256 1939 expulso,
1287 1896 1326 1925 et
1347 1901 1436 1925 meo
1457 1888 1618 1927 nomine
1640 1901 1733 1927 cum

344 1950 522 1988 universo
543 1950 687 1995 senatu,
712 1961 796 1989 tum
819 1952 1092 1990 sententia‘sua
1106 1952 1379 1999 condemnata,
1399 1954 1439 1991 in
1461 1953 1533 1991 hac
1550 1954 1646 1992 urbe
1661 1954 1734 1992 esse

345 2015 464 2068 posset
485 2017 496 2053 ?
530 2016 602 2054 Ille
624 2030 713 2054 vero
733 2017 861 2055 eidem
884 2019 1079 2071 tempori,
1112 2019 1177 2056 cui
1199 2033 1269 2057 nos
1284 2049 1296 2065 ,
1326 2019 1455 2058 eidem
1476 2018 1626 2065 furori,
1657 2020 1732 2058 eis-

345 2082 433 2119 dem
455 2082 696 2127 consulibus,
729 2083 872 2121 eisdem
895 2085 1030 2129 minis,
1062 2085 1226 2130 infidiis‚
1253 2086 1454 2138 periculis,
1477 2086 1610 2124 ceffit:
1644 2087 1732 2124 luc-

344 2157 430 2186 tum
454 2161 523 2185 nos
543 2147 741 2187 hausimus
763 2151 966 2202 majorem,
988 2150 1165 2189 dolorem
1186 2152 1254 2190 ille
1274 2152 1396 2190 animi
1418 2165 1497 2190 non
1519 2152 1730 2192 minorem.

401 2213 533 2251 XXX.
567 2214 646 2251 His
667 2213 713 2252 de
735 2224 794 2252 tot
816 2215 1008 2268 tantisque
1029 2216 1183 2268 injuriis
1206 2217 1246 2254 in
1272 2216 1395 2256 socios
1411 2246 1422 2262 ‚
1454 2217 1495 2254 in
1526 2231 1632 2269 reges
1648 2247 1658 2263 ‚
1691 2218 1732 2256 in

346 2279 484 2316 liberas
505 2280 697 2325 civitates,
727 2281 934 2320 consulum
956 2282 1111 2334 querela
1131 2282 1202 2321 effe
1223 2283 1360 2322 debuit
1379 2299 1388 2322 :
1421 2283 1461 2321 in
1482 2285 1565 2336 ejus
1588 2284 1732 2336 magis-

345 2354 466 2383 tratus
489 2345 611 2383 tutela
633 2359 738 2398 reges
760 2357 874 2399 atque
895 2358 1033 2387 exterae
1056 2349 1230 2388 nationes
1252 2349 1402 2402 semper
1431 2349 1605 2389 fuerunt.
1650 2351 1732 2388 Ec-

345 2424 430 2462 qua:
451 2423 526 2449 vox
550 2424 722 2463 unquam
743 2414 797 2451 est
817 2414 948 2452 audita
967 2415 1174 2453 consulum
1194 2417 1206 2453 ?
1239 2417 1477 2468 Qanquam
1502 2417 1591 2469 quis
1612 2416 1732 2454 aude-

346 2485 418 2519 ret,
451 2476 476 2514 s1
499 2477 669 2516 maxime
690 2480 799 2531 queri
822 2481 937 2519 vellet
958 2482 969 2518 ?
1004 2481 1065 2519 De
1087 2481 1236 2535 Cyprio
1258 2496 1346 2534 rege
1367 2491 1633 2535 quererentur,
1665 2482 1733 2534 qui
