2076 2860
468 255 542 308 378
818 253 895 292 IN
955 252 1020 291 M.
1081 253 1505 292 ANTONIUM

463 356 658 399 omnin0;
692 355 883 407 quoniam
916 355 1035 392 Caius
1068 353 1186 392 frater
1218 354 1270 392 est
1298 355 1389 392 inde
1417 364 1633 394 revocatus.
1679 356 1753 394 Sed
1774 370 1860 409 quae

463 422 667 476 provincia
695 421 763 466 est,
795 434 842 459 ex
873 434 949 473 qua
979 421 1047 458 illa
1075 420 1140 459 fax
1169 421 1337 460 excitare
1359 436 1436 459 non
1458 422 1573 474 poffit
1594 423 1826 461 incendium
1845 419 1887 460 ,ΡΧ

465 489 603 540 Itaque
643 486 790 531 iidem,
827 486 933 539 quasi
967 486 1122 540 providi
1157 488 1286 531 cives,
1323 497 1361 525 et
1395 487 1586 526 senatores
1622 488 1858 541 diligentes,

465 553 658 591 bellicum
688 566 751 590 me
781 552 961 591 ceciniffe
991 552 1158 597 dicunt3
1193 552 1410 605 suscipiunt
1440 553 1545 605 pacis
1577 555 1858 607 patrocinium.

468 619 616 658 Nonne
649 619 699 656 fic
732 617 964 670 disputant?
998 619 1147 657 Irritari
1180 619 1406 657 Antonium
1439 633 1519 657 non
1551 621 1757 672 oportuit:
1790 635 1860 658 ne-

463 698 585 738 quam
605 684 659 722 est
683 683 806 722 homo
827 685 910 730 ille,
942 693 1060 737 atque
1081 684 1282 723 confidens
1303 701 1311 723 :
1345 685 1464 723 multi
1485 695 1668 738 praeterea
1688 686 1861 738 improbi

467 738 585 804 (quos
618 750 782 803 quidem
813 764 834 788 a
866 751 901 788 se
934 751 1110 803 primum
1143 739 1346 790 numerare
1378 751 1550 804 possunt,
1582 752 1652 804 qui
1683 751 1767 790 haec
1799 752 1861 790 lo-

465 816 663 870 quuntur)
689 830 752 854 eos
774 817 965 855 cavendos
986 817 1057 855 effe
1079 818 1328 857 denuntiant.
1373 819 1523 856 Utrum
1544 818 1668 870 igitur
1688 818 1728 855 in
1751 817 1861 856 nefa-

467 883 534 921 riis
566 883 719 921 civibus
752 883 1001 929 ulciscendis,
1034 898 1128 922 cum
1157 883 1287 936 poffis,
1307 897 1367 936 „an
1398 883 1736 936 perfimescendis,
1767 884 1862 922 dili-

465 949 623 1002 gentior
643 950 774 987 cautio
795 949 847 986 est
866 950 878 986 ?

524 1017 579 1054 ΙΙ.
612 1017 747 1068 Atque
777 1015 860 1054 haec
881 1016 942 1054 illi
963 1016 1197 1069 loquuntur,
1230 1018 1300 1070 qui
1321 1017 1522 1070 quondam
1543 1025 1703 1069 propter
1723 1016 1862 1054 levita-

467 1091 549 1120 tem
570 1081 777 1134 populares
800 1080 1060 1120 habebantur.
1084 1083 1146 1120 Ex
1164 1096 1244 1134 quo
1260 1082 1434 1134 intelligi
1454 1082 1594 1135 potest,
1617 1082 1750 1120 animo
1771 1081 1863 1119 illos

467 1146 708 1185 abhorruisse
739 1147 890 1200 semper
920 1147 969 1184 ab
1001 1147 1156 1199 optimo
1188 1147 1359 1185 civitatis
1396 1147 1507 1192 statu,
1546 1161 1626 1185 non
1661 1147 1864 1186 voluntate

467 1212 580 1251 fuisse
600 1212 822 1266 populares.
864 1213 948 1265 Qi
969 1214 1076 1250 enim
1098 1214 1298 1258 convenit,
1332 1222 1389 1257 ut,
1422 1214 1491 1265 qui
1513 1214 1554 1250 in
1576 1213 1690 1251 rebus
1711 1213 1863 1265 impro-
1916 1217 1921 1221 '

469 1278 529 1316 bis
550 1278 757 1330 populares
779 1277 942 1323 fuerint,
975 1278 1096 1316 iidem
1118 1279 1156 1315 in
1180 1292 1219 1315 re
1241 1292 1317 1315 una
1337 1279 1509 1316 maxime
1530 1278 1726 1331 populari,
1756 1277 1864 1329 quod

467 1344 603 1383 eadem
625 1344 798 1382 salutaris
820 1345 969 1397 populo
992 1345 1174 1383 Romano
1196 1344 1256 1389 fit,
1288 1344 1491 1396 improbos
1513 1344 1564 1389 se,
1591 1357 1711 1396 quam
1731 1357 1862 1396 popu-

469 1410 581 1455 lares,
613 1409 685 1448 effe
712 1410 885 1448 malint?
929 1411 1000 1448 Me
1022 1410 1184 1463 quidem
1207 1409 1371 1463 semper,
1405 1419 1447 1447 ut
1469 1410 1590 1455 scitis,
1621 1409 1865 1448 adversatum

469 1476 742 1514 multitudinis
774 1477 1004 1522 temeritati,
1035 1476 1118 1515 haec
1150 1475 1246 1514 fecit
1277 1476 1564 1530 praeclariflima
1592 1475 1703 1514 causa
1730 1489 1862 1529 popu-

470 1543 606 1580 larem.

525 1610 578 1646 Et
599 1608 762 1661 quidem
783 1608 986 1655 dicuntur,
1018 1609 1079 1647 vel
1110 1609 1242 1662 potius
1273 1609 1309 1647 se
1336 1609 1405 1661 ipsi
1428 1608 1581 1653 dicunt,
1613 1607 1833 1646 consulares
1851 1623 1862 1645 ε

466 1689 547 1727 quo
568 1676 729 1713 nomine
751 1690 867 1714 nemo
888 1677 1032 1729 dignus
1049 1676 1116 1721 est,
1140 1677 1209 1714 nifi
1230 1676 1299 1728 qui
1322 1677 1419 1713 tanti
1440 1675 1602 1713 honoris
1624 1688 1768 1712 nomen
1790 1687 1864 1727 po-

469 1741 540 1779 test
561 1741 757 1780 sustinere.
792 1744 934 1781 Faveas
966 1753 1010 1781 tu
1039 1741 1141 1780 hosti
1160 1744 1172 1780 ?
1205 1743 1272 1780 ille
1294 1742 1423 1780 literas
1445 1742 1491 1779 ad
1514 1752 1550 1780 te
1571 1742 1704 1779 mittat
1731 1741 1778 1778 de
1800 1740 1864 1778 sua

470 1808 533 1860 spe
555 1821 686 1845 rerum
708 1808 965 1847 secundarum
984 1809 996 1846 ?
1019 1822 1080 1846 eas
1103 1817 1147 1846 tu
1166 1809 1279 1846 laetus
1301 1807 1472 1860 proferas
1490 1810 1503 1845 ?
1526 1809 1665 1846 recites
1683 1809 1695 1845 ?
1718 1806 1863 1845 descri-

471 1863 614 1910 bendas
645 1872 763 1910 etiam
795 1873 859 1911 des
893 1874 1084 1925 improbis
1118 1873 1305 1911 civibus?
1338 1887 1474 1911 eorum
1505 1886 1643 1924 augeas
1676 1873 1878 1910 animos?-

471 1939 669 1976 bonorum
700 1938 807 1990 spem
836 1940 1103 1991 virtutemque
1133 1939 1347 1976 debilites?
1379 1948 1417 1976 et
1449 1948 1485 1976 te
1506 1939 1765 1982 consularem,
1797 1947 1864 1975 aut

472 2005 701 2048 senatorem,
733 2013 799 2042 aut
830 2005 1000 2057 denique
1029 2005 1172 2050 civem,
1204 2006 1351 2057 putes?
1383 2005 1568 2056 Accipiet
1598 2004 1638 2041 in
1669 2004 1865 2057 optimam

472 2079 621 2123 partem
650 2070 698 2107 C.
722 2070 856 2116 Pansa,
888 2070 1118 2109 fortiffimus
1147 2070 1300 2115 consul,
1332 2079 1448 2123 atque
1478 2070 1682 2122 optimus:
1715 2069 1864 2107 etenim

469 2137 599 2174 dicam
615 2136 748 2173 animo
764 2137 1015 2175 amiciffimo:
1040 2138 1163 2175 Hunc
1181 2136 1325 2189 ipsum,
1345 2136 1446 2174 mihi
1467 2135 1673 2174 hominem
1689 2135 1863 2174 familia-

472 2203 680 2248 riffimum,
698 2202 768 2240 nisi
786 2203 873 2241 talis
891 2203 1025 2241 consul
1043 2204 1147 2248 esset,
1166 2213 1210 2241 ut
1226 2218 1362 2242 omnes
1380 2203 1548 2256 vigilias,
1566 2216 1692 2247 curas,
1710 2202 1863 2254 cogita-

472 2270 614 2313 tiones,
638 2269 677 2306 in
700 2269 926 2320 reipublicae
949 2269 1068 2307 salute
1090 2269 1319 2321 configeret,
1341 2269 1545 2307 consulem
1566 2283 1644 2307 non
1666 2277 1861 2321 putarem.

528 2336 767 2387 Qanquam
803 2349 873 2373 nos
908 2336 956 2372 ab
989 2336 1149 2373 ineunte
1182 2336 1289 2373 illius
1326 2345 1435 2374 aetate
1468 2335 1572 2381 usus,
1605 2333 1861 2378 consuetudo,

471 2401 689 2439 studiorum
721 2402 840 2439 etiam
871 2400 1228 2439 honestiffimorum
1258 2401 1417 2439 societas
1451 2400 1761 2453 similitudoque,
1792 2398 1861 2436 de-

470 2468 627 2512 vinxit;
660 2467 912 2520 ejusdemque
941 2482 1034 2506 cura
1062 2467 1323 2512 incredibilis,
1355 2469 1395 2505 in
1426 2467 1645 2520 asperrimis
1678 2465 1772 2504 belli
1800 2465 1859 2502 ci-

469 2533 559 2571 vilis
590 2533 775 2585 periculis
807 2533 1015 2586 perspecta,
1048 2533 1183 2572 docuit
1215 2548 1292 2572 non
1324 2534 1443 2572 modo
1473 2533 1621 2578 salutis,
1654 2531 1715 2569 sed
1743 2531 1861 2569 etiarn
