2076 2860
386 209 437 251 72
866 187 1310 228 oRAT1o

387 294 489 332 nihil
512 294 558 331 de
578 293 669 330 anni
690 291 798 328 illius
820 288 944 333 causa,
976 286 1079 326 nihil
1100 286 1147 324 de
1167 299 1227 331 e0,
1259 283 1370 338 quod
1396 283 1471 322 tibi
1500 296 1594 322 cum
1616 282 1787 320 summis-

386 361 479 398 viris
502 371 714 397 commune
735 356 812 393 effe
827 355 1017 399 videatur,
1041 352 1105 391 sed
1125 352 1172 390 de
1194 352 1272 390 tuis
1293 351 1462 404 propriis
1485 349 1711 395 sceleribus,
1733 362 1783 387 ex.

387 436 425 464 te
447 426 644 478 quaerere?
669 422 795 462 Nulla
814 420 1050 473 supplicatio
1069 419 1206 458 fuerit.
1240 418 1365 463 Cedo,
1388 418 1477 470 quis
1500 430 1677 470 unquam
1698 429 1781 455 coe-

388 493 489 529 narit
509 499 653 528 atratus
674 490 685 525 ?
710 490 768 526 Ita
788 487 896 524 enim
918 486 1019 524 illud
1039 486 1205 538 epulum
1225 484 1279 522 est
1299 484 1480 529 funebre,
1504 493 1548 521 ut
1568 496 1714 521 munus
1736 482 1782 520 fit

388 556 566 600 funeris,
598 554 722 606 epulae
744 552 908 605 quidem
928 551 1034 604 ipsae,
1066 551 1286 603 dignitatis.

441 622 560 659 XIII.
594 619 666 657 Sed
687 619 832 657 omitto
852 617 1032 670 epulum,
1058 617 1198 669 populi
1219 616 1393 654 Romani
1413 615 1555 654 festum
1577 615 1698 660 diem,
1719 627 1781 652 ar-

386 696 521 740 gento,
544 686 658 731 veste,
681 685 793 723 omni
813 693 1013 737 apparatu,
1035 692 1256 735 ornatuque
1275 682 1434 721 visendo
1453 698 1461 721 :
1495 682 1584 735 quis
1606 694 1783 734 unquam

387 755 428 792 in
450 755 559 792 luctu
581 752 809 797 domestico,
832 752 920 804 quis
943 751 983 789 in
1005 750 1143 788 funere
1162 749 1364 794 familiari,
1387 750 1557 787 coenavit
1577 762 1672 787 cum
1693 758 1785 801 toga

388 820 498 873 pulla
517 821 528 857 ?
562 819 627 857 cui
648 819 694 856 de
716 818 865 856 balneis
886 816 1073 861 exeunti,
1105 825 1243 868 praeter
1263 824 1301 853 te
1316 845 1327 860 ‚
1359 824 1451 867 toga
1477 814 1588 868 pulla
1607 827 1784 867 unquam

389 886 476 923 data
495 885 547 923 est
564 887 577 922 ?
600 898 693 923 cum
711 893 771 922 tot
785 883 998 922 hominum
1015 882 1144 920 millia
1158 881 1451 926 accumberent,
1470 895 1564 919 cum
1580 880 1661 933 ipse
1675 880 1784 932 epuli

389 952 590 995 dominus,
623 951 855 1002 QArrius,
888 949 1039 987 albatus
1060 947 1174 993 effet3
1207 957 1249 986 tu
1273 947 1313 985 in
1335 948 1533 1000 templum
1555 946 1725 985 Castoris
1747 955 1789 984 te

388 1032 481 1055 cum
500 1019 548 1055 C.
564 1017 708 1055 Fidulo
725 1026 861 1061 atrato,
880 1015 1104 1068 caeterisque
1121 1014 1199 1052 tuis
1217 1014 1363 1059 Furiis,
1381 1012 1581 1051 funestum
1598 1012 1782 1051 intulisti.

391 1083 492 1135 Qis
515 1093 602 1120 tum
623 1096 702 1120 non
725 1081 921 1134 ingemuit
941 1082 952 1118 ?
985 1081 1073 1133 quis
1104 1093 1184 1117 non
1214 1079 1343 1117 doluit
1371 1079 1599 1131 reipublicae
1619 1078 1751 1116 casum
1770 1079 1784 1115 ?

389 1150 478 1201 quis
496 1149 620 1187 sermo
636 1149 734 1186 alius
752 1149 792 1186 in
810 1148 880 1185 illo
896 1147 1015 1200 epulo
1031 1146 1123 1191 fuit,
1143 1146 1228 1191 nifi,
1246 1145 1347 1183 hanc
1365 1132 1514 1183 tantam
1534 1154 1574 1184 et
1595 1153 1675 1183 tam
1695 1158 1785 1197 gra-

387 1229 479 1253 vem
509 1216 710 1252 civitatem
741 1214 954 1266 subjeGoem
985 1212 1058 1251 esse
1088 1226 1167 1251 non
1195 1212 1314 1250 modo
1336 1211 1475 1257 furori,
1507 1221 1644 1249 verum
1665 1212 1785 1249 etiam

389 1281 558 1319 irrisioni
592 1291 665 1319 tuae
685 1282 697 1318 ?
731 1281 854 1318 Hunc
876 1290 919 1317 tu
941 1293 1093 1317 morem
1115 1278 1319 1331 ignorabas
1340 1280 1352 1315 ?
1385 1291 1590 1330 nunquam
1619 1278 1786 1330 epulum

389 1347 570 1384 videras?
604 1360 807 1398 nunquam
839 1359 933 1397 puer
963 1354 1029 1382 aut
1058 1344 1280 1382 adolescens
1311 1345 1413 1381 inter
1442 1357 1590 1396 coquos
1623 1342 1784 1381 fueras?

391 1413 521 1451 Fausti
537 1443 547 1457 ,
579 1412 833 1450 adolescentis
859 1411 1111 1456 nobiliffimi,
1143 1411 1261 1464 paulo
1281 1420 1369 1448 ante
1390 1424 1438 1448 ex
1458 1410 1576 1463 epulo
1596 1409 1784 1462 magni-fi-

390 1479 610 1516 centiffimo
643 1478 790 1516 famem
824 1478 933 1516 illam
965 1487 1136 1516 veterem
1171 1486 1280 1515 tuam
1313 1491 1391 1515 non
1424 1476 1599 1529 expleras
1619 1478 1632 1514 ?
1664 1489 1784 1529 quem

389 1545 622 1583 accumbere
652 1555 820 1582 atratum
851 1545 999 1582 videras
1013 1573 1024 1589 ,
1056 1544 1267 1581 dominum
1288 1557 1382 1581 cum
1402 1552 1494 1594 toga
1514 1543 1623 1595 pulla
1642 1552 1681 1581 et
1701 1544 1785 1595 ejus

388 1613 537 1649 amicos
558 1621 646 1648 ante
666 1612 928 1648 convivium?
959 1624 1047 1663 quae
1076 1620 1114 1648 te
1143 1619 1250 1648 tanta
1279 1611 1408 1648 tenuit
1435 1610 1622 1653 amentia,
1654 1618 1698 1647 ut
1725 1617 1787 1654 tu,

390 1677 460 1715 nifi
482 1677 523 1714 id
543 1676 708 1722 feciffes,
739 1676 848 1729 quod
867 1675 924 1714 fas
945 1689 1025 1713 non
1046 1675 1140 1720 fuit,
1172 1675 1242 1714 nifi
1270 1674 1443 1713 violasses
1469 1674 1667 1728 templum
1688 1674 1784 1713 Cas-

390 1743 501 1787 toris,
534 1756 679 1780 nomen
700 1742 823 1794 epuli,
855 1741 992 1779 oculos
1013 1741 1179 1786 civium,
1211 1754 1364 1779 morem
1384 1749 1570 1786 veterem,
1593 1741 1692 1793 ejus,
1714 1740 1793 1793 qui

390 1818 428 1846 te
450 1808 646 1852 invitarat,
668 1807 954 1851 auetoritatem‚
973 1820 1112 1858 parum
1133 1815 1288 1859 putares
1310 1805 1561 1844 testificatum
1581 1806 1669 1852 effe,
1691 1806 1792 1859 sup--

389 1873 621 1926 plicationes
644 1882 681 1910 te
702 1873 787 1910 illas
810 1886 886 1910 non
909 1881 1045 1924 putare
1064 1873 1076 1909 ?

446 1939 561 1977 XIV.
595 1936 740 1990 Qaero
763 1938 863 1976 illud
882 1938 1069 1976 etiamex
1092 1946 1144 1982 te,
1176 1936 1283 1990 quod
1304 1936 1477 1989 privatus
1498 1935 1711 1982 admifisti3
1742 1937 1785 1975 in

391 2019 471 2058 quo
492 2014 596 2043 certe
611 2006 695 2057 jam
717 2004 790 2042 tibi
812 2004 940 2042 dicere
961 2017 1039 2042 non
1062 2003 1214 2049 licebit,
1231 2017 1325 2042 cum
1341 2003 1560 2042 clariffimis
1577 2003 1670 2041 viris
1690 2016 1786 2042 cau-

393 2071 472 2109 sam
504 2080 612 2108 tuam
643 2070 715 2108 effe
746 2071 1026 2122 conjunCtam:
1064 2069 1329 2123 postulatusne
1360 2069 1407 2108 fis
1439 2068 1525 2122 lege
1557 2069 1713 2108 Licinia
1746 2078 1788 2108 et

392 2137 535 2188 Junia?
554 2137 770 2175 edixeritne
788 2138 836 2175 C.
853 2137 1073 2176 Memmius
1090 2146 1237 2189 -praetor
1257 2150 1303 2175 ex
1325 2150 1368 2174 ea
1387 2135 1487 2188 lege,
1506 2145 1550 2174 ut
1565 2135 1705 2174 adesses
1722 2136 1786 2174 die

395 2203 588 2241 tricesimo
608 2204 620 2239 Ρ
653 2216 746 2240 cum
768 2203 798 2240 is
820 2202 901 2241 dies
923 2202 1097 2247 venisset,
1128 2201 1330 2247 fecerisne,
1353 2201 1460 2254 quod
1481 2201 1522 2239 in
1542 2200 1615 2240 hac
1638 2202 1784 2255 repub-

394 2270 470 2307 lica
483 2283 567 2321 non
590 2269 708 2307 modo
729 2267 878 2306 factum
898 2278 987 2306 ante
1007 2281 1211 2321 nunquam
1231 2269 1285 2306 est
1299 2298 1310 2314 ,
1342 2268 1406 2306 sed
1427 2268 1466 2306 in
1488 2268 1599 2306 omni
1630 2277 1791 2307 memo-'

394 2336 449 2373 ria
463 2335 514 2374 ‚s1t
535 2336 700 2373 omnino
716 2334 940 2372 inauditum
957 2336 970 2372 ?
993 2335 1247 2387 appellarisne
1265 2335 1444 2373 tribunos
1462 2334 1603 2387 plebis,
1623 2348 1670 2372 ne
1689 2348 1785 2373 cau·

394 2401 472 2438 sam
493 2400 639 2438 diceres
659 2401 672 2438 ?
705 2400 827 2438 levius
849 2399 960 2445 dixi;
993 2413 1218 2453 quanquam
1240 2401 1411 2454 idipsum
1431 2399 1522 2438 effet
1542 2409 1581 2438 et
1611 2412 1758 2438 novum
1772 2422 1790 2445 ,v

394 2476 432 2505 et
465 2480 544 2504 non
576 2465 811 2505 ferendum:
849 2465 913 2504 sed
943 2466 1199 2519 appellarisne
1230 2466 1468 2506 nominatim
1500 2465 1646 2519 pestem
1677 2465 1786 2504 illius
