2076 2860
457 188 536 235 416
811 185 887 222 IN
946 184 1011 222 M.
1073 184 1500 225 ANTONIUM

456 290 601 335 noluit,
636 303 682 327 ne
715 287 848 332 nimis,
880 286 1012 332 credo,
1044 287 1085 325 in
1113 287 1275 326 victoria
1298 288 1472 327 liberalis
1493 288 1703 329 videretur.
1746 290 1854 330 Cum

455 357 665 395 verborum
693 353 945 393 contumeliis
979 353 1180 407 optimum
1212 355 1343 393 virum
1375 355 1521 394 incesto
1548 370 1614 394 ore
1641 356 1851 404 lacerasset,

456 432 542 460 tum
565 421 790 460 verberibus
812 434 854 458 ac
878 421 1084 459 tormentis
1106 421 1362 473 quaestionem
1382 421 1524 460 habuit
1543 423 1721 475 pecuniae
1745 423 1851 476 pub-

455 490 553 534 licae,
583 488 701 540 idque
722 501 790 541 per
812 486 995 526 biduum.
1029 487 1119 525 Post
1139 488 1359 526 cervicibus
1380 487 1513 526 fraCtis
1535 498 1654 542 caput
1668 489 1850 537 abscidit,

453 555 572 607 idque
592 554 768 593 adfixum
789 553 926 608 gestari
941 553 1053 606 juffit
1074 553 1115 592 in
1139 554 1222 606 pilo
1241 569 1250 592 :
1283 554 1485 608 reliquum
1512 568 1654 608 corpus
1683 557 1851 596 tractum

451 631 568 674 atque
600 622 791 660 laniatum
823 620 968 673 abjecit
1000 621 1040 658 in
1074 634 1193 659 mare.
1239 621 1347 659 Cum
1373 620 1451 659 hoc
1483 620 1593 660 hoste
1621 622 1852 662 bellandum

452 688 533 732 est;
567 702 587 725 a
617 689 730 740 cujus
760 687 961 726 teterrima
985 687 1217 725 crudelitate
1239 687 1368 725 omnis
1391 688 1567 726 barbaria
1587 688 1763 742 superata
1782 689 1850 728 est.

453 754 563 806 (Qud
589 755 727 807 loquar
747 754 794 792 de
814 753 917 792 caede
937 753 1087 792 civium
1115 755 1390 792 Romanorum
1411 755 1424 791 ?
1457 754 1503 792 de
1536 754 1758 808 direptione
1789 755 1850 793 fa-

452 822 626 859 norum?
660 821 748 874 quis
781 820 848 866 est,
881 821 951 873 qui
987 834 1057 873 pro
1092 835 1223 858 rerum
1254 821 1457 859 atrocitate
1490 821 1691 873 deplorare
1724 830 1850 860 tantas

450 887 691 925 calamitates
714 896 830 939 queat
850 888 861 924 ?
895 887 949 925 Et
970 900 1075 924 nunc
1098 896 1180 925 tota
1201 887 1289 924 Asia
1309 896 1484 939 vagatur,
1517 887 1657 926 volitat
1679 896 1722 925 ut
1751 901 1819 926 rex
1838 903 1847 926 :

449 967 520 991 nos
553 954 630 992 alio
660 954 767 992 bello
797 953 970 991 distineri
1001 963 1140 1006 putat:
1175 954 1279 1006 quasi
1301 967 1391 991 vero
1413 968 1492 992 non
1516 968 1641 992 unum
1663 954 1850 1008 idemque

450 1020 602 1058 bellum
623 1021 668 1058 fit
689 1029 826 1058 contra
846 1019 923 1058 hoc
939 1021 1086 1073 jugum
1108 1021 1325 1072 impiorum
1347 1020 1558 1059 nefarium.

507 1089 584 1126 III.
618 1088 841 1140 Imaginem
873 1085 938 1125 M.
963 1087 1133 1125 Antonii
1154 1086 1398 1125 crudelitatis
1421 1087 1461 1124 in
1485 1086 1698 1124 Dolabella
1718 1087 1847 1126 cerni—

448 1154 521 1192 tis:
546 1168 592 1192 ex
610 1153 686 1192 hoc
710 1154 777 1191 illa
793 1153 917 1191 efficta
939 1153 1013 1191 est:
1038 1153 1085 1190 ab
1107 1152 1184 1191 hoc
1203 1153 1421 1191 Dolabellae
1443 1153 1634 1191 scelerum
1654 1163 1849 1207 praecepta

448 1219 537 1257 sunt
563 1219 717 1258 tradita.
763 1220 876 1257 Num
898 1219 1104 1263 leniorem,
1137 1232 1255 1271 quam
1278 1219 1318 1256 in
1342 1219 1430 1256 Afia
1451 1218 1662 1256 Dolabella
1680 1218 1774 1264 fuit,
1805 1220 1848 1257 in

445 1287 574 1331 Italia,
608 1287 633 1324 si
655 1287 785 1331 liceat,
818 1285 900 1323 fore
923 1285 1069 1338 putatis
1092 1286 1350 1322 Antonium?
1384 1284 1496 1322 Mihi
1525 1284 1689 1337 quidem
1708 1294 1747 1323 et
1777 1285 1846 1324 ille

446 1353 658 1404 pervenifle
678 1352 847 1397 videtur,
866 1350 995 1404 quoad
1017 1350 1199 1403 progredi
1222 1350 1394 1402 potuerit
1415 1348 1489 1387 feri
1509 1349 1686 1389 hominis
1707 1364 1845 1389 amen-

444 1419 526 1464 tia-3
560 1432 688 1471 neque
718 1418 919 1456 Antonius
950 1417 1072 1455 ullius
1094 1417 1280 1469 supplicii
1305 1415 1534 1461 adhibendi,
1567 1417 1593 1455 fi
1614 1416 1846 1470 potestatem

443 1483 599 1530 habeat,
623 1485 745 1522 ullam
768 1484 839 1522 effe
861 1492 1012 1537 partem
1034 1483 1254 1522 relicturus.
1279 1483 1420 1521 Ponite
1441 1483 1565 1535 igitur
1580 1491 1669 1520 ante
1690 1483 1843 1529 oculos,

438 1551 576 1590 Patres
599 1551 827 1604 conscripti,
860 1550 1041 1588 miseram
1061 1550 1172 1588 illam
1195 1549 1359 1602 quidem
1386 1558 1424 1587 et
1453 1549 1627 1587 flebilem
1655 1548 1842 1602 speciem,

442 1618 507 1657 sed
527 1618 575 1656 ad
595 1617 817 1656 incitandos
839 1618 991 1655 animos
1019 1616 1161 1654 vestros
1192 1615 1439 1654 necessariam
1459 1631 1467 1654 :
1501 1617 1742 1654 nocturnum
1763 1616 1844 1655 im-

441 1694 580 1738 petum
601 1685 643 1723 in
665 1684 805 1722 urbem
825 1683 924 1722 Afiae
946 1682 1209 1728 clarissimam,
1242 1681 1506 1734 irruptionem
1533 1690 1775 1720 armatorum
1801 1682 1844 1720 in

440 1751 638 1790 Trebonii
658 1751 839 1795 domum,
870 1764 965 1788 cum
994 1749 1111 1787 miser
1141 1749 1209 1786 ille
1238 1748 1346 1802 prius
1377 1748 1576 1786 latronum
1603 1747 1756 1800 gladios
1777 1748 1838 1787 vi-

439 1818 564 1869 deret,
586 1831 720 1870 quam,
744 1831 830 1869 quae
851 1830 910 1854 res
931 1816 1037 1861 esset,
1068 1815 1254 1854 audiffet:
1287 1814 1454 1853 furentis
1477 1815 1688 1853 introitum
1710 1815 1838 1853 Dola-

442 1884 570 1929 bellae,
603 1896 741 1921 vocem
772 1883 970 1934 impuram
1000 1890 1117 1933 atque
1147 1895 1189 1919 os
1218 1880 1320 1918 illud
1349 1880 1513 1925 infame,
1544 1881 1718 1926 vincula,
1749 1894 1838 1918 ver-

442 1950 546 1994 bera,
578 1948 776 1993 eculeum,
809 1946 1344 1998 tortorem‚'carnificemque
1367 1946 1614 1983 Samiarium.
1651 1947 1751 1998 Qae
1773 1954 1839 1983 tu-

441 2016 523 2054 liffe
544 2015 661 2053 illum
689 2013 845 2052 fortiter
876 2023 914 2052 et
941 2014 1134 2067 patienter
1166 2011 1314 2051 ferunt.
1359 2012 1509 2064 Magna
1539 2012 1636 2056 laus,
1670 2025 1840 2065 meoque

435 2082 591 2135 judicio
611 2082 795 2120 omnium
816 2081 1003 2119 maxima.
1033 2079 1102 2118 Est
1121 2080 1229 2118 enim
1246 2079 1445 2131 sapientis,
1462 2078 1659 2131 quidquid
1680 2077 1838 2117 homini

439 2149 614 2188 accidere
634 2148 762 2201 possit,
796 2147 835 2185 id
866 2147 1126 2200 praemeditari
1156 2146 1364 2185 ferendum
1394 2146 1550 2183 modice
1579 2144 1665 2190 effe,
1699 2145 1724 2183 fi
1747 2159 1836 2183 eve-

440 2217 557 2255 nerit.
595 2215 762 2268 Majoris
785 2215 950 2252 omnino
970 2214 1023 2251 est
1043 2214 1211 2259 consilii,
1235 2212 1451 2265 providere,
1485 2226 1532 2250 ne
1553 2212 1650 2264 quid
1674 2212 1749 2250 tale
1769 2226 1835 2250 ac·-

439 2283 572 2327 cidat;
605 2281 668 2320 sed
697 2281 820 2319 animi
850 2295 929 2318 non
959 2281 1140 2324 minoris,
1173 2279 1329 2318 fortiter
1350 2278 1464 2324 ferre,
1498 2279 1523 2316 fi
1545 2279 1732 2316 evenerit.
1774 2280 1836 2316 Ac

438 2348 650 2388 Dolabella
670 2347 833 2401 quidem
855 2356 935 2385 tam
956 2346 1034 2384 fuit
1055 2347 1266 2384 immemor
1287 2344 1560 2389 humanitatis,
1588 2345 1834 2396 (quanquam

437 2417 520 2469 ejus
543 2429 747 2468 nunquam
768 2414 962 2468 particeps
985 2412 1122 2463 fuerit)
1144 2422 1187 2450 ut
1209 2413 1315 2450 suam
1337 2411 1598 2449 insatiabilem
1621 2410 1833 2448 crudelita-

437 2493 520 2523 tem
539 2481 757 2522 exercuerit
779 2495 858 2520 non
880 2480 1007 2520 solum
1030 2480 1070 2518 in
1093 2480 1196 2525 vivo,
1220 2478 1282 2518 sed
1303 2479 1421 2517 etiam
1445 2478 1484 2516 in
1507 2486 1693 2523 mortum
1717 2485 1834 2528 atque
