2076 2860
364 223 438 250 120
682 207 786 245 DE
860 202 1440 242 PROVINCIIS

355 303 645 357 rempublicam
668 303 765 340 bene
786 298 997 352 gerendam
1019 311 1210 343 revocare,
1244 311 1315 336 nec
1342 307 1466 336 totam
1489 297 1638 336 Gallici
1661 297 1757 336 belli

355 372 547 409 rationem
564 399 573 414 ‚
606 381 727 422 prope
742 368 826 419 jam
847 365 1085 418 explicatam
1101 395 1111 411 ‚
1144 365 1371 418 perturbare
1397 374 1514 418 atque
1535 363 1728 417 impedire
1744 393 1755 410 ,

355 437 558 475 debemus.

412 503 502 541 XV.
535 502 642 540 Nam
660 500 736 538 111ae
754 499 954 537 sententiae
969 499 1146 536 virorum
1160 498 1461 537 clariffimorum
1479 498 1646 536 minime
1662 510 1756 550 pro-

355 569 489 608 bandae
510 567 626 606 sunt:
660 579 833 619 quorum
863 565 959 603 alter
990 565 1219 603 ulteriorem
1251 566 1426 604 Galliam
1457 565 1633 603 decernit
1663 578 1757 602 cum

356 636 476 687 Syria,
508 634 605 672 alter
626 634 864 671 citeriorem.
899 632 981 683 Qi
1004 631 1257 675 ulteriorem;
1281 633 1415 669 onmia
1437 632 1519 677 illa,
1542 631 1588 668 de
1611 630 1757 684 quibus
1812 641 1817 645 '

354 702 511 740 differui
531 701 649 754 paulo
671 709 760 738 ante
775 729 785 744 ‚
819 698 1022 752 perturbat
1041 714 1048 735 :
1083 697 1198 735 simul
1220 697 1403 743 ostendit,
1435 712 1521 736 eam
1543 698 1578 736 se
1601 697 1758 736 sciscere

354 769 483 820 legem
502 797 512 812 ,
545 781 665 820 quam
687 766 759 804 effe
779 766 910 818 legem
931 773 1074 817 neget:
1109 773 1172 808 et,
1205 777 1291 816 quae
1320 777 1407 816 pars
1437 764 1651 816 provinciae
1682 764 1753 809 fit,

355 835 420 871 cui
443 847 521 871 non
544 833 657 885 poffit
679 831 884 876 intercedi,
907 830 1008 869 hanc
1030 830 1066 867 se
1088 821 1280 874 avellere3
1310 843 1398 882 quae
1418 829 1663 867 defensorem
1683 828 1757 867 ha-

356 901 458 945 beat,
483 914 560 937 non
583 909 741 951 tangere
760 913 768 937 :
802 898 916 936 simul
938 906 977 935 et
998 896 1100 934 illud
1121 895 1231 941 facit,
1265 905 1322 941 ut,
1356 896 1463 948 quod
1484 897 1545 934 illi
1567 910 1588 934 a
1607 895 1758 948 populo

356 967 493 1004 datum
515 967 574 1011 fit,
607 966 647 1002 id
669 979 748 1003 non
770 964 915 1010 violet,
940 962 1047 1016 quod
1068 962 1220 1001 senatus
1243 962 1407 1008 dederit,
1431 962 1470 1000 id
1492 962 1643 1000 senator
1663 975 1757 1015 pro-

355 1042 464 1086 peret
485 1032 650 1071 auferre.

414 1101 526 1137 Alter
547 1099 642 1137 belli
665 1098 814 1137 Gallici
836 1098 1029 1136 rationem
1050 1096 1170 1135 habet
1189 1113 1196 1136 :
1222 1096 1405 1150 fungitur
1426 1097 1559 1135 officio
1581 1095 1676 1134 boni
1698 1095 1757 1133 se-

356 1167 530 1205 natoris:
564 1167 708 1218 legem,
741 1179 861 1218 quam
884 1178 961 1202 non
984 1174 1111 1217 putat,
1143 1178 1230 1202 eam
1255 1178 1415 1218 quoque
1446 1164 1594 1208 servat3
1628 1161 1757 1215 praefi-

357 1233 417 1271 nit
449 1233 556 1270 enim
589 1231 792 1270 succeffori
823 1231 944 1269 diem.
990 1232 1073 1283 Qi
1106 1230 1208 1269 mihi
1241 1230 1344 1269 nihil
1377 1231 1533 1268 videtur
1568 1230 1702 1267 minus
1738 1242 1759 1266 a

357 1299 548 1352 dignitate
570 1299 855 1351 disciplinaque
878 1299 1073 1350 majorum
1095 1297 1286 1343 diffidere,
1305 1311 1425 1351 quam
1447 1306 1505 1342 ut,
1529 1296 1599 1349 qui
1621 1294 1758 1334 consul

357 1366 545 1405 Kalendis
567 1367 657 1417 Jan.
682 1365 823 1403 habere
853 1365 1100 1418 provinciam
1121 1364 1252 1414 debet,
1286 1366 1316 1403 is
1340 1374 1384 1403 ut
1405 1378 1490 1402 eam
1512 1362 1756 1416 desponsam,

357 1446 435 1471 non
458 1433 654 1470 decretam
670 1461 681 1476 ,
714 1431 855 1469 habere
876 1431 1068 1469 videatur.
1113 1431 1250 1469 Fuerit
1282 1439 1366 1469 toto
1388 1430 1428 1468 in
1451 1429 1658 1468 consulatu
1680 1429 1758 1466 fine

355 1500 572 1553 provincia,
605 1500 671 1537 cui
692 1498 826 1544 fuerit,
858 1508 1069 1550 antequam
1092 1497 1313 1550 defignatus
1335 1497 1440 1542 esset,
1463 1496 1668 1550 provincia
1687 1495 1757 1533 de-

357 1578 474 1605 creta.
508 1566 714 1610 Sortietur,
748 1579 793 1602 an
817 1579 896 1603 non
916 1566 928 1602 ?
962 1578 1054 1602 nam
1075 1574 1114 1602 et
1136 1578 1214 1602 non
1237 1565 1365 1603 sortiri
1386 1564 1600 1602 absurdum
1621 1562 1689 1608 est,
1720 1571 1759 1601 et

357 1633 464 1686 quod
482 1632 640 1670 sortitus
658 1632 719 1677 fis,
738 1645 817 1669 non
834 1630 991 1669 habere.
1012 1630 1288 1668 proficiscetur
1305 1631 1536 1683 paludatus?
1556 1630 1660 1682 quo?
1679 1642 1760 1682 quo

357 1699 559 1752 pervenire
580 1708 668 1735 ante
690 1707 836 1735 certam
859 1697 965 1734 diem
988 1710 1067 1734 non
1089 1697 1242 1735 licebit.
1275 1697 1485 1748 Januario,
1519 1695 1758 1741 Februario,

358 1765 603 1818 provinciam
626 1777 704 1801 non
727 1763 917 1801 habebit:
951 1762 1129 1800 kalendis
1151 1763 1186 1800 ei
1208 1763 1378 1814 denique
1400 1763 1559 1801 Martiis
1582 1761 1760 1800 nascetur

359 1840 516 1883 repente
539 1830 754 1882 provincia.
774 1830 964 1866 Attamen
981 1827 1043 1866 his
1061 1827 1263 1866 sententiis
1282 1828 1370 1865 Piso
1387 1829 1427 1865 in
1444 1829 1649 1880 provincia
1668 1841 1758 1880 per-

359 1897 549 1935 manebit.
597 1897 697 1946 Qae
718 1909 810 1933 curn
833 1895 963 1947 gravia
984 1894 1088 1943 sunt,
1122 1903 1209 1931 tum
1231 1892 1332 1931 nihil
1355 1895 1511 1946 gravius
1533 1894 1619 1938 illo,
1652 1893 1759 1946 quod

360 1965 519 2003 multari
557 1965 834 2016 imperatorem
870 1962 1144 2000 deminutione
1179 1961 1391 2013 provinciae
1423 1961 1759 1999 contumeliosum

359 2032 437 2076 est;
463 2044 589 2084 neque
611 2030 738 2068 solum
760 2029 916 2067 summo
938 2029 977 2066 in
1000 2028 1098 2074 viro,
1123 2027 1185 2066 sed
1206 2026 1324 2066 etiarn
1348 2028 1537 2066 mediocri
1560 2029 1600 2066 in
1622 2027 1758 2066 homi-

361 2112 422 2143 ne,
456 2112 504 2136 ne
524 2096 674 2135 accidat
695 2095 999 2149 providendum.

416 2165 531 2202 XVI.
565 2165 652 2215 Ego
670 2176 736 2201 vos
753 2162 951 2214 intelligo,
976 2162 1106 2200 Patres
1128 2161 1358 2214 conscripti,
1382 2162 1531 2199 multos
1554 2161 1760 2200 decreviffe

360 2232 528 2270 honores
545 2231 712 2269 eximios
731 2230 780 2268 C.
793 2229 948 2273 Caesari,
966 2237 1004 2266 ct
1021 2242 1142 2281 prope
1158 2229 1384 2281 fingulares,
1401 2229 1508 2281 quod
1525 2229 1578 2266 ita
1594 2230 1759 2267 meritus

360 2309 440 2337 erat
456 2329 466 2344 ,
499 2298 618 2350 gratis
638 2312 647 2335 ι
680 2296 734 2334 sin
765 2296 885 2334 etiam
901 2325 910 2341 ,
944 2304 987 2333 ut
1009 2309 1129 2348 quam
1150 2296 1490 2348 conjunctiffimus
1512 2295 1606 2334 huic
1629 2296 1758 2334 ordini

360 2365 465 2411 effet,
485 2364 674 2417 sapientes
691 2376 733 2400 ac
756 2361 880 2400 divini
902 2360 1044 2399 fuistis.
1065 2361 1282 2400 Neminem
1305 2375 1481 2414 unquam
1502 2362 1554 2400 est
1575 2361 1642 2400 hic
1663 2361 1760 2400 ordo

361 2431 595 2484 complexus
616 2429 835 2468 honoribus
857 2437 895 2466 et
925 2427 1128 2466 beneficiis
1150 2429 1226 2466 suis
1243 2458 1253 2474 ,
1286 2429 1354 2481 qui
1377 2429 1501 2467 ullam
1522 2428 1759 2481 dignitatem

358 2497 679 2554 praestabiliorem
700 2509 756 2542 ea,
789 2509 909 2549 quam
937 2509 1004 2549 per
1024 2509 1091 2534 vos
1113 2495 1203 2534 effet
1224 2495 1400 2548 adeptus,
1433 2497 1580 2549 putarit
1599 2510 1608 2534 ε
1641 2507 1759 2533 nemo
