2076 2860
927 134 1130 189 [77]

437 540 973 598 MARCO
1128 541 1626 598 CAELIO

702 768 738 805 O
772 767 1058 806 RATIO
1132 766 1357 805 XXXIV.

329 966 361 1004 Ι.
466 967 484 1005 Ι
505 965 610 1019 quis,
628 964 806 1017 Judices,
825 964 928 1004 forte
950 978 1057 1003 nunc
1078 965 1189 1011 adsn,
1208 965 1367 1018 ignarus
1390 965 1736 1020 legum,judicio-

481 1047 572 1072 rum
587 1063 598 1079 ,
630 1033 929 1072 consuetudinis
952 1032 1118 1079 nostrae3
1151 1032 1320 1071 miretur
1340 1033 1518 1086 profecto
1534 1065 1544 1081 ‚
1577 1051 1663 1089 quae
1690 1038 1735 1075 fit

326 1108 435 1139 tanta
453 1101 637 1139 atrocitas
659 1099 824 1153 hujusce
846 1100 981 1146 causae,
1005 1099 1114 1153 quod
1135 1099 1275 1138 diebus
1297 1100 1403 1139 festis
1424 1101 1607 1156 ludisque
1627 1105 1734 1157 pub—

326 1166 430 1213 licis,
463 1167 651 1205 omnibus
681 1168 851 1220 negotiis
873 1166 1092 1205 forensibus
1115 1167 1356 1213 intermistis,
1380 1182 1507 1207 unum
1528 1169 1606 1208 hoc
1621 1171 1735 1223 judi-

326 1234 438 1272 cium
458 1242 709 1279 exerceatur;
744 1248 816 1272 nec
837 1233 1009 1279 dubitet,
1033 1235 1132 1287 quin
1154 1234 1254 1272 tanti
1275 1233 1463 1273 facinoris
1485 1250 1572 1275 reus
1595 1251 1735 1290 argua-

327 1309 406 1347 tur,
430 1310 489 1346 ut,
512 1315 558 1339 eo
579 1301 773 1353 negle&o‚
796 1301 934 1340 civitas
955 1300 1050 1339 stare
1071 1315 1150 1339 non
1172 1301 1302 1354 poffit.
1335 1301 1463 1348 Idem,
1491 1317 1585 1342 cum
1604 1305 1737 1343 audiat

327 1367 400 1407 effe
420 1369 551 1421 legem
565 1398 577 1413 ,
609 1382 696 1422 quae
717 1368 765 1406 de
785 1368 973 1407 seditiofis
996 1368 1347 1422 consceleratisque
1368 1370 1522 1408 civibus
1539 1401 1550 1416 ,
1583 1372 1653 1425 qui
1673 1386 1735 1411 ar·-

326 1435 426 1472 mati
458 1435 636 1473 senatum
668 1434 908 1481 obsederint,
943 1434 1236 1487 magistratibus
1264 1435 1347 1473 vim
1375 1436 1596 1482 attulerint,
1628 1452 1735 1476 rem-

326 1502 533 1555 publicam
553 1503 839 1555 oppugnarint,
872 1502 1052 1555 quotidie
1073 1502 1195 1555 quaeri
1211 1502 1376 1554 jubeat;
1400 1503 1531 1555 legem
1553 1518 1632 1542 non
1654 1506 1734 1543 im-

326 1569 484 1621 probet,
502 1570 669 1614 crimen,
688 1569 797 1621 quod
812 1569 985 1607 versetur
1001 1569 1042 1606 in
1058 1569 1230 1621 judicio,
1249 1570 1436 1621 requirat.
1458 1571 1565 1608 Cum
1586 1572 1733 1618 audiat,

328 1635 488 1673 nullum
517 1635 688 1680 facinus,
720 1635 875 1673 nullam
902 1635 1121 1680 audaciam,
1154 1634 1307 1673 nullam
1332 1635 1430 1682 vim,
1462 1637 1504 1674 in
1530 1637 1735 1689 judicium

327 1701 486 1746 vocari;
524 1700 588 1739 sed
620 1700 909 1738 adolescentem
942 1700 1085 1738 illustri
1117 1701 1306 1753 ingenio,
1338 1701 1551 1748 industria,
1583 1706 1734 1757 gratia,

326 1766 498 1805 accusari
518 1766 566 1804 ab
588 1767 671 1819 ejus
694 1766 779 1804 filio
794 1795 805 1812 ‚
839 1780 960 1820 quem
987 1766 1069 1819 ipse
1090 1766 1132 1804 in
1147 1766 1351 1820 judicium
1372 1777 1411 1806 et
1431 1778 1544 1807 vocet
1559 1799 1570 1815 ‚
1603 1780 1642 1809 et
1662 1786 1733 1811 vo-

325 1834 438 1879 carit,
461 1833 683 1886 oppugnari
703 1842 837 1871 autem
858 1833 1002 1887 opibus
1024 1834 1259 1872 meretriciis
1277 1850 1285 1873 :
1320 1835 1495 1874 Atratini
1517 1836 1626 1877 illius
1648 1840 1734 1891 pie-

326 1909 449 1939 tatem
469 1914 550 1938 non
572 1899 831 1953 reprehendat
845 1930 857 1946 ,
890 1900 1130 1939 muliebrem
1156 1901 1370 1940 libidinem
1391 1904 1735 1956 comprimendam

326 1976 455 2020 putet,
486 1980 554 2005 vos
576 1966 792 2005 laboriosos
814 1967 1026 2013 existimet,
1059 1968 1206 2021 quibus
1234 1968 1367 2007 otiosis
1392 1983 1441 2008 ne
1462 1970 1504 2008 in
1526 1973 1736 2012 communi

325 2034 491 2087 quidem
511 2034 595 2073 otio
616 2034 733 2073 liceat
753 2034 840 2073 effe.

383 2102 563 2146 Etenim,
591 2101 618 2139 fi
639 2100 840 2140 attendere
860 2100 1088 2153 diligenter,
1110 2101 1332 2141 existimare
1351 2116 1440 2142 vere
1460 2103 1507 2141 de
1528 2106 1639 2144 omni
1661 2104 1736 2144 hac

327 2167 441 2206 causa
470 2168 701 2213 volueritis,
734 2168 785 2206 fic
821 2168 1095 2215 constituetis,
1127 2170 1317 2221 Judices,
1348 2184 1422 2208 nec
1457 2170 1735 2212 descensurum

329 2248 574 2287 quemquam
594 2234 642 2271 ad
661 2233 764 2273 hanc
785 2236 1075 2274 accusationem
1095 2235 1223 2281 fuiffe,
1255 2237 1336 2282 cui,
1369 2246 1504 2289 utrum
1525 2239 1658 2285 vellet,
1682 2240 1734 2278 li-

330 2310 435 2338 ceret
451 2319 462 2346 3
494 2315 580 2346 nee,
603 2314 697 2339 curn
718 2300 986 2348 descendisset,
1009 2302 1230 2355 quidquam
1250 2301 1484 2342 habiturum
1505 2304 1585 2358 spei
1606 2305 1733 2352 fuisse,

331 2366 401 2404 nisi
418 2367 584 2419 alicujus
601 2368 844 2406 intolerabili
860 2368 1043 2415 libidine,
1059 2378 1098 2408 et
1113 2370 1235 2410 nimis
1251 2370 1392 2408 acerbo
1405 2371 1511 2417 odio,
1527 2371 1731 2412 niteretur.

333 2433 405 2472 Sed
426 2446 499 2486 ego
521 2434 720 2480 Atratino,
744 2433 1025 2475 humaniffimo
1046 2445 1164 2488 atque
1184 2436 1341 2489 optimo
1360 2437 1612 2483 adolescenti,
1644 2452 1735 2477 meo
