2076 2860
697 199 846 239 PRO
907 198 1252 238 MILONE.
1602 201 1693 256 217⁵

273 301 500 355 periculum
521 314 682 354 quoque
711 310 750 339 et
781 301 973 340 invidiam
994 302 1164 339 nostram
1187 310 1430 354 putaremus.
1464 301 1573 341 Nam
1595 315 1682 355 quae

274 368 377 406 mihi
405 368 476 422 ipfi
498 367 708 406 tribuenda
728 367 811 405 laus
833 367 938 414 effet,
971 382 1065 406 cum
1097 377 1253 406 tantum
1283 368 1325 406 in
1354 368 1561 407 consulatu
1592 382 1683 407 meo

273 447 345 487 pro
376 434 489 472 vobis
520 447 564 471 ac
594 433 729 472 liberis
760 433 894 472 vestris
924 434 1036 472 ausus
1067 433 1198 479 essem,
1232 434 1257 472 s1
1280 433 1334 479 id,
1367 434 1475 487 quod
1496 435 1679 480 conabar,

271 501 350 539 fine
371 501 557 539 maximis
579 500 907 539 dimicationibus
930 501 1028 539 meis
1051 515 1115 538 me
1135 500 1207 538 effe
1228 502 1414 539 ausurum
1441 502 1648 540 arbitrarer
1667 504 1679 539 ?

273 567 373 619 Qae
405 567 552 606 mulier
584 567 816 606 sceleratum
849 582 891 606 ac
925 567 1192 620 perniciosum
1224 567 1354 606 civem
1386 568 1566 606 occidere
1601 583 1682 607 non

271 634 453 680 auderet,
486 635 512 673 fi
535 634 760 687 periculum
782 648 861 672 non
883 635 1068 672 timeret?
1102 634 1303 686 Proposita
1323 634 1494 679 invidia,
1528 645 1655 673 morte
1670 666 1680 680 ‚

270 715 410 755 poena,
443 702 513 754 qui
543 700 673 739 nihilo
703 701 858 754 segnius
887 700 1178 754 rempublicam
1209 699 1411 746 defendit,
1443 701 1474 739 is
1506 702 1565 739 vir
1593 716 1683 740 vere

271 768 470 820 putandus
501 768 568 807 est.
613 768 757 821 Populi
785 768 887 821 grati
916 768 994 813 est,
1027 767 1199 821 praerniis
1221 767 1374 805 afficere
1396 767 1495 805 bene
1516 769 1680 807 meritos

271 834 320 872 de
340 835 546 888 republica
564 835 667 873 cives
685 853 697 880 ς
730 835 804 872 viri
825 833 940 873 fortis
956 864 967 880 ‚
1000 847 1048 871 ne
1070 833 1275 887 suppliciis
1307 833 1472 887 quidem
1502 835 1679 880 moveri,

272 909 317 940 ut
336 900 495 940 fortiter
514 900 646 939 feciffe
669 901 874 954 poeniteat.

328 967 603 1019 Qamobrem
639 976 816 1006 uteretur
848 966 985 1006 eadem
1020 965 1259 1005 confeffione
1294 969 1349 1006 T.
1385 968 1542 1006 Annius
1562 997 1571 1013 ,
1605 981 1683 1021 qua

270 1033 414 1080 Ahala,
446 1047 524 1087 qua
553 1034 709 1079 Nafica,
741 1049 820 1087 qua
849 1034 1055 1087 Opimius,
1087 1048 1166 1087 qua
1195 1034 1366 1080 Marius,
1398 1048 1476 1088 qua
1504 1034 1679 1073 nosmet-

270 1099 370 1154 ipfi:
403 1109 457 1147 et,
489 1101 515 1139 fi
536 1110 645 1153 grata
665 1100 887 1154 respubHca
906 1100 1012 1146 esset,
1044 1101 1269 1145 laetaretur3
1303 1101 1328 1139 fi
1351 1102 1517 1153 ingrata,
1551 1110 1682 1139 tamen

270 1166 314 1205 in
335 1168 444 1220 gravi
469 1166 630 1206 fortuna
658 1167 899 1206 conscientia
929 1167 994 1206 sua
1023 1167 1229 1206 niteretur.
1263 1167 1337 1205 Sed
1358 1166 1477 1220 hujus
1499 1167 1684 1206 beneficii

271 1234 460 1286 gratiam,
493 1234 654 1285 Judices
668 1264 679 1280 ,
712 1234 872 1273 fortuna
891 1234 1033 1288 populi
1055 1234 1253 1280 Romani,
1285 1244 1324 1272 et
1346 1234 1467 1272 vestra
1486 1233 1656 1272 felicitas
1670 1264 1682 1280 ,

271 1308 311 1338 et
328 1300 400 1338 Dii
421 1300 682 1346 immortales,
701 1301 771 1339 fibi
789 1300 921 1338 deberi
939 1308 1095 1353 putant.
1115 1301 1205 1339 Nec
1226 1314 1317 1339 vero
1338 1300 1549 1354 quisquam
1570 1301 1685 1339 aliter

271 1366 453 1405 arbitrari
473 1367 599 1420 potest
613 1397 624 1413 ,
658 1367 728 1405 nifi
750 1367 821 1420 qui
842 1366 996 1406 nullam
1017 1367 1100 1405 vim
1120 1366 1194 1405 effe
1219 1366 1331 1405 ducit
1347 1397 1357 1413 ‚
1390 1381 1589 1406 numenve
1620 1367 1682 1405 di·-

270 1432 411 1472 vinum
431 1449 439 1472 :
474 1448 595 1487 quem
616 1447 745 1487 neque
766 1434 925 1488 imperii
951 1433 1066 1472 vestri
1087 1434 1338 1486 magnitudo,
1371 1448 1499 1488 neque
1521 1434 1579 1472 sol
1598 1434 1682 1480 ille,

271 1513 344 1538 nec
370 1500 456 1539 caeli
485 1500 766 1554 signorumque
793 1511 927 1539 motus
944 1530 954 1546 ,
988 1515 1060 1539 nec
1090 1501 1374 1539 vicissitudines
1406 1515 1538 1539 rerum
1565 1510 1685 1554 atque

270 1566 428 1604 ordines
450 1576 628 1611 movent,
661 1581 804 1619 neque,
836 1566 877 1605 id
898 1566 1007 1619 quod
1028 1567 1251 1604 maximum
1271 1567 1339 1611 est,
1372 1568 1569 1619 majorum
1590 1567 1683 1605 nos-

272 1640 427 1670 trorum
455 1632 658 1685 sapientia,
691 1633 761 1685 qui
790 1632 906 1678 sacra,
939 1632 1010 1684 qui
1035 1632 1302 1677 caeremonias,
1335 1633 1404 1684 qui
1426 1632 1612 1685 auspicia,
1645 1643 1687 1671 et

271 1698 343 1750 ipsi
365 1698 596 1736 sanastiffime
616 1698 841 1744 coluerunt,
873 1707 912 1737 et
933 1698 1064 1743 nobis,
1097 1697 1174 1736 suis
1195 1698 1372 1751 posteris,
1405 1698 1682 1751 prodiderunt.

328 1765 488 1804 XXXI.
521 1764 604 1811 Est,
637 1765 691 1803 est
710 1765 902 1819 profesto,
926 1765 996 1803 illa
1015 1765 1099 1803 vis:
1132 1779 1262 1818 neque
1283 1765 1324 1803 in
1346 1763 1408 1803 his
1431 1766 1682 1819 corporibus,

272 1840 389 1885 atque
410 1832 450 1869 in
472 1830 546 1870 hac
568 1831 846 1871 imbecillitate
867 1830 1009 1877 nostra,
1028 1831 1125 1870 inest
1141 1831 1333 1884 quiddam
1349 1832 1457 1885 quod
1477 1833 1621 1886 vigeat,
1645 1843 1684 1872 et

272 1897 438 1944 sentiat,
470 1906 508 1937 et
536 1911 616 1937 non
644 1898 742 1937 inest
770 1899 811 1937 in
839 1898 917 1938 hoc
939 1907 1050 1937 tanto
1071 1907 1219 1937 naturae
1242 1907 1322 1937 tam
1344 1899 1529 1952 praeclaro
1551 1909 1680 1938 motu„

272 1965 361 2005 Nifi
381 1964 484 2004 forte
504 1965 654 2004 idcirco
676 1965 747 2004 effe
770 1979 850 2004 non
871 1974 1028 2020 putant,
1048 1965 1141 2018 quia
1161 1979 1240 2004 non
1263 1975 1437 2019 apparet,
1456 1980 1528 2005 nec
1550 1967 1682 2005 cerni-

273 2042 363 2071 tur:
397 2032 563 2086 proinde
585 2033 690 2086 quasi
717 2032 887 2071 nostram
914 2032 1038 2086 ipsam
1065 2041 1243 2071 mentem
1270 2046 1349 2086 qua
1375 2032 1546 2086 sapimus
1563 2063 1573 2079 ‚
1606 2048 1683 2087 qua

274 2099 552 2150 providemus,
584 2112 662 2152 qua
695 2097 778 2138 haec
814 2098 896 2152 ipsa
926 2099 1080 2152 agimus
1114 2113 1159 2138 ac
1195 2099 1394 2146 dicimus,
1425 2100 1583 2146 videre,
1615 2110 1682 2140 aut

271 2164 400 2217 plane,
433 2165 561 2218 qualis
582 2174 649 2204 aut
669 2165 739 2204 ubi
761 2165 821 2211 fit,
854 2165 996 2205 sentire
1026 2165 1230 2220 poffimUS.
1264 2168 1323 2205 Ea
1343 2167 1416 2213 vis,
1449 2181 1492 2206 ea
1519 2167 1573 2205 est
1601 2167 1680 2219 igi-

273 2240 338 2268 tur
353 2260 364 2277 ,
395 2245 482 2284 quae
510 2232 606 2285 saepe
627 2232 880 2273 incredibiles
902 2232 998 2272 huic
1020 2234 1110 2272 urbi
1130 2233 1341 2273 felicitates
1364 2244 1483 2288 atque
1503 2247 1596 2287 opes
1618 2243 1679 2272 at-

275 2297 394 2342 tulit3
427 2312 514 2351 quae
535 2298 646 2336 illam
667 2301 885 2353 perniciem
905 2301 1079 2339 extinxit
1095 2330 1105 2345 ‚
1138 2314 1179 2339 ac
1203 2301 1382 2340 sustulit:
1417 2302 1481 2339 cui
1502 2301 1681 2354 primum

274 2374 452 2403 mentem
473 2365 611 2417 injecit
626 2396 636 2411 ,
669 2376 713 2405 ut
733 2368 771 2405 vi
792 2368 958 2412 irritare,
993 2367 1176 2420 ferroque
1198 2368 1389 2411 lacefl‘ere,
1423 2367 1680 2406 fortiffimum

275 2431 406 2468 virum
426 2429 598 2476 auderet,
621 2432 921 2486 vincereturque
943 2433 989 2470 ab
1011 2446 1071 2477 00,
1094 2446 1214 2484 quem
1238 2433 1262 2469 si
1285 2432 1447 2476 viciffet,
1472 2432 1679 2469 habiturus

274 2497 364 2536 effet
384 2497 668 2550 impunitatem
688 2508 726 2538 et
747 2499 949 2539 licentiam
974 2499 1265 2553 sempiternam.
1312 2499 1407 2536 Non
1430 2498 1482 2535 est
1504 2496 1679 2535 human-o

358 2564 433 2603 To
450 2577 501 2603 M.
536 2565 610 2603 VI.
1292 2565 1324 2601 E
1356 2578 1374 2600 e
