2076 2860
456 222 532 274 256
934 219 1378 258 ORATIO

453 323 556 376 apud
579 332 629 368 te,
663 324 710 361 C.
738 322 875 367 Caesar,
909 330 1055 367 utetur,
1089 322 1195 360 suam
1217 322 1334 360 citius
1357 322 1517 374 abjiciet
1543 320 1848 369 humanitatem,

454 404 573 443 quam
594 389 845 441 extorquebit
868 398 990 427 tuam.

500 457 573 494 VI.
597 457 657 493 Ac
673 457 825 508 primus
841 455 968 494 aditus
983 464 1021 493 et
1038 455 1247 507 postulatio
1261 455 1503 501 Tuberonis,
1521 455 1618 502 haec,
1635 465 1679 494 ut
1692 457 1848 509 opinor,

451 522 556 567 fuit,
590 522 689 559 velle
710 521 745 559 se
767 521 813 559 de
835 523 900 574 Q
914 522 1064 573 Ligarii
1085 521 1225 559 scelere
1246 522 1388 559 dicere.
1434 522 1529 560 Non
1551 522 1692 561 dubito
1708 552 1718 567 ,
1751 523 1848 576 quin

452 588 662 626 admiratus
684 588 729 626 sis
747 618 756 633 ,
788 589 849 626 vel
871 588 978 641 quod
999 587 1046 625 de
1067 587 1179 625 nullo
1200 588 1276 625 alio
1297 588 1505 640 quisquam
1521 618 1531 634 ‚
1563 589 1624 626 vel
1652 589 1758 642 quod
1788 590 1820 627 is
1835 618 1847 634 ,

452 655 521 707 qui
552 655 593 692 in
624 655 758 692 eadem
788 656 898 693 causa
928 654 1084 699 fuiffet,
1116 654 1175 692 vel
1208 654 1304 706 quid
1338 655 1429 692 novi
1461 654 1646 693 facinoris
1680 655 1847 694 afferret.

454 721 586 758 Scelus
621 730 664 758 tu
696 721 797 758 illud
829 735 958 765 vocas,
991 720 1186 758 Tubero?
1219 721 1320 757 cur?
1354 719 1424 757 isto
1456 721 1563 758 enim
1592 721 1753 758 nomine
1782 720 1851 758 illa

452 786 580 825 adhuc
602 787 713 825 causa
733 788 872 826 caruit.
906 787 989 825 Alii
1011 801 1180 825 errorem
1202 786 1401 839 appellant
1420 802 1428 824 :
1453 787 1516 824 alii
1542 788 1725 824 timorem
1745 803 1753 825 :
1779 787 1849 839 qui

452 854 603 900 durius,
636 855 758 907 spem,
785 854 1060 907 cupiditatem,
1083 854 1235 899 odium,
1268 854 1551 906 pertinaciam:
1586 855 1656 906 qui
1676 853 1850 906 graviffi-

453 935 531 966 me,
555 923 835 959 temeritatem:
860 921 998 965 scelus,
1021 930 1159 973 praeter
1180 930 1231 964 te,
1249 919 1378 958 adhuc
1400 934 1532 958 nemo.
1557 921 1617 958 Ac
1635 919 1737 959 mihi
1758 921 1850 973 qui-,-

452 987 557 1033 dem,
590 988 615 1025 fi
637 989 842 1040 proprium
864 998 902 1026 et
922 1001 1059 1025 verum
1082 1000 1225 1024 nomen
1249 986 1367 1024 nostri
1388 987 1483 1024 mali
1508 996 1718 1039 quaeratur‚
1750 985 1850 1024 fata-

453 1054 500 1091 lis
522 1054 701 1107 quaedam
721 1055 920 1092 calamitas
943 1053 1118 1091 incidiffe
1134 1053 1303 1097 videtur,
1322 1062 1359 1090 et
1376 1053 1614 1105 improvidas
1636 1051 1851 1091 hominum

453 1130 602 1158 mentes
625 1121 867 1173 occupaviffe
886 1136 894 1159 :
928 1130 973 1158 ut
995 1133 1111 1158 nemo
1141 1119 1274 1157 mirari
1305 1118 1467 1163 debeat,
1499 1118 1672 1157 humana
1692 1119 1852 1157 confilia

453 1187 586 1224 divina
605 1187 823 1225 necestitate
844 1187 915 1224 effe
937 1187 1124 1239 superata.

509 1254 645 1291 Liceat
675 1253 746 1291 effe
775 1253 963 1291 miseros:
997 1265 1222 1305 quanquam
1253 1251 1329 1290 hoc
1357 1252 1502 1289 viCtore
1523 1251 1595 1289 effe
1616 1265 1695 1289 non
1716 1251 1850 1304 poffu-

453 1333 556 1358 mus.
590 1319 662 1357 Sed
694 1333 772 1357 non
800 1320 943 1372 loquor
970 1319 1016 1356 de
1044 1319 1187 1362 nobis;
1221 1317 1267 1354 de
1295 1318 1375 1354 illis
1404 1317 1560 1369 loquor,
1593 1318 1663 1370 qui
1690 1316 1849 1355 occide-

453 1396 559 1425 runt.
594 1387 757 1424 Fuerint
778 1385 928 1438 cupidi,
960 1384 1109 1423 fuerint
1130 1384 1233 1428 irati,
1256 1382 1406 1421 fuerint
1427 1384 1644 1436 pertinaces
1664 1399 1673 1422 t
1698 1383 1850 1422 sceleriS

452 1466 544 1490 vero
575 1454 767 1497 crimine,
798 1452 969 1497 furoris,
1002 1450 1228 1503 parricidii,
1261 1449 1376 1487 liceat
1410 1450 1487 1488 Cn.
1517 1449 1708 1501 Pompeio
1740 1463 1849 1488 mor-

455 1527 523 1556 tuo
539 1548 548 1564 ‚
581 1519 696 1556 liceat
717 1519 854 1557 multis
877 1518 962 1556 aliis
979 1548 989 1563 ,
1021 1531 1163 1555 carere.
1197 1515 1367 1567 Qando
1388 1515 1465 1553 hoc
1486 1515 1695 1567 quisquam
1716 1529 1763 1553 ex
1785 1525 1823 1554 te
1838 1545 1848 1561 ,

453 1585 579 1624 Caesar
594 1615 604 1630 ,
637 1585 786 1623 audivit
805 1587 817 1622 ?
850 1594 915 1622 aut
944 1594 1010 1622 tua
1037 1583 1134 1636 quid
1159 1582 1266 1620 aliud
1287 1596 1392 1620 arma
1411 1581 1623 1620 voluerunt
1638 1611 1648 1627 ‚
1682 1582 1751 1619 nifi
1772 1596 1794 1620 a
1813 1591 1851 1621 te

452 1652 736 1690 contumeliam
761 1651 1010 1704 propulsare?
1029 1649 1127 1703 quid
1143 1649 1224 1702 egit
1246 1658 1336 1687 tuus
1359 1648 1426 1686 ille
1448 1648 1616 1686 invictus
1638 1649 1849 1694 exercitus,

454 1718 524 1756 nisi
546 1727 590 1755 ut
611 1717 722 1755 suum
740 1719 806 1770 jus
829 1726 1017 1761 tueretur,
1041 1725 1080 1754 et
1100 1715 1337 1769 dignitatem
1358 1715 1494 1752 tuam?
1519 1714 1656 1766 Qid?
1681 1723 1738 1759 tu,
1757 1728 1851 1753 cum

453 1797 589 1835 pacem
611 1783 683 1821 effe
704 1783 888 1835 cupiebas
905 1813 915 1827 ‚
948 1783 1039 1820 idne
1069 1782 1207 1833 agebas
1224 1811 1234 1826 ,
1267 1790 1311 1819 ut
1339 1781 1414 1819 tibi
1435 1795 1528 1819 cum
1549 1780 1742 1819 sceleratis
1758 1811 1768 1827 ,
1802 1794 1850 1820 an

455 1858 498 1887 ut
518 1863 610 1887 cum
633 1849 747 1886 bonis
769 1848 938 1892 civibus,
970 1846 1197 1885 conveniret
1216 1847 1229 1882 ?

510 1913 620 1952 Mihi
652 1928 762 1959 vero,
796 1913 935 1958 Caesar,
968 1922 1035 1950 tua
1064 1913 1106 1950 in
1139 1926 1203 1950 me
1235 1913 1407 1950 maxima
1439 1912 1578 1950 merita
1609 1921 1715 1950 tanta
1746 1922 1850 1951 certe

451 1996 533 2022 non
566 1981 804 2026 viderentur,
837 1981 863 2019 fi
891 1994 968 2027 me,
1002 1989 1045 2018 ut
1073 1979 1316 2024 sceleratum,
1349 1993 1369 2017 a
1400 1988 1437 2017 te
1470 1979 1739 2018 conservatum
1771 1994 1848 2033 pu-

456 2058 592 2086 tarem.
670 2047 841 2084 uomodo
863 2055 993 2084 autem
1016 2055 1057 2084 tu
1080 2046 1126 2083 de
1148 2045 1351 2099 republica
1372 2045 1470 2083 bene
1491 2045 1655 2084 meritus
1677 2045 1789 2090 effes,
1823 2046 1849 2084 fi

456 2124 514 2153 tot
549 2114 751 2152 sceleratos
787 2113 981 2151 incolumi
1017 2113 1208 2165 dignitate
1242 2111 1314 2149 effe
1347 2111 1560 2149 voluiffes?
1593 2112 1850 2151 Seceffionem

455 2188 498 2218 tu
519 2179 629 2218 illam
651 2178 930 2224 existimavisti,
964 2178 1102 2223 Caesar,
1135 2177 1265 2222 initio,
1299 2190 1377 2215 non
1400 2177 1575 2215 bellum:
1610 2190 1688 2215 non
1710 2176 1850 2216 hostile

453 2246 608 2291 odium,
639 2245 703 2283 sed
735 2245 851 2283 civile
883 2244 1108 2282 diffidium:
1142 2243 1317 2296 utrisque
1345 2242 1598 2295 cupientibus
1626 2243 1848 2296 rempubli-

454 2326 541 2351 cam
563 2311 704 2350 salvam
719 2341 730 2356 ,
761 2310 826 2348 sed
846 2311 990 2364 partim
1011 2310 1182 2348 consiliis
1199 2338 1210 2354 ,
1242 2309 1385 2361 partim
1407 2308 1542 2347 studiis
1559 2338 1569 2354 ‚
1601 2322 1622 2347 a
1641 2309 1849 2347 communi

454 2378 625 2416 utilitate
645 2377 930 2415 aberrantibus.
964 2377 1197 2428 Principum
1219 2374 1388 2427 dignitas
1410 2385 1489 2413 erat
1516 2389 1614 2428 pene
1642 2389 1736 2427 par;
1770 2387 1847 2413 non

458 2459 522 2497 par
544 2443 695 2482 sortaffe
716 2457 851 2481 eorum
868 2472 878 2488 ‚
911 2442 980 2496 qui
1006 2441 1268 2495 sequebantur
1286 2456 1294 2478 :
1328 2440 1439 2478 causa
1460 2449 1546 2480 tum
1567 2440 1711 2486 dubia,
1743 2438 1849 2491 quod

455 2522 533 2551 crat
568 2510 720 2563 aliquid
761 2511 802 2548 in
838 2519 1003 2563 utraque
1037 2518 1144 2562 parte
1161 2537 1172 2554 ‚
1214 2507 1321 2562 quod
1355 2507 1512 2561 probari
1551 2506 1672 2560 poffet
1688 2525 1700 2552 ς
1742 2518 1848 2544 nuno
