2076 2860
421 184 497 225 312
775 166 850 206 IN
911 164 975 204 M.
1037 164 1466 205 ANTONIUM

415 274 641 314 dilabuntur.
682 270 936 315 Incredibile,
968 283 1012 308 ac
1045 269 1170 308 simile
1199 270 1375 322 portenti
1405 269 1472 315 est,
1505 281 1680 321 quonam
1700 270 1821 310 modo

417 343 488 381 illa
509 353 589 380 tam
614 340 755 384 multa,
788 351 909 392 quam
928 337 1079 390 paucis,
1111 350 1192 374 non
1220 336 1311 374 dico
1332 336 1546 381 mensibus,
1579 336 1643 375 sed
1664 336 1819 384 diebus,

417 408 615 447 effuderit.
663 405 871 445 Maximus
904 404 988 442 vini
1019 416 1208 442 numerus
1241 401 1345 448 fuit,
1378 416 1642 456 permagnum
1675 403 1822 456 optimi

415 475 570 529 pondus
593 472 760 525 argenti,
778 470 946 524 pretiosa
965 469 1078 508 vestis
1096 470 1237 515 multa,
1256 479 1294 507 et
1314 470 1421 507 lauta
1441 469 1631 522 supellex,
1649 479 1688 507 et
1704 484 1819 522 mag-

416 542 534 580 nifica
554 540 693 579 multis
715 539 830 584 locis,
863 551 943 576 non
964 537 1033 575 illa
1053 536 1217 589 quidem
1237 536 1427 575 luxuriosi
1448 535 1642 582 hominis,
1673 536 1737 575 sed
1759 546 1819 576 ta-

414 622 507 647 men
529 606 766 646 abundantis
785 621 794 643 ;
827 603 973 642 horum
993 604 1128 656 paucis
1150 602 1289 640 diebus
1311 601 1414 640 nihil
1435 611 1529 641 erat.

471 677 572 727 Qae
600 671 824 725 Charybdis
852 680 934 709 tam
960 671 1111 708 vorax?
1145 668 1377 721 Charybdin
1405 668 1527 707 dico?
1561 682 1647 722 quae
1675 669 1701 708 fi
1723 668 1818 715 fuit,

414 742 494 782 fuit
514 741 659 780 animal
682 754 830 778 unum:
856 739 1055 782 Oceanus,
1075 736 1229 775 medius
1245 736 1379 782 fidius,
1396 737 1464 774 vix
1484 736 1640 775 videtur
1661 746 1720 775 tot
1742 751 1816 782 res,

414 820 497 848 tam
527 808 736 861 diffipatas,
769 816 851 845 tam
881 804 1129 859 distantibus
1147 804 1188 841 in
1220 804 1318 841 locis
1350 803 1506 856 positas,
1540 812 1620 841 tam
1642 804 1724 841 cito
1745 803 1817 841 ab-

414 878 567 916 sorbere
588 874 769 929 potuisse.
815 871 935 911 Nihil
956 882 1036 909 erat
1057 871 1248 915 clausum,
1281 869 1384 908 nihil
1415 871 1680 923 obsignatum,
1714 869 1817 909 nihil

413 944 621 996 scriptum.
655 939 872 994 Apothecae
898 948 989 977 totae
1012 937 1256 990 nequiffimis
1277 936 1512 975 hominibus
1534 936 1815 975 condonaban-

412 1019 478 1049 tur
497 1025 505 1049 :
539 1009 613 1047 alia
633 1008 750 1046 mimi
775 1006 993 1059 rapiebant,
1026 1004 1101 1042 alia
1119 1004 1252 1041 mimae
1271 1019 1280 1041 :
1313 1003 1456 1040 domus
1478 1012 1558 1041 erat
1579 1003 1817 1041 aleatoribus

413 1076 569 1122 referta,
601 1075 717 1129 plena
736 1074 966 1112 ebriorum:
1001 1080 1105 1109 totos
1136 1070 1218 1108 dies
1247 1070 1471 1122 potabatur,
1504 1079 1621 1122 atque
1648 1068 1689 1106 id
1715 1070 1816 1108 locis

412 1144 624 1197 pluribus:
658 1140 966 1194 suggerebantur
995 1139 1115 1176 etiam
1150 1136 1245 1190 saepe
1283 1138 1382 1189 (non
1413 1137 1521 1175 enim
1555 1136 1706 1189 semper
1734 1136 1817 1190 ipse

412 1210 529 1261 felix)
554 1209 696 1247 damna
715 1207 924 1246 aleatoria:
958 1203 1221 1256 conchyliatis
1251 1204 1328 1242 Cn.
1354 1202 1537 1255 Pompeii
1563 1202 1814 1255 peristroma-

411 1278 479 1323 tis,
513 1277 711 1315 servorum
730 1275 774 1313 in
796 1273 922 1318 cellis,
949 1272 1070 1310 lectos
1092 1271 1227 1308 stratos
1248 1269 1413 1307 videres„
1448 1268 1724 1321 Qamobrem
1744 1269 1814 1307 de-

412 1345 525 1383 finite
557 1343 705 1387 mirari,
738 1340 820 1379 haec
853 1349 935 1377 tam
967 1338 1148 1376 celeriter
1177 1336 1250 1374 effe
1282 1336 1531 1388 consumpta.
1565 1331 1661 1374 Non
1695 1334 1817 1374 modo

411 1412 529 1449 unius
552 1408 854 1464 patrimonium,
877 1405 1058 1459 quamvis
1079 1403 1277 1456 amplum,
1309 1411 1353 1441 ut
1373 1401 1476 1440 illud
1497 1401 1590 1447 fuit,
1614 1402 1677 1440 sed
1700 1402 1817 1441 urbes

410 1487 450 1516 et
471 1491 603 1530 regna,
636 1475 816 1514 celeriter
836 1481 945 1512 tanta
965 1471 1144 1524 nequitia
1164 1470 1346 1508 devorare
1366 1469 1566 1521 potuisset.

466 1546 523 1582 At
552 1543 726 1596 ejusdem
752 1541 850 1580 aedes
871 1540 1006 1584 etiam,
1037 1547 1076 1577 et
1096 1537 1249 1576 hortos.
1284 1538 1320 1574 O
1342 1535 1544 1574 audaciam
1566 1535 1782 1574 immanem
1803 1535 1812 1574 ἒ

409 1621 453 1650 tu
476 1611 630 1664 ingredi
651 1610 763 1648 illam
785 1608 952 1646 domum
972 1606 1084 1644 ausus
1106 1619 1144 1643 es
1162 1606 1175 1643 ?
1199 1613 1242 1642 tu
1264 1603 1365 1642 illud
1387 1602 1667 1641 sanffiffimum
1688 1602 1814 1641 limen

409 1682 553 1717 intrare
573 1680 585 1717 ?
610 1688 654 1716 tu
675 1677 834 1715 illarum
855 1675 1000 1714 aedium
1022 1673 1113 1712 Diis
1135 1671 1344 1725 penatibus
1365 1684 1407 1708 os
1429 1669 1813 1723 importuniffimum

409 1745 608 1783 ostendere
627 1746 640 1782 ?
674 1745 809 1795 Qam
830 1742 997 1780 domum
1018 1738 1249 1792 aliquandiu
1271 1751 1389 1775 nemo
1416 1737 1613 1789 adspicere
1642 1745 1809 1789 poterat,

408 1825 528 1850 nemo
559 1812 637 1849 fine
666 1809 851 1860 lacrymis
878 1806 1102 1859 praeterire;
1135 1804 1208 1841 hac
1236 1813 1274 1841 te
1294 1805 1335 1841 in
1357 1804 1477 1841 domo
1499 1802 1651 1840 tamdiu
1672 1802 1811 1840 dever-

408 1878 481 1917 sari
502 1869 581 1915 non
604 1875 758 1929 pudet?
790 1874 831 1911 in
854 1886 944 1925 qua,
971 1870 1150 1925 quamvis
1173 1869 1275 1907 nihil
1297 1869 1432 1922 sapias,
1457 1878 1585 1906 tamen
1609 1867 1712 1906 nihil
1734 1868 1811 1905 tibi

406 1943 535 1998 potest
555 1942 627 1981 effe
643 1939 885 1994 jucundum.
1030 1942 1033 1945 '

465 2009 665 2048 XXVIII.
691 2008 756 2045 An
779 2015 837 2051 tu,
861 2004 930 2043 illa
950 2005 990 2041 in
1011 2002 1204 2040 vestibulo
1226 2000 1357 2046 rostra,
1376 2000 1511 2053 spolia,
1529 2013 1623 2037 cum
1644 1999 1809 2052 adspex-

406 2077 485 2123 isti,
504 2076 671 2114 domum
688 2083 798 2112 tuam
815 2082 852 2111 te
869 2071 1032 2110 introire
1055 2079 1167 2123 putas
1185 2070 1197 2107 ?
1221 2068 1327 2107 Fieri
1349 2074 1428 2106 non
1449 2067 1589 2121 potest.
1658 2067 1809 2105 uamvis

406 2145 517 2183 enim
538 2143 616 2181 fine
637 2150 784 2187 mente,
808 2141 886 2178 sine
907 2137 1016 2176 sensu
1039 2138 1100 2183 sis,
1133 2145 1177 2175 ut
1198 2150 1265 2181 es3
1299 2144 1430 2173 tamen
1452 2143 1490 2173 ct
1512 2144 1564 2179 te,
1596 2143 1635 2172 et
1657 2143 1737 2179 tua,
1769 2142 1810 2172 et

406 2220 513 2257 tuos,
537 2208 651 2248 nosti.
684 2208 773 2246 Nec
795 2220 885 2245 vero
907 2214 945 2243 te
966 2218 1157 2257 unquam,
1189 2216 1317 2255 neque
1337 2202 1585 2255 vigilantem,
1618 2214 1746 2253 neque
1767 2200 1809 2238 in

407 2278 571 2322 somnis,
593 2273 711 2314 credo
732 2282 864 2313 mente
886 2272 989 2326 poffe
1010 2271 1227 2309 confistere.
1262 2269 1424 2308 Neceffe
1446 2268 1513 2314 est,
1542 2267 1723 2320 quamvis
1745 2267 1807 2312 fis,

407 2354 453 2383 ut
473 2358 528 2390 es,
546 2342 744 2382 violentus
765 2350 804 2379 et
824 2339 974 2384 furens,
993 2352 1086 2376 cum
1108 2337 1184 2375 tibi
1204 2336 1357 2389 objecta
1373 2335 1418 2373 fit
1439 2335 1585 2388 species
1602 2333 1807 2386 singularis

406 2412 496 2457 viri,
519 2410 774 2464 perterritum
795 2416 833 2446 te
853 2406 900 2445 de
921 2406 1059 2444 somno
1079 2405 1257 2449 excitari,
1289 2403 1418 2441 furere
1442 2403 1563 2440 etlam
1584 2401 1680 2454 saepe
1701 2399 1805 2451 vigi-

405 2479 570 2519 lantem.
594 2476 667 2517 Me
684 2474 848 2530 quidem
865 2473 1021 2513 miseret
1038 2472 1233 2526 parietum
1250 2469 1440 2523 ipsorum,
1459 2477 1577 2521 atque
1594 2467 1803 2506 tectorum.
