2076 2860
724 160 865 198 PRo
927 159 992 198 M.
1055 159 1318 198 cAEL10.
1675 173 1726 213 79

318 258 440 298 modo
460 257 628 312 parenti,
657 257 726 294 tali
748 257 847 301 viro,
870 269 1009 294 verum
1029 255 1151 294 etiam
1173 255 1397 308 municipio
1419 264 1498 294 tam
1520 254 1664 293 illustri
1685 269 1727 293 ac

318 335 400 365 tam
420 325 544 377 gravi,
577 324 817 377 displiceret.

374 392 452 430 III.
486 391 704 444 Equidem,
723 399 768 428 ut
783 389 831 428 ad
847 403 912 428 me
928 399 1111 435 revertar,
1130 390 1177 428 ab
1198 388 1262 428 his
1283 389 1466 428 fontibus
1488 390 1661 443 profluxi
1683 391 1730 428 ad

315 457 533 500 hominum
549 457 722 502 famam;
742 466 781 495 et
801 470 914 495 meus
936 455 1004 495 hic
1025 455 1188 495 forenfis
1206 456 1331 502 labor,
1347 458 1516 510 vitaeque
1533 458 1646 502 ratio,
1666 458 1727 495 di-

317 526 493 565 manavit
513 525 560 563 ad
581 524 917 563 existimationem
938 523 1153 562 hominum
1176 524 1295 577 paulo
1319 524 1437 562 latius
1469 525 1728 562 commenda-

316 593 426 631 tione
441 606 485 631 ac
496 592 653 646 judicio
670 606 867 630 meorum.
888 592 1012 636 Nam,
1031 591 1140 644 quod
1156 591 1359 643 objecitum
1375 591 1429 628 est
1451 591 1498 629 de
1518 592 1726 644 pudicitia,

316 659 505 713 quodque
534 659 719 698 omnium
750 658 1023 697 accusatorum
1054 672 1134 696 non
1168 658 1405 695 criminibus
1422 687 1433 702 ,
1466 658 1529 695 sed
1562 659 1727 696 vocibus

316 726 631 779 111aledi6'cisqi1e,
649 725 895 764 celebratum
910 724 987 769 est;
1006 724 1048 762 id
1064 737 1272 777 nunquam
1290 733 1370 761 tam
1391 724 1529 762 acerbe
1545 723 1643 762 feret
1662 726 1724 763 M.

317 792 481 838 CaeHus,
518 801 563 830 ut
584 805 676 830 eum
697 792 889 844 poeniteat
911 804 990 828 non
1012 789 1236 828 deformem
1257 789 1330 828 effe
1351 800 1490 828 natum
1510 806 1518 828 ;
1555 790 1645 828 sunt
1666 801 1726 829 et-

316 860 426 897 enim
442 859 512 896 ista
526 858 735 896 maledieta
755 857 986 910 pervulgata
1005 857 1047 894 in
1068 870 1222 902 omnem,
1241 871 1415 910 quorum
1436 858 1477 895 in
1499 857 1725 896 adolescen-

316 928 371 966 tia
390 926 519 965 forma
539 935 578 964 et
593 926 740 979 species
757 925 836 964 fuit
853 925 1043 964 liberalis.
1064 925 1137 963 Sed
1153 925 1261 964 aliud
1278 926 1331 964 est
1352 925 1602 971 maledicere,
1620 926 1728 964 aliud

316 994 507 1033 accusare.
532 993 744 1032 Accusatio
761 993 913 1031 crimen
930 992 1132 1038 desiderat,
1152 1007 1235 1031 rem
1258 1002 1302 1031 ut
1323 992 1499 1037 definiat,
1518 992 1727 1031 hominem

314 1070 360 1099 ut
382 1070 507 1107 notet,
530 1070 767 1114 argumento
788 1060 945 1113 probet,
969 1059 1062 1098 teste
1083 1060 1294 1098 confirmet
1313 1075 1322 1098 ;
1346 1060 1573 1098 maledictio
1594 1070 1727 1098 autem

314 1127 419 1166 nihil
440 1127 560 1166 habet
581 1128 786 1180 propositi,
816 1136 956 1180 praeter
975 1127 1264 1165 contumeliam
1283 1142 1291 1165 :
1325 1141 1412 1180 quae
1434 1126 1460 1165 fi
1482 1127 1727 1180 petulantius

308 1195 494 1248 jactatur,
526 1195 786 1240 convicium3
820 1194 846 1232 fi
868 1193 1053 1240 facetius,
1086 1194 1288 1232 urbanitas
1310 1194 1556 1232 nominatur.

372 1263 508 1315 Qam
538 1261 703 1315 quidem
733 1270 887 1314 partem
915 1261 1176 1299 accusationis
1204 1261 1419 1300 admiratus
1441 1260 1543 1305 sum,
1575 1269 1613 1298 et
1635 1274 1725 1298 mo-

315 1328 409 1367 leste
429 1329 531 1375 tuli,
563 1328 812 1382 potiffimum
833 1328 906 1366 effe
926 1328 1114 1367 Atratino
1135 1327 1267 1366 datam
1287 1343 1295 1366 :
1330 1341 1458 1381 neque
1478 1328 1587 1365 enim
1609 1327 1725 1365 dece-

316 1395 397 1441 bat,
429 1409 559 1449 neque
583 1405 671 1434 aetas
693 1395 762 1434 illa
782 1394 1018 1448 postulabat,
1051 1409 1194 1448 neque,
1227 1394 1267 1432 id
1288 1395 1397 1448 quod
1418 1394 1728 1432 animadvertere

313 1463 502 1515 poteratis
517 1493 530 1509 ‚
562 1462 690 1516 pudor
711 1462 934 1515 patiebatur
954 1462 1101 1515 optimi
1122 1461 1380 1500 adolescentis
1396 1491 1407 1506 ‚
1440 1461 1482 1499 in
1508 1461 1577 1499 tali
1607 1461 1726 1499 illum

313 1529 490 1568 oratione
520 1530 674 1568 versari.
709 1529 867 1567 Vellem
898 1529 1042 1581 aliquis
1073 1543 1122 1567 ex
1151 1528 1265 1566 vobis
1296 1527 1584 1566 robustioribus
1614 1526 1725 1566 hunc

314 1595 579 1633 maledicendi
601 1596 739 1632 locum
760 1594 981 1646 suscepisset
999 1609 1008 1631 ε
1042 1594 1247 1645 aliquanto
1269 1593 1433 1631 liberius
1450 1623 1460 1638 ,
1492 1601 1531 1630 et
1552 1592 1696 1631 fortius
1712 1623 1724 1639 ,

313 1669 354 1698 et
374 1660 500 1714 magis
522 1674 633 1698 more
648 1660 794 1705 nostr0‚
813 1659 1075 1698 refutaremus
1092 1658 1204 1697 istam
1221 1658 1485 1697 maledicendi
1501 1658 1722 1698 licentiam.

315 1727 490 1773 Tecum,
518 1727 715 1772 Atratine,
747 1740 861 1778 agam
882 1726 1023 1770 levius,
1047 1725 1154 1777 quod
1175 1735 1213 1763 et
1235 1726 1363 1778 pudor
1384 1735 1475 1763 tuus
1497 1725 1726 1764 moderatur

313 1793 484 1831 orationi
501 1807 616 1838 meae‚·
641 1802 680 1830 et
699 1805 838 1830 meum
854 1805 944 1844 erga
960 1801 1012 1836 te,
1031 1800 1315 1844 parentemque
1332 1801 1463 1837 tuum,
1483 1791 1726 1830 beneficium

312 1859 417 1897 tueri
433 1858 572 1898 debeo.
592 1858 700 1897 Illud
718 1867 850 1896 tamen
868 1867 905 1896 te
921 1857 994 1896 effe
1010 1857 1263 1896 admonitum
1279 1857 1391 1896 volo:
1415 1858 1608 1910 primum,
1625 1872 1723 1910 qua-

313 1925 363 1964 lis
385 1940 440 1972 eS,
462 1926 583 1965 talem
605 1935 643 1965 te
663 1926 736 1964 effe
752 1925 974 1970 existimes;
999 1934 1058 1970 ut,
1077 1935 1275 1977 quantum
1290 1939 1311 1963 a
1327 1939 1458 1964 rerum
1476 1926 1725 1978 turpitudine

314 1991 404 2031 abes
420 2022 430 2038 ,
464 2002 621 2032 tantum
643 2002 681 2031 te
702 2007 722 2030 a
743 1993 954 2031 verborum
976 1991 1158 2030 libertate
1179 1992 1357 2044 sejungas
1378 2007 1387 2030 ι
1420 1992 1585 2037 deinde,
1619 2001 1662 2030 ut
1683 2006 1726 2030 ea

313 2059 355 2097 in
376 2059 545 2098 alterum
568 2074 616 2098 ne
638 2060 759 2105 dicas,
777 2073 864 2111 quae
880 2072 975 2096 cum
992 2059 1067 2096 tibi
1084 2058 1181 2097 falso
1198 2058 1377 2111 responsa
1397 2059 1486 2104 sint,
1504 2058 1721 2097 erubescas.

316 2126 420 2178 Qis
436 2126 490 2165 est
506 2128 630 2172 enirn,
648 2127 714 2164 cui
731 2126 792 2163 via
809 2125 877 2163 ista
893 2139 971 2163 non
989 2134 1119 2178 pateat
1135 2127 1148 2163 ?
1167 2125 1236 2178 qui
1253 2125 1315 2164 isti
1331 2126 1451 2170 aetati,
1469 2135 1587 2178 atque
1603 2125 1724 2163 etiam

315 2192 517 2246 dignitati,
550 2207 630 2232 non
661 2193 775 2245 poffit
806 2206 926 2245 quam
956 2192 1052 2231 velit
1082 2193 1321 2246 petulanter,
1353 2193 1473 2230 etiam
1495 2193 1521 2230 fi
1544 2192 1623 2230 fine
1644 2192 1725 2231 ulla

316 2259 561 2311 suspicione,
593 2268 632 2298 at
662 2273 741 2298 non
763 2259 842 2298 fine
862 2269 1123 2312 argumento,
1156 2259 1423 2298 maledicere?
1457 2258 1530 2297 Sed
1560 2258 1722 2296 istarum

317 2327 490 2378 partium
511 2327 629 2379 culpa
649 2327 701 2364 est
723 2341 875 2372 eorum,
898 2327 968 2379 qui
989 2336 1028 2365 te
1048 2341 1160 2380 agere
1182 2327 1393 2366 voluerunt
1412 2342 1421 2364 :
1454 2326 1537 2364 laus
1560 2325 1722 2378 pudoris

317 2393 391 2438 tui,
410 2392 518 2445 quod
534 2407 576 2430 ea
592 2402 629 2431 te
646 2393 819 2433 invitum
836 2395 966 2433 dicere
987 2394 1244 2441 videbamus5
1269 2383 1436 2446 ingenii,
1460 2392 1567 2446 quod
1589 2401 1722 2429 ornate

316 2459 519 2513 politeque
540 2459 686 2498 dixisti.
