2076 2860
648 161 1225 210 PHILIPPICA
1301 174 1417 216 XIV.
1648 197 1725 237 471

332 271 405 296 nec
439 258 615 313 dispersis
647 262 767 303 bustis
795 265 943 306 humili
964 268 1162 322 sepultura
1192 287 1401 325 crematos,
1432 280 1495 320 sed
1528 289 1728 327 contectos

332 324 506 376 publicis
526 328 711 379 operibus
733 340 848 383 atque
868 337 1115 384 muneribus,
1147 353 1268 394 eaque
1288 348 1548 396 extructione,
1575 367 1662 406 quae
1682 356 1728 394 fit

327 389 378 428 ad
398 393 633 432 memoriam
653 398 880 437 aeternitatis
902 413 964 439 ara
983 403 1156 445 virtutis.

386 458 660 510 Qamobrem
680 464 902 504 maximum
919 469 1081 520 quidem
1098 471 1280 513 solatium
1297 478 1370 516 erit
1390 482 1723 537 propinquorum,

325 523 467 562 eodem
501 538 765 568 monumento
798 531 983 572 declarari
1018 546 1056 574 et
1090 538 1278 580 virtutem
1313 544 1492 594 suorum,
1525 561 1563 588 et
1596 554 1724 606 pieta-

322 597 430 636 tem,
461 600 500 629 et
534 592 686 633 senatus
720 596 862 645 fidem,
893 610 932 639 et
966 603 1221 645 crudeliffimi
1256 614 1487 652 memoriam
1526 618 1647 659 belli:
1681 623 1722 661 in

323 669 420 707 quo,
452 658 522 697 nifi
553 668 659 700 tanta
686 663 866 704 militum
893 667 1016 707 virtus
1037 672 1237 719 extitiffet,
1269 679 1479 728 parricidio
1500 683 1564 723 M.
1588 688 1721 727 Anto-

322 722 383 760 nii
419 737 564 764 nomen
598 729 739 781 populi
774 731 948 772 Romani
982 737 1197 778 occidiffet.
1241 743 1376 795 Atque
1410 748 1527 795 etiam
1564 754 1717 803 censeo,

321 787 456 829 Patres
477 793 705 848 conscripti,
737 811 823 849 quae
851 802 1013 853 praemia
1040 805 1239 846 militibus
1264 812 1515 862 promisimus
1538 831 1623 865 nos,
1655 836 1718 859 re-

320 855 484 907 publica
503 871 741 914 recuperata‚
774 865 1008 914 tributuros,
1040 884 1082 908 ea
1103 873 1202 912 vivis
1221 875 1514 933 victoribusque
1534 888 1717 926 cumula-

317 929 372 967 te,
403 937 497 964 cum
518 935 676 980 tempus
698 933 862 978 venerit,
894 935 1175 987 persolvenda:
1208 942 1278 994 qui
1299 954 1430 984 autem
1451 962 1499 987 ex
1525 951 1587 997 iis,
1619 956 1713 1005 qui-

318 986 392 1027 bus
412 990 483 1029 illa
501 994 686 1044 promifl‘a
704 996 809 1043 sunt,
841 1013 912 1051 pro
941 1004 1066 1054 patria
1094 1006 1340 1056 occiderunt,
1364 1026 1509 1054 eorum
1537 1022 1713 1070 parenti-

317 1052 406 1100 bus,
437 1056 588 1104 liberis,
620 1062 875 1114 conjugibu3‚
907 1065 1110 1115 fratribus,
1141 1073 1276 1112 eadem
1296 1078 1506 1120 tribuenda
1525 1085 1677 1126 censeo.

369 1121 485 1162 XIV.
518 1125 606 1171 Sed,
639 1136 683 1166 ut
709 1129 922 1182 aliquando
953 1133 1145 1176 sententia
1176 1143 1429 1195 complectar,
1461 1148 1515 1186 ita
1546 1153 1709 1194 censeo:

315 1193 344 1209 “
367 1189 473 1227 CUM
513 1191 562 1230 C.
597 1193 731 1239 Pansa,
763 1198 915 1244 consul,
946 1201 1174 1254 imperator,
1206 1207 1370 1248 initium
1404 1226 1496 1252 cum
1532 1215 1710 1259 hostibus

314 1259 343 1275 “
364 1255 606 1308 confligendi
625 1258 792 1307 fecerit;
825 1277 905 1315 quo
930 1268 1073 1318 proelio
1099 1270 1205 1323 legio
1231 1273 1379 1314 Martia
1399 1279 1622 1322 admirabili
1643 1287 1708 1324 in-

314 1324 343 1340 “
365 1320 627 1375 credibilique
658 1326 803 1366 virtute
834 1329 1058 1371 libertatem
1087 1337 1228 1390 populi
1263 1340 1436 1383 Romani
1471 1346 1705 1398 defenderit,

312 1391 341 1407 “
363 1387 472 1438 quod
491 1388 597 1427 idem
614 1391 787 1444 legiones
806 1396 981 1437 tironum
998 1399 1187 1449 fecerint3
1210 1406 1370 1460 ipseque
1388 1411 1437 1450 C.
1452 1413 1586 1460 Pansa,
1604 1431 1704 1456 con-

310 1457 338 1473 “
361 1452 433 1498 sul,
457 1454 683 1508 imperator,
702 1474 794 1499 cum
815 1463 918 1502 inter
939 1466 1066 1504 media
1085 1467 1258 1510 hostium
1277 1475 1352 1512 tela
1367 1478 1592 1526 versaretur,
1611 1485 1702 1523 vul-

309 1524 338 1540 “
360 1532 450 1558 nera
465 1525 677 1575 acceperit:
697 1540 870 1581 cumque
887 1532 937 1569 A.
953 1533 1128 1580 Hirtius,
1145 1538 1295 1584 consul,
1315 1542 1540 1595 imperator,
1559 1551 1702 1599 proelio

307 1589 335 1605 “
357 1585 491 1624 audito
512 1597 550 1626 et
571 1592 747 1642 cognitO,
779 1593 988 1636 fortiffimo
1017 1601 1403 1658 praestantiffimoque
1433 1612 1565 1650 animo
1586 1628 1697 1654 exer-

307 1657 335 1673 “
357 1652 484 1691 citum
506 1655 634 1695 castris
657 1659 849 1707 eduxerit,
869 1663 1144 1720 impetumque
1164 1671 1204 1708 in
1223 1672 1286 1711 M.
1303 1675 1528 1716 Antonium
1545 1684 1697 1721 exerci—

305 1722 333 1738 “
358 1726 522 1772 tumque
543 1720 717 1762 hostium
737 1724 889 1773 fecerit,
921 1731 1081 1784 ejusque
1110 1737 1241 1788 copias
1271 1740 1464 1779 occifione
1490 1746 1696 1793 occiderit,

304 1788 332 1804 “
355 1782 422 1821 suo
439 1788 613 1826 exercitu
635 1790 688 1827 ita
708 1791 917 1840 incolumi,
950 1807 994 1835 ut
1023 1812 1072 1836 ne
1101 1814 1225 1840 unum
1247 1805 1410 1856 quidem
1431 1810 1603 1850 militem
1625 1814 1695 1851 de-

302 1854 330 1870 “
354 1849 598 1892 fideraverit:
632 1869 805 1911 cumque
833 1861 881 1898 C.
908 1863 1046 1909 Caesar,
1079 1866 1305 1919 imperator,
1338 1875 1499 1913 consilio
1521 1877 1693 1931 diligen-

300 1920 328 1936 “
352 1915 482 1969 tiaque
505 1918 568 1956 sua
589 1921 707 1960 castra
726 1923 895 1964 feliciter
916 1928 1148 1977 defenderit,
1173 1937 1379 1989 copiasque
1400 1939 1588 1988 hostium,
1607 1960 1692 1997 quae

299 1985 327 2002 “
351 1981 396 2018 ad
418 1983 535 2022 castra
555 1989 799 2036 accesserant,
830 1994 1062 2047 profligarit,
1094 2001 1311 2041 occiderit:
1344 2005 1395 2042 ob
1420 2020 1480 2046 eas
1502 2024 1559 2047 res
1582 2012 1690 2050 sena-

298 2051 325 2067 “
350 2054 435 2085 tum
457 2050 689 2098 existimare,
722 2065 759 2093 et
779 2057 971 2107 judicare,
1003 2075 1138 2102 eorum
1161 2066 1283 2106 trium
1304 2070 1586 2124 imperatorum
1608 2079 1688 2116 vir-

296 2117 324 2133 “
348 2120 451 2158 tute,
483 2116 664 2168 imperio,
697 2122 873 2169 confilio,
905 2128 1113 2177 gravitate,
1146 2133 1380 2182 constantia,
1413 2143 1688 2192 magnitudine

296 2183 324 2198 “
347 2178 484 2224 animi,
517 2181 721 2231 felicitate,
754 2190 949 2241 populum
977 2194 1207 2236 Romanum
1233 2200 1442 2242 foediffima
1468 2209 1685 2247 crudeliffi-

294 2249 323 2265 “
346 2258 486 2297 maque
515 2247 698 2289 servitute
726 2253 963 2297 liberatum:
998 2274 1170 2315 cumque
1191 2270 1496 2320 rempublicam,
1529 2275 1682 2321 urbem,

293 2315 321 2330 “
345 2312 491 2363 templa
509 2313 686 2354 Deorum
704 2318 1007 2371 immortalium,
1028 2327 1129 2366 bona
1145 2329 1399 2387 fortunasque
1415 2340 1611 2385 omnium,
1631 2343 1682 2378 li-

291 2382 319 2397 “
344 2375 544 2430 herusque,
576 2383 837 2425 conservarint
859 2389 1112 2432 dimicatione
1133 2406 1171 2433 et
1191 2400 1368 2448 periculo
1390 2404 1477 2441 vita:
1500 2405 1596 2450 sum,
1623 2409 1680 2445 uti

290 2447 319 2462 “
342 2442 392 2481 ob
414 2457 474 2483 cas
495 2459 568 2493 res,
603 2448 714 2498 bene,
746 2450 917 2501 fortiter,
948 2455 1196 2514 feliciterque
1215 2464 1352 2516 gestas,
1387 2468 1433 2507 C.
1459 2469 1592 2518 Pansa,
1624 2475 1675 2513 A.
