2076 2860
674 140 814 179 PRO
878 137 941 175 M.
1004 130 1265 172 CAELIO.
1626 136 1676 173 99

270 237 496 292 QCatulo
528 234 655 273 fuerat
687 232 722 269 ei
756 226 1009 270 communis,
1041 222 1179 261 crebro
1213 219 1429 263 Catulum,
1463 217 1559 270 saepe
1589 228 1675 257 me,

271 307 472 360 saepiffime
489 300 796 354 rempublicam,
815 292 1045 334 nominabat
1061 309 1071 335 ;
1092 298 1135 327 ut
1153 303 1232 326 non
1250 297 1331 326 tam
1347 286 1384 325 se
1400 286 1539 330 emori,
1559 297 1675 336 quam

271 372 430 427 spoliari
446 370 514 408 suo
530 366 706 422 praefidio
722 377 816 402 cum
833 360 1016 414 patriam,
1033 367 1121 395 tum
1137 356 1256 394 etiam
1274 368 1352 398 me,
1368 352 1532 391 doleret.
1546 353 1678 402 Qem

273 438 439 493 quidem
454 436 586 475 virum
603 433 628 471 fi
651 431 761 470 nulla
782 430 838 467 vis
861 425 1058 480 repentini
1079 423 1232 461 sceleris
1251 419 1482 464 sustulifl'et3
1506 430 1680 471 quonam

274 506 396 546 modo
425 504 494 543 ille
524 500 674 541 furenti
704 498 816 536 fratri
848 495 916 534 suo
946 491 1114 547 patrueli
1136 488 1349 528 consularis
1372 485 1580 530 restitisset,
1613 484 1683 536 qui

276 572 414 612 consul
436 569 698 623 incipientem
719 564 863 607 furere,
886 571 1003 614 atque
1024 566 1250 601 conantem,
1274 555 1340 593 sua
1360 553 1396 592 se
1417 567 1537 591 manu
1559 552 1683 589 inter-

275 640 491 682 fecturum,
523 635 707 674 audiente
736 632 884 674 senatu,
916 626 1061 665 dixerit
1081 626 1093 662 ?
1126 625 1189 662 Ex
1210 622 1284 660 hac
1306 621 1429 673 igitur
1450 620 1570 657 domo
1592 630 1685 670 pro—

278 707 401 762 gressa
429 705 499 743 ista
527 702 671 742 mulier
701 700 748 737 de
778 696 919 736 veneni
941 693 1141 732 celeritate
1162 690 1292 728 dicere
1312 687 1506 726 audebit?
1540 686 1688 724 Nonne

281 774 406 827 ipsam
427 772 595 809 domum
616 775 767 806 metuet
783 795 794 810 ‚
826 778 874 801 ne
904 774 1024 814 quam
1055 771 1195 797 vocem
1224 755 1388 793 eliciat?
1423 766 1502 791 non
1524 752 1689 804 parietes

283 839 478 884 conscios,
510 850 589 874 non
611 835 769 873 noctem
790 830 902 868 illam
923 825 1118 865 funestam
1139 837 1181 861 ac
1203 821 1438 864 luctuosam,
1466 816 1690 872 perhorres-

285 917 347 947 cet
367 909 379 945 ?
413 904 487 943 Sed
508 909 675 941 revertar
695 898 742 936 ad
763 897 940 936 crimen:
964 892 1115 931 etenim
1135 889 1219 928 haec
1241 888 1341 926 faeta
1362 887 1470 925 illius
1493 883 1693 923 clariflimi

285 989 329 1013 ac
351 970 550 1012 fortiffimi
571 967 645 1007 viri
667 965 819 1004 mentio
849 972 888 1001 et
917 973 1057 1000 vocem
1087 971 1218 996 meam
1249 955 1343 994 fietu
1375 952 1625 996 debilitavit,
1657 959 1695 988 et

285 1050 463 1080 mentem
484 1037 619 1076 dolore
640 1031 866 1086 impedivit.

342 1106 479 1147 XXV.
513 1103 587 1142 Sed
603 1111 750 1146 tamen,
769 1109 968 1137 venenum
983 1092 1088 1132 unde
1109 1091 1245 1135 fuerit,
1264 1087 1605 1142 quemadmodum
1628 1098 1697 1137 pa-

290 1185 420 1215 ratum
437 1174 497 1218 sit,
517 1180 596 1210 non
613 1169 775 1207 dicitur.
795 1166 949 1204 Datum
965 1160 1038 1199 effe
1054 1159 1131 1198 hoc
1148 1158 1259 1196 aiunt
1278 1157 1322 1195 P.
1338 1155 1514 1199 Licinio,
1534 1151 1700 1206 pudenti

291 1239 530 1282 adolescenti
550 1247 589 1276 et
610 1237 716 1275 bono
732 1263 743 1279 ‚
776 1232 891 1271 Caelii
921 1227 1110 1268 familiari
1128 1241 1137 1264 :
1171 1223 1435 1263 constitutum
1456 1220 1607 1259 factum
1629 1217 1702 1256 effe

293 1323 388 1348 cum
410 1306 525 1347 servis
541 1334 552 1350 ‚
585 1312 629 1342 ut
649 1301 829 1341 venirent
859 1297 906 1336 ad
936 1295 1094 1334 balneas
1126 1291 1270 1331 Xenias
1292 1306 1299 1329 :
1334 1288 1472 1327 eodem
1495 1285 1704 1326 Licinium

293 1376 368 1416 effe
388 1384 616 1418 venturum,
642 1379 760 1423 atque
781 1368 829 1405 iis
850 1364 992 1405 veneni
1015 1361 1205 1416 pyxidem
1227 1358 1481 1397 traditurum.
1516 1355 1598 1393 Hic
1621 1352 1705 1406 pri-

296 1457 410 1483 mum
431 1440 534 1480 illud
555 1438 712 1493 requiro
727 1466 738 1482 ‚
771 1433 870 1488 quid
898 1430 1105 1471 attinuerit
1136 1426 1237 1466 illud
1268 1424 1361 1464 ferri
1393 1425 1434 1462 in
1456 1436 1548 1461 eum
1570 1421 1707 1459 locum

295 1508 586 1550 constitutum?
610 1519 681 1544 cur
701 1503 763 1542 illi
785 1501 882 1540 servi
903 1513 983 1538 non
999 1496 1046 1535 ad
1064 1495 1235 1534 Caelium
1253 1493 1421 1530 domum
1437 1488 1617 1527 venerint
1632 1488 1644 1524 ?
1669 1486 1710 1523 Si

299 1576 483 1618 manebat
504 1582 612 1613 tanta
631 1572 700 1611 illa
720 1565 965 1609 consuetudo
987 1562 1102 1601 Caelii
1123 1574 1217 1599 cum
1241 1558 1384 1597 Clodia
1398 1586 1408 1602 ,
1442 1564 1628 1607 tantaque
1648 1551 1710 1590 fa-

301 1642 534 1684 miliarita83
559 1637 657 1692 quid
679 1632 910 1688 suspicionis
932 1629 1038 1674 effet,
1062 1628 1088 1666 si
1110 1625 1214 1680 apud
1237 1623 1409 1663 Caelium
1429 1620 1608 1661 mulieris
1631 1618 1712 1657 ser-

302 1725 374 1750 vus
395 1709 498 1748 visus
520 1706 611 1746 effet
630 1707 642 1743 ?
676 1704 743 1742 Sin
765 1710 897 1740 autem
913 1699 998 1752 jam
1020 1696 1173 1735 suberat
1195 1692 1369 1732 simultas
1387 1720 1397 1736 ,
1429 1689 1604 1729 extincta
1633 1695 1714 1725 erat

305 1774 564 1819 consuetudo,
596 1769 809 1810 discidium
830 1766 1041 1808 extiterat;
1074 1761 1170 1800 hInc
1192 1760 1270 1798 illae
1298 1759 1481 1809 lacrymae
1503 1754 1713 1798 nimirum,

304 1854 344 1884 et
359 1843 442 1882 haec
460 1840 572 1880 causa
585 1838 639 1877 est
654 1835 800 1876 horum
817 1832 1001 1874 omnium
1018 1828 1225 1871 scelerum,
1244 1835 1361 1878 atque
1378 1823 1611 1863 criminum.
1630 1822 1716 1858 Im-

306 1925 375 1952 mo
390 1941 400 1956 ‚
433 1908 566 1962 inquit
581 1937 592 1953 ‚
624 1918 719 1944 cum
749 1902 845 1942 servi
875 1900 923 1939 ad
950 1898 1155 1937 dominam
1178 1908 1260 1932 rem
1282 1892 1393 1930 istam
1414 1900 1452 1929 et
1473 1888 1718 1928 maleficium

308 1978 424 2018 Caelii
444 1973 686 2018 detulissent,
704 1970 849 2010 mulier
871 1964 1072 2019 ingeniosa
1092 1961 1279 2016 praecepit
1300 1959 1392 2003 suis,
1412 1967 1455 1996 ut
1471 1956 1606 1995 omnia
1628 1956 1719 1993 Cae-

309 2046 366 2085 lio
386 2044 672 2099 pollicerentur
690 2055 698 2077 :
733 2037 811 2082 sed,
841 2045 882 2074 ut
902 2044 1116 2076 venenum,
1148 2043 1243 2067 cum
1263 2041 1285 2066 a
1305 2025 1466 2065 Licinio
1487 2023 1719 2066 traderetur,

312 2110 520 2152 manifesto
541 2103 827 2161 comprehendi
849 2101 971 2156 pofi‘et
987 2130 998 2146 ,
1029 2097 1218 2137 constitui
1240 2095 1376 2134 locum
1393 2091 1504 2146 juffit
1520 2121 1531 2137 ,
1565 2090 1721 2128 balneas

313 2180 460 2219 Xenias
477 2207 488 2223 ,
520 2186 566 2215 ut
593 2189 639 2213 eo
665 2169 842 2212 mitteret
862 2169 1010 2208 amicos
1026 2196 1038 2212 ,
1070 2165 1141 2218 qui
1162 2162 1435 2201 delitescerent
1453 2178 1463 2204 ς
1496 2156 1638 2196 deinde
1660 2169 1722 2193 re-

316 2256 460 2300 pente,
491 2257 587 2282 cum
608 2239 768 2280 veniffet
796 2236 1006 2280 Licinius,
1040 2242 1083 2272 ut
1112 2244 1310 2271 venenum
1342 2227 1534 2271 traderet,
1568 2222 1723 2278 profili-

319 2321 421 2356 rent‚
452 2309 741 2360 hominemque
761 2301 1159 2357 comprehenderent.

377 2377 534 2417 XXVI.
567 2377 667 2426 Qae
688 2372 852 2427 quidem
873 2369 1029 2413 omnia,
1062 2364 1222 2418 Judices
1239 2393 1248 2408 ,
1281 2359 1512 2415 perfacilem
1534 2357 1727 2395 rationem

320 2445 470 2485 habent
491 2439 818 2496 reprehendendi.
852 2438 936 2476 Cur
964 2434 1073 2473 enim
1101 2432 1257 2470 balneas
1280 2427 1460 2481 publicas
1481 2423 1729 2479 potiffimum

1326 2493 1367 2531 N
1401 2505 1423 2530 2
