2076 2860
416 166 494 203 440
691 148 768 187 IN
827 146 892 184 Μ.
952 140 1395 186 ANTONIUM,
1460 140 1537 180 δερ.

416 252 654 307 praestiter05
688 258 773 287 tum
806 255 922 285 erunt
953 243 1055 284 mihi
1087 258 1168 282 non
1200 242 1243 282 hi
1276 243 1418 288 solum,
1451 242 1521 296 qui
1542 255 1605 280 me
1626 242 1808 287 oderunt,

417 319 480 357 sed
500 318 560 356 illi
581 316 714 358 etiam,
746 314 816 365 qui
838 311 1032 355 invident,
1063 309 1361 349 extimescendi.
1414 308 1667 347 Custodiatur
1687 309 1810 360 igitur

417 397 502 422 mea
523 382 601 419 vita
622 378 864 432 reipublicae,
896 390 1031 429 eaque,
1064 375 1193 429 quoad
1214 375 1275 413 vel
1300 374 1471 427 dignitas
1491 374 1553 412 vel
1583 383 1720 412 natura
1740 387 1811 426 pa-

417 452 550 493 tietur,
574 447 706 500 patriae
728 445 965 483 reservetur:
998 456 1104 482 mors
1126 451 1258 480 autem
1280 441 1543 480 neceffitatem
1562 440 1703 479 habeat
1724 440 1810 486 fati,

416 525 497 560 aut,
530 514 556 552 fi
577 522 667 551 ante
687 510 907 564 oppetenda
926 509 993 554 est,
1025 517 1234 561 oppetatur
1254 520 1347 546 cum
1368 507 1508 559 gloria.

474 582 574 620 Haec
594 593 689 618 cum
713 579 767 618 ita
787 578 876 623 fint,
907 577 976 615 etsl
1007 574 1109 614 hanc
1142 575 1381 627 legationem
1413 573 1646 627 respublica,
1678 581 1724 611 ut
1753 572 1812 610 le-

419 647 567 687 viffime
587 645 732 690 dicam,
765 658 844 683 non
872 642 1086 687 defiderat3
1119 650 1265 686 tamen,
1298 641 1325 678 fi
1346 648 1433 678 tuto
1454 639 1593 678 licebit
1618 640 1688 684 ire,
1722 651 1813 691 pro-

419 713 583 753 ficiscar.
631 711 826 756 Omnino,
859 710 991 748 Patres
1013 708 1241 760 conscripti,
1274 715 1405 744 totum
1425 704 1589 758 hujusce
1609 705 1665 744 rei
1685 704 1813 743 confi-

419 781 522 820 lium
543 793 623 818 non
643 777 821 832 periculo
840 790 944 822 meo,
977 775 1040 814 sed
1072 775 1246 813 utilitate
1277 772 1520 826 reipublicae,
1551 772 1705 810 metiar.
1752 771 1817 809 De

421 860 500 900 qua
518 845 620 885 mihi
641 845 831 898 quoniam
851 842 1025 882 liberum
1051 841 1105 879 est
1127 841 1312 895 spatium,
1344 839 1521 878 multum
1550 839 1670 877 etiam
1697 845 1816 890 atque

421 913 541 951 etiam
561 909 885 950 confiderandum
904 918 1017 962 puto,
1035 908 1156 961 idque
1176 907 1423 960 potiffimum
1443 904 1685 951 faciendum,
1707 902 1816 958 quod

423 979 596 1018 maxime
615 978 792 1018 interesse
811 976 1039 1031 reipublicae
1053 975 1296 1029 judicavero.
