2076 2860
378 204 428 255 96
859 198 1305 236 ORATIO

379 302 417 338 Si
440 310 520 338 tam
541 298 745 338 familiaris
766 305 846 334 erat
868 294 1044 339 Clodiae‚
1077 308 1197 348 quam
1219 303 1262 332 tu
1283 294 1357 332 effe
1377 294 1433 332 vis
1451 324 1460 339 ‚
1493 307 1587 332 cum
1609 293 1655 332 de
1676 294 1772 332 libi-

377 368 468 405 dine
489 368 571 419 ejus
593 375 674 403 tam
695 363 821 401 multa
842 362 956 406 dicis,
980 361 1082 399 dixit
1104 360 1294 414 profed'to,
1318 374 1398 414 quo
1419 360 1538 398 vellet
1559 374 1721 399 aurum:
1746 361 1773 399 fi

377 442 457 470 tam
479 430 683 470 familiaris
706 442 784 467 non
806 437 886 466 erat
901 457 911 473 ‚
944 441 1024 465 non
1046 427 1169 465 dedit.
1203 428 1262 465 Ita
1276 456 1287 472 ,
1320 427 1346 465 fi
1367 441 1505 465 verum
1527 426 1603 464 tibi
1625 427 1772 465 Caelius

377 500 479 536 dixit
494 528 503 544 ,
538 499 574 535 O
597 495 856 534 immoderata
879 493 1023 531 mulier
1039 523 1048 538 ,
1081 493 1204 531 sciens
1233 502 1277 530 tu
1298 506 1438 531 aurum
1459 493 1506 531 ad
1527 492 1680 531 facinus
1702 493 1772 531 de-

377 564 465 601 disti
483 579 491 601 :
525 563 551 600 fi
574 575 651 600 non
673 560 727 598 est
746 559 858 597 ausus
880 559 1022 603 dicere,
1054 572 1133 596 non
1155 557 1307 596 dedisti.

432 629 570 667 XXII.
604 626 715 679 Qid
743 639 817 678 ego
847 638 953 663 nunc
975 624 1218 676 argumentis
1240 623 1334 662 huic
1356 625 1543 668 crimini,
1576 638 1662 676 quae
1685 624 1775 662 sunt

376 694 694 738 innumerabilia,
714 692 879 731 resistam
895 693 907 729 ?
932 690 1090 728 Poffum
1106 690 1248 735 dicere,
1266 704 1394 728 mores
1412 691 1476 728 Μ.
1489 691 1603 728 Caelii
1622 690 1773 742 longis-

377 763 470 800 fime
490 775 510 799 a
531 760 629 799 tanti
651 759 802 797 sceleris
824 758 1026 795 atrocitate
1046 756 1119 795 effe
1140 756 1383 808 disjun&os;
1407 757 1573 794 minime
1595 757 1666 794 effe
1687 770 1773 794 cre-

376 828 566 871 dendum,
588 825 745 864 homini
766 833 847 862 tam
868 823 1085 875 ingenioso,
1118 830 1278 874 tamque
1299 821 1500 874 prudenti,
1533 835 1612 860 non
1632 821 1777 860 venisse

378 895 418 931 in
440 902 630 936 mentem,
663 904 746 928 rem
768 890 867 927 tanti
888 888 1040 927 sceleris
1062 888 1209 940 ignotis
1230 888 1445 940 alienisque
1465 888 1580 925 servis
1602 901 1681 925 non
1702 887 1776 925 effe

377 958 625 997 credendam.
660 956 818 994 Poffum
847 955 967 992 etiam
997 954 1090 998 illa,
1122 962 1161 991 et
1190 962 1421 991 caeterorum
1450 963 1708 1005 patronorum
1737 961 1776 991 et

379 1038 464 1062 mea
484 1022 768 1061 consuetudine
782 1051 791 1065 ,
824 1020 871 1058 ab
901 1020 1122 1058 accusatore
1153 1020 1376 1071 perquirere
1392 1049 1401 1063 ‚
1435 1019 1504 1056 ubi
1525 1019 1570 1056 fit
1590 1019 1774 1071 congres-

380 1091 440 1128 sus
462 1104 555 1128 cum
578 1089 692 1126 servis
715 1087 879 1126 Lucceii
901 1086 1076 1131 Caelius;
1110 1087 1179 1138 qui
1201 1086 1235 1122 ei
1256 1084 1377 1123 fuerit
1398 1085 1540 1123 aditus.
1575 1085 1613 1122 Si
1635 1099 1703 1137 per
1723 1085 1775 1130 se,

379 1171 456 1210 qua
477 1156 694 1194 temeritate
714 1155 726 1192 ?
760 1154 785 1191 fi
807 1166 875 1205 per
894 1153 1033 1196 alium,
1066 1166 1133 1204 per
1154 1153 1303 1203 quem?
1338 1151 1495 1189 Possum
1517 1165 1653 1189 omnes
1675 1151 1773 1189 late-

380 1224 465 1261 bras
497 1222 764 1274 suspicionum
793 1233 993 1272 peragrare
1022 1218 1217 1256 dicendo:
1251 1231 1330 1255 non
1361 1217 1494 1261 causa,
1528 1231 1607 1255 non
1637 1217 1773 1262 locus,

380 1303 459 1327 non
487 1288 667 1332 facultas,
700 1300 779 1324 non
809 1285 1002 1329 conscius,
1036 1297 1113 1322 non
1144 1283 1388 1336 perficiendi,
1421 1297 1500 1320 non
1531 1282 1774 1328 occultandi,

381 1355 566 1394 maleficii
587 1354 684 1406 spes,
718 1367 796 1391 non
818 1353 915 1391 ratio
937 1351 1030 1396 ulla,
1055 1364 1135 1389 non
1155 1350 1364 1403 vestigium
1385 1350 1551 1388 maximi
1571 1348 1775 1394 facinoris,

380 1423 607 1474 reperietur.

437 1488 509 1526 Sed
530 1487 613 1526 haec
629 1516 639 1532 ,
672 1501 757 1539 quae
779 1487 868 1524 sunt
888 1485 1051 1524 oratoris
1073 1484 1255 1538 propria;
1288 1498 1374 1537 quae
1395 1484 1496 1522 mihi
1519 1498 1596 1522 non
1618 1492 1778 1536 propter

381 1554 587 1606 ingenium
610 1567 759 1597 meum,
778 1552 841 1590 sed
857 1562 1017 1604 propter
1032 1551 1134 1589 hanc
1155 1551 1478 1589 exercitationem
1500 1550 1694 1602 usumque
1715 1549 1777 1587 di·-

380 1619 509 1663 cendi,
541 1618 716 1656 fructum
737 1618 912 1670 aliquem
932 1617 1033 1655 ferre
1053 1616 1280 1669 potuissent,
1312 1630 1406 1654 cum
1427 1630 1447 1653 a
1467 1630 1530 1653 me
1551 1615 1635 1668 ipso
1665 1614 1777 1652 labo-

382 1696 460 1724 rata
481 1685 645 1738 proferri
667 1684 907 1729 viderentur,
940 1683 1141 1721 brevitatis
1163 1683 1274 1721 causa
1294 1683 1476 1735 relinquo
1497 1683 1645 1720 omnia.
1689 1681 1777 1719 Ha-

383 1753 455 1789 beo
475 1752 597 1796 enim,
630 1751 806 1801 Judices,
838 1763 959 1802 quem
989 1763 1056 1787 vos
1087 1749 1239 1786 socium
1268 1749 1398 1786 vestrae
1428 1749 1631 1800 religionis
1657 1747 1778 1800 juris-

382 1816 632 1869 quejurahdi
654 1815 770 1852 facile
799 1814 871 1852 effe
901 1814 1122 1866 patiamini,
1155 1815 1204 1851 L.
1229 1814 1464 1857 Lucceium,
1498 1813 1778 1850 1‘an6tiffimum

382 1872 602 1926 hominem,
619 1891 656 1919 et
670 1880 936 1933 gravissimum
955 1879 1109 1916 testem:
1129 1879 1198 1930 qui
1217 1887 1370 1916 tantum
1387 1878 1540 1916 facinus
1558 1879 1597 1915 in
1615 1877 1778 1922 famam,

383 1959 499 2001 atque
521 1948 696 1985 fortunas
719 1947 816 1991 suas,
842 1959 967 1998 neque
989 1948 1067 1983 non
1089 1936 1250 1982 audiffet
1270 1945 1427 1982 illatum
1449 1958 1469 1982 a
1490 1945 1627 1989 Caelio,
1651 1957 1780 1996 neque

385 2014 625 2067 neglexisset,
645 2027 770 2065 neque
792 2012 951 2050 tuliffet.
974 2012 1039 2049 An
1057 2011 1125 2049 ille
1141 2011 1213 2056 vir,
1232 2011 1299 2048 illa
1314 2010 1560 2048 humanitate
1577 2009 1778 2063 praeditus,

385 2082 464 2118 illis
480 2081 630 2125 studiis,
645 2080 809 2124 artibus,
823 2088 939 2131 atque
953 2078 1142 2123 doctrina,
1156 2078 1264 2115 illius
1278 2078 1395 2130 ipfius
1407 2077 1645 2130 periculum,
1659 2090 1779 2128 quern

385 2157 544 2200 propter
564 2145 645 2184 haec
668 2146 747 2198 ipsa
768 2145 891 2183 studia
911 2145 1115 2196 diligebat,
1139 2144 1337 2196 negligere
1357 2143 1540 2196 potuisset
1560 2145 1572 2180 ?
1596 2153 1648 2188 et,
1672 2143 1780 2195 quod

385 2212 537 2250 facinus
562 2213 598 2249 in
623 2212 795 2249 alienum
817 2210 1023 2248 hominem
1046 2210 1202 2247 illatum
1223 2210 1349 2247 severe
1371 2210 1580 2262 acciperet,
1613 2209 1651 2246 id
1673 2209 1778 2246 omi-

387 2280 482 2317 fiffet
504 2292 636 2316 curare
658 2278 696 2315 in
719 2277 872 2329 hospite
892 2279 903 2314 ?
937 2276 1057 2330 quod,
1082 2291 1149 2329 per
1170 2277 1326 2329 ignotos
1349 2279 1478 2314 aetum
1500 2290 1593 2314 cum
1615 2289 1778 2328 compe-

387 2345 504 2389 riffet,
527 2344 690 2388 doleret,
723 2343 762 2380 id
783 2358 803 2381 a
823 2343 899 2381 suis
922 2352 1117 2380 tentatum
1138 2343 1378 2394 negligeret?
1411 2342 1519 2395 quod
1540 2343 1579 2379 in
1596 2343 1696 2394 agris
1717 2341 1779 2379 lo-

387 2412 486 2449 cisve
508 2411 680 2464 publicis
703 2409 850 2448 factum
873 2408 1196 2462 reprehenderet,
1228 2409 1268 2446 id
1299 2409 1339 2446 in
1373 2409 1468 2447 urbe
1498 2423 1540 2447 ac
1570 2409 1643 2446 suae
1670 2408 1780 2445 domi

386 2487 565 2530 coeptum
595 2476 666 2514 effe
697 2476 834 2515 leviter
863 2475 1012 2514 ferret?
1045 2475 1153 2529 quod
1177 2475 1218 2512 in
1239 2475 1405 2528 alicujus
1426 2475 1582 2528 agrestis
1604 2472 1780 2527 periculo
