2076 2860
370 231 444 267 124
686 216 789 254 DE
862 212 1439 252 PROVINCIIS

365 324 404 352 et
439 314 648 352 indictum.
701 311 810 350 Mihi
845 311 916 363 ipfi
949 311 1115 349 omnino
1150 309 1515 363 perhonorificum,
1556 308 1761 347 discess‘um

366 395 502 419 meum
533 380 653 418 funus
687 378 765 415 dici
798 376 1041 429 reipublicae.
1079 377 1251 429 Reliqua
1282 390 1360 414 non
1394 375 1664 429 reprehendo;
1698 374 1760 413 sed

365 446 468 484 mihi
499 446 545 483 ad
578 445 632 489 id,
664 442 771 495 quod
804 441 942 488 sentio,
974 442 1135 481 affumo.
1184 443 1305 487 Nam,
1338 442 1364 480 fi
1397 441 1498 480 illud
1524 443 1614 494 jure
1646 454 1760 492 roga-

365 521 453 550 tum
487 511 614 548 dicere
646 507 721 546 ausi
757 508 860 552 sunt,
891 507 998 560 quod
1028 508 1141 547 nullo
1165 508 1349 561 exemplo
1371 507 1453 546 fieri
1475 508 1621 560 potuit,
1654 506 1763 544 nulla

365 577 451 628 lege
473 576 601 618 licuit,
634 574 727 625 quia
757 586 873 611 nemo
903 573 949 610 de
974 573 1070 611 caelo
1092 573 1280 618 servarat;
1313 573 1481 610 oblitine
1502 581 1625 616 erant,
1657 581 1760 615 turn,

366 656 459 680 cum
481 642 548 679 ille
566 670 576 685 ,
609 641 679 693 qui
700 640 739 677 id
761 648 889 691 egerat
907 667 917 684 ,
951 639 1128 692 plebeius
1149 639 1203 677 est
1223 639 1309 691 lege
1330 640 1477 677 curiata
1497 639 1621 678 faetus
1639 667 1650 683 ,
1682 637 1762 675 dici

364 709 412 745 de
442 707 538 745 caelo
567 705 639 743 effe
669 705 893 743 servatum?
926 705 996 757 qui
1026 704 1052 743 fi
1083 704 1260 757 plebeius
1290 705 1456 742 omnino
1485 704 1557 742 effe
1588 717 1666 742 non
1688 717 1762 756 po-

368 774 459 817 tuit,
491 772 560 825 qui
590 772 774 809 tribunus
804 770 932 823 plebis
963 771 1094 823 potuit
1123 769 1227 808 effe?
1258 779 1312 815 et,
1344 771 1457 822 cujus
1488 770 1710 807 tribunatus
1736 769 1763 806 fi

367 850 472 878 ratus
493 839 547 877 est
564 868 575 883 ‚
607 837 710 876 nihil
740 837 793 875 est
811 867 822 882 ,
854 837 961 890 quod
982 837 1141 875 irritum
1160 850 1208 875 ex
1229 837 1322 875 actis
1346 836 1504 875 Caesaris
1526 835 1640 889 poffit
1660 834 1733 873 effe
1748 854 1761 881 3

364 908 448 959 ejus
471 918 549 944 non
571 905 698 943 solum
720 904 943 942 tribunatus
960 933 970 949 ‚
1003 903 1067 942 sed
1087 904 1207 942 etiam
1227 903 1554 956 perniciofiffimae
1575 915 1634 941 res
1649 931 1660 948 ‚
1691 915 1763 940 au-

366 972 580 1024 spiciorum
602 970 791 1021 religione
812 969 1047 1014 conservata,
1074 970 1163 1021 jure
1184 969 1270 1007 latae
1291 968 1531 1006 videbuntur
1549 969 1562 1006 ?

423 1038 555 1089 Qare
589 1045 655 1073 aut
690 1035 801 1072 vobis
837 1034 1086 1072 statuendum
1121 1034 1202 1079 est,
1234 1034 1363 1085 legem
1394 1033 1542 1072 AEliam
1577 1046 1761 1079 manere,

364 1104 495 1155 legem
531 1102 687 1140 Fufiam
722 1114 801 1139 non
837 1100 909 1138 effe
943 1100 1198 1152 abrogatam,
1231 1113 1310 1138 non
1345 1100 1532 1138 omnibus
1567 1098 1673 1137 fastis
1704 1098 1763 1137 le-

364 1183 456 1222 gem
490 1167 584 1206 ferri
617 1168 735 1205 licere
751 1186 763 1212 3
795 1180 890 1204 cum
924 1166 988 1204 lex
1022 1165 1183 1212 feratur,
1215 1165 1263 1204 de
1292 1166 1388 1204 caelo
1418 1165 1571 1210 servari,
1602 1165 1763 1203 obnun-

367 1236 454 1273 tiari
472 1264 483 1280 ,
515 1234 706 1272 intercedi
740 1234 858 1271 licere
873 1252 886 1279 3
929 1233 1150 1271 censorium
1180 1232 1412 1285 judicium,
1448 1245 1491 1270 ac
1527 1232 1761 1277 notionem,

365 1312 404 1341 et
436 1301 537 1339 illud
572 1314 731 1338 morum
759 1300 1038 1338 severiffimum
1072 1299 1357 1352 magisterium,
1390 1312 1468 1337 non
1500 1297 1572 1336 effe
1603 1297 1763 1336 nefariis

366 1368 521 1421 legibus
562 1367 608 1404 de
648 1367 807 1404 civitate
846 1365 1074 1410 sublatum;
1121 1366 1147 1403 fi
1184 1364 1371 1417 patricius
1412 1364 1595 1402 tribunus
1635 1363 1763 1416 plebis

366 1433 515 1478 fuerit,
557 1441 694 1470 contra
733 1432 836 1484 leges
878 1430 1067 1476 sacratas;
1110 1430 1137 1468 fi
1172 1430 1379 1483 plebeius,
1420 1439 1558 1467 contra
1594 1429 1765 1482 auspicia

366 1500 505 1539 fuiffe:
538 1508 604 1537 aut
635 1497 736 1537 mihi
766 1497 984 1536 concedant
1013 1496 1196 1535 homines
1227 1505 1398 1549 oportet,
1430 1496 1470 1533 in
1501 1496 1617 1534 rebus
1648 1496 1762 1534 bonis

368 1580 445 1604 non
481 1565 685 1617 exquirere
714 1565 804 1616 jura
837 1577 892 1608 ea,
930 1577 1017 1615 quae
1051 1562 1122 1615 ipfi
1156 1563 1198 1600 in
1228 1562 1391 1614 perditis
1422 1575 1501 1599 non
1532 1561 1761 1613 exquirunt,

366 1631 578 1685 praesertim
608 1643 702 1667 cum
732 1629 780 1666 ab
810 1629 890 1666 illis
920 1628 1128 1681 aliquoties
1156 1627 1335 1666 conditio
1357 1628 1406 1665 C.
1431 1627 1571 1665 Caesari
1592 1627 1669 1664 lata
1688 1627 1734 1664 fit
1752 1655 1763 1671 ‚

368 1707 411 1736 ut
431 1696 582 1735 easdem
604 1708 661 1733 res
682 1695 760 1732 alio
780 1694 900 1732 modo
920 1693 1038 1732 ferret
1050 1712 1062 1739 3
1095 1706 1172 1746 qua
1191 1693 1421 1731 conditione
1440 1692 1611 1745 auspicia
1630 1692 1764 1745 requi-

367 1764 503 1802 rebant
522 1792 532 1807 ,
564 1762 669 1813 leges
697 1760 1038 1813 comprobabant:
1071 1760 1112 1797 in
1142 1759 1287 1797 Clodio
1314 1759 1579 1812 auspiciorum
1601 1759 1698 1797 ratio
1719 1759 1766 1798 sit

366 1829 515 1872 eadem,
548 1828 652 1878 leges
673 1839 809 1864 omnes
832 1826 905 1863 fint
925 1825 1062 1863 eversae
1082 1838 1124 1862 ac
1146 1824 1308 1877 perditae
1328 1825 1515 1862 civitatis.

424 1895 517 1933 XX.
552 1894 790 1931 Extremum
811 1891 913 1928 illud
933 1890 1000 1928 est.
1049 1891 1166 1942 Ego,
1198 1890 1224 1927 fi
1257 1889 1377 1927 effent
1409 1889 1630 1927 inimicitiae
1662 1888 1764 1927 mihi

368 1975 459 2000 cum
497 1961 545 1998 C.
579 1958 754 2002 Caesare,
787 1966 917 1995 tamen
948 1945 1025 1994 hoc
1060 1965 1237 2008 ternpore
1272 1955 1499 2008 reipublicae
1534 1954 1763 2000 consulere,

367 2025 596 2065 inimicitias
619 2024 657 2061 in
680 2022 787 2061 aliud
810 2031 965 2075 tempus
987 2022 1173 2060 reservare
1188 2051 1199 2067 ‚
1231 2021 1429 2059 deberem.
1473 2020 1624 2059 Possem
1645 2021 1764 2059 etiam

368 2094 614 2131 summorum
642 2090 817 2127 virorum
845 2088 1031 2140 exemplo
1057 2087 1288 2125 inimicitias
1317 2087 1544 2140 reipublicae
1565 2086 1676 2125 causa
1696 2088 1765 2125 de-

366 2172 537 2212 ponere:
572 2156 634 2194 sed
653 2185 663 2200 ,
695 2169 788 2193 cum
823 2154 1046 2192 inimicitiae
1080 2152 1230 2192 fuerint
1265 2167 1499 2206 nunquam,
1531 2153 1669 2206 opinio
1698 2154 1764 2191 in-

361 2227 475 2279 juria:
497 2223 689 2262 beneficio
711 2222 756 2260 fit
776 2222 975 2259 extincta:
1008 2220 1199 2258 sententia
1219 2233 1305 2258 mea
1321 2250 1332 2265 ,
1366 2221 1497 2258 Patres
1519 2219 1732 2272 conscripti
1750 2249 1762 2266 ,

367 2293 391 2330 fi
414 2291 584 2343 dignitas
606 2289 735 2341 agitur
767 2289 816 2325 C.
841 2286 1000 2324 Caesaris
1019 2315 1030 2331 ,
1061 2285 1219 2324 homini
1240 2286 1441 2331 tribuam;
1475 2286 1501 2323 fi
1521 2284 1648 2324 honos
1670 2286 1762 2338 qui-

366 2358 482 2401 dam,
515 2356 666 2393 senatus
702 2353 922 2392 concordiae
957 2352 1187 2396 consulam;
1221 2352 1246 2389 fi
1277 2352 1484 2390 auctoritas
1515 2351 1764 2390 decretorum

367 2424 579 2461 vestrorum
599 2451 609 2466 ‚
642 2419 898 2458 constantiam
927 2418 1076 2456 ordinis
1105 2418 1145 2455 in
1174 2417 1312 2456 eodem
1333 2417 1509 2456 ornando
1529 2418 1763 2470 imperatore

369 2490 546 2534 servab03
580 2488 605 2526 fi
628 2495 814 2540 perpetua
835 2486 932 2524 ratio
954 2484 1102 2524 Gallici
1125 2483 1235 2528 belli,
1268 2484 1495 2537 reipublicae
1516 2482 1759 2536 providebo3
