2076 2860
728 148 809 187 IN
872 143 1316 185 VATINIUM.
1678 144 1728 194 Q

315 260 355 291 et
376 250 556 290 sordibus
579 248 658 287 tuis
680 247 906 299 obtegatur.
952 242 1202 296 Qaesturam
1225 239 1357 294 petisti
1378 252 1473 278 cum
1496 239 1541 277 P.
1567 238 1701 275 Sextio
1716 268 1727 281 ,

315 332 410 358 cum
430 317 499 355 hic
520 314 625 354 nihil
646 315 891 367 loqueretur,
924 311 996 349 nisi
1018 308 1127 363 quod
1148 308 1315 362 agebat;
1349 316 1393 345 tu
1416 306 1462 344 de
1483 305 1607 344 altero
1628 318 1727 343 con-

315 384 443 423 sulatu
475 381 648 436 gerendo
681 391 719 419 te
752 379 901 418 diceres
935 377 1123 430 cogitare.
1169 377 1316 427 Qaero
1349 373 1416 412 abs
1451 381 1489 411 te
1503 402 1515 418 ,
1548 371 1729 410 teneasne

313 450 528 496 memoria,
561 462 656 488 cum
677 449 724 486 P.
749 446 906 485 Sextius
928 443 1095 498 quaestor
1116 442 1161 481 fit
1182 441 1336 480 cunetis
1358 439 1553 492 suffragiis
1575 438 1700 477 stritus
1715 468 1725 483 ,

315 528 412 558 tunc
434 527 473 556 te
493 517 576 562 vix,
608 515 745 554 invitis
774 512 980 557 omnibus,
1013 524 1092 548 non
1124 508 1265 562 populi
1299 506 1509 551 beneficio,
1542 505 1606 543 sed
1627 519 1727 543 con-

315 586 426 632 sulis,
457 593 685 623 extremum
705 579 925 620 adhaesiffe?
959 579 1005 617 In
1027 591 1073 615 eo
1094 575 1339 628 magistratu,
1367 587 1463 612 cum
1485 572 1560 610 tibi
1582 585 1729 624 magno

314 653 489 692 clamore
520 650 678 704 aquaria
708 646 914 703 provincia
946 645 1046 684 sorte
1075 641 1291 695 obtigisset,
1323 640 1509 678 miffusne
1538 639 1585 677 sis
1615 653 1637 677 a
1665 653 1729 677 me

314 719 477 759 consule
508 716 696 756 Puteolos
710 744 724 761 ,
756 724 801 753 ut
823 713 915 752 inde
935 724 1078 750 aurum
1099 707 1298 761 exportari
1318 714 1611 759 argentumque
1632 719 1726 759 pro-

314 786 471 825 hiberes
489 787 502 823 ?
536 785 582 823 In
604 797 649 822 eo
671 781 848 835 negotio,
879 792 974 818 cum
997 786 1034 816 te
1055 790 1136 814 non
1157 773 1362 813 custodem
1383 773 1430 811 ad
1450 773 1726 819 continendas,

316 853 380 892 sed
401 852 638 906 portitorem
659 848 706 886 ad
726 845 964 901 partiendas,
992 856 1141 882 merces
1164 840 1325 881 miffum
1346 849 1520 893 putares,
1553 853 1728 892 cumque

314 920 501 960 omnium
521 917 678 960 domos,
709 912 936 967 apothecas,
969 923 1100 955 naves,
1131 907 1371 947 furaciffime
1392 906 1619 952 scrutarere,
1651 905 1727 945 ho·-

314 986 521 1040 minesque
542 983 702 1036 negotia
716 990 895 1035 gerentes
911 977 1077 1032 judiciis
1095 975 1351 1029 iniquiffimis
1368 974 1555 1019 irretires,
1574 987 1727 1013 merca-

315 1065 418 1094 tores
440 1068 461 1093 e
482 1053 571 1092 navi
592 1050 837 1104 egredientes
860 1057 1020 1086 terreres
1037 1075 1048 1090 ,
1081 1042 1388 1082 conscendentes
1412 1055 1606 1080 morarere
1622 1060 1633 1086 ;
1668 1050 1726 1080 te-

315 1122 454 1161 neasne
475 1119 688 1164 memoria,
721 1117 797 1155 tibi
819 1117 861 1154 in
882 1122 1083 1154 conventu
1105 1110 1284 1150 Puteolis
1306 1122 1445 1148 manus
1468 1108 1541 1146 esse
1560 1108 1694 1147 allatas
1715 1110 1727 1147 ?

315 1189 363 1228 ad
380 1203 443 1228 me
459 1186 664 1227 consulem
682 1183 994 1223 Puteolanorum
1012 1178 1188 1233 querelas
1205 1177 1278 1216 esse
1300 1176 1445 1215 delatas
1461 1176 1473 1214 ?
1494 1175 1584 1213 Post
1601 1175 1727 1228 quaes-

315 1265 462 1301 turam,
485 1253 675 1293 exierisne
695 1252 847 1304 legatus
870 1249 911 1287 in
933 1246 1165 1286 ulteriorem
1187 1243 1439 1297 Hispaniam,
1463 1243 1512 1281 C.
1531 1242 1730 1280 Cosconio

316 1320 583 1375 proconsule?
618 1320 726 1357 Cum
756 1315 859 1354 illud
889 1316 963 1353 iter
994 1310 1256 1366 Hispaniense
1286 1309 1454 1363 pedibus
1481 1308 1562 1347 fere
1583 1308 1730 1347 confici

316 1389 450 1434 soleat,
473 1396 555 1433 aut,
579 1387 605 1425 fi
627 1385 716 1439 quis
739 1383 921 1436 navigare
941 1380 1054 1425 velit,
1086 1387 1191 1417 certa
1212 1378 1257 1416 fit
1280 1377 1377 1415 ratio
1399 1375 1636 1428 navigandi;
1659 1389 1727 1413 ve-

315 1456 468 1495 nerisne
484 1455 526 1493 in
545 1453 778 1497 Sardiniam,
797 1461 916 1503 atque
932 1448 1023 1487 inde
1040 1448 1081 1485 in
1099 1444 1306 1484 Africam?
1323 1442 1510 1488 fuerisne,
1527 1442 1635 1495 quod
1651 1442 1731 1480 fine

316 1521 681 1562 senatus-consulto
703 1519 778 1558 tibi
800 1517 926 1556 facere
948 1529 1029 1554 non
1050 1513 1167 1552 licuit
1182 1541 1193 1557 ‚
1226 1512 1267 1550 in
1298 1523 1420 1563 regno
1448 1508 1694 1561 Hiempsalis
1715 1509 1728 1547 ?

316 1589 489 1629 fuerisne
510 1589 551 1626 in
573 1601 696 1640 regno
717 1582 996 1624 Mastanesofi?
1020 1579 1219 1619 venerisne
1240 1578 1287 1615 ad
1308 1576 1458 1615 fretum
1480 1588 1550 1628 per
1570 1574 1729 1613 Mauri-

317 1656 491 1695 taniam?
515 1667 636 1708 quem
658 1652 753 1691 scias
776 1662 955 1703 unquam
975 1648 1153 1700 legatum
1175 1642 1481 1697 Hispaniensem
1502 1640 1583 1680 istis
1605 1641 1728 1681 itine-

318 1724 427 1763 ribus
449 1724 489 1761 in
512 1721 625 1760 illam
645 1717 894 1773 provinciam
914 1712 1129 1769 pervenisse
1147 1713 1160 1750 ?

373 1791 516 1829 Faetus
547 1801 586 1826 es
618 1786 803 1825 tribunus
825 1783 954 1837 plebis
975 1797 983 1820 :
1017 1778 1115 1834 quid
1136 1778 1246 1817 enim
1269 1786 1305 1815 te
1327 1777 1374 1815 de
1397 1776 1727 1829 Hispaniensibus

317 1857 477 1911 flagitiis
500 1855 594 1900 tuis,
613 1850 961 1903 sordidiffimisque
982 1848 1116 1892 furtis,
1139 1845 1409 1897 interrogem?
1434 1845 1580 1895 Qaero
1601 1843 1668 1881 abs
1693 1852 1729 1881 te

315 1925 496 1980 primum
528 1920 720 1966 universe,
753 1917 862 1972 quod
894 1929 1019 1970 genus
1054 1912 1323 1966 improbitatis
1355 1919 1393 1948 et
1424 1910 1578 1949 sceleris
1610 1909 1652 1948 in
1684 1923 1730 1948 eo

315 1991 547 2045 magistratu
566 1985 859 2042 praetermiseris
877 1985 890 2023 ?
923 1984 984 2022 Ac
1005 1981 1081 2020 tibi
1097 1981 1182 2034 jam
1204 1978 1296 2018 inde
1316 1976 1541 2031 praescribo,
1573 1990 1622 2015 ne
1644 1985 1729 2015 tuas

317 2058 447 2098 sordes
478 2069 572 2095 cum
602 2053 906 2094 clariflimorum
931 2050 1109 2088 virorum
1131 2045 1337 2100 splendore
1357 2043 1606 2097 permisceas.
1639 2043 1729 2095 Ego

316 2135 370 2172 te,
389 2135 638 2179 quaecunque
655 2120 816 2173 rogabo,
835 2118 884 2156 de
898 2127 937 2156 te
954 2115 1037 2170 ipso
1059 2113 1231 2167 rogab0;
1256 2125 1386 2165 neque
1407 2120 1445 2150 te
1465 2124 1513 2149 ex
1534 2109 1727 2162 ampliffi-

319 2192 377 2230 mi
392 2191 466 2229 viri
483 2189 692 2242 dignitate,
711 2186 774 2224 sed
790 2199 839 2224 ex
855 2184 934 2223 tuis
952 2181 1141 2226 tenebris,
1158 2178 1386 2223 extraham3
1406 2177 1621 2228 omniaque
1643 2189 1729 2213 mea

320 2257 397 2296 tela
417 2257 467 2294 fic
489 2256 530 2293 in
553 2264 591 2293 te
611 2252 892 2306 conjicientur,
925 2258 970 2288 ut
991 2261 1109 2287 nemo
1132 2260 1199 2300 per
1221 2255 1337 2284 tuum
1359 2245 1476 2288 latus,
1499 2242 1608 2296 quod
1630 2241 1727 2279 soles

319 2323 464 2368 dicere,
497 2322 690 2360 saucietur
709 2335 718 2359 2
752 2320 792 2357 in
815 2319 894 2357 tuis
916 2315 1178 2371 pulmonibus
1201 2327 1244 2354 ac
1266 2311 1480 2351 visceribus
1502 2309 1724 2349 haerebunt.

375 2390 450 2427 VI.
484 2390 552 2434 Et,
576 2387 767 2441 quoniam
787 2386 973 2424 omnium
993 2397 1125 2422 rerum
1147 2393 1382 2434 magnarum
1402 2392 1424 2416 a
1445 2378 1534 2415 Diis
1557 2377 1725 2414 immor-

320 2455 466 2495 talibus
488 2453 686 2507 principia
705 2452 923 2497 ducuntur,
951 2449 1043 2489 volo
1064 2458 1110 2487 ut
1130 2446 1233 2486 mihi
1254 2443 1484 2498 respondeas
1507 2452 1565 2487 tu,
1598 2441 1668 2493 qui
1691 2450 1727 2479 te

404 2523 472 2561 To
486 2534 539 2561 M.
572 2520 647 2559 VI.
1402 2511 1420 2547 Ι
