2076 2860
698 154 1274 194 PHILIPPICA
1352 156 1402 194 v.
1672 160 1749 210 369

352 254 518 306 placere,
551 254 610 292 uti
640 254 690 292 L.
714 255 954 306 Egnatuleio
985 255 1201 294 triennium
1230 264 1318 294 ante
1339 255 1568 309 legitimum
1590 266 1745 310 tempus

351 321 596 373 magistratus
618 330 762 374 petere,
795 335 944 374 capere,
976 335 1108 374 gerere
1129 323 1258 361 liceat.
1298 324 1343 361 In
1365 337 1459 376 quo,
1494 324 1624 362 Patres
1647 338 1745 363 con-

349 386 498 438 scripti,
517 400 597 425 non
619 396 774 425 tantum
790 387 1050 426 commodum
1067 388 1256 427 tribuitur
1278 390 1327 428 L.
1344 390 1597 442 Egnatuleio,
1615 404 1742 443 quan-

348 460 411 490 tus
433 451 559 491 honos
580 469 588 491 :
621 454 662 491 in
686 454 753 492 tali
774 455 881 491 enim
904 468 942 492 re
965 454 1051 492 satis
1074 455 1127 492 est
1148 456 1358 494 nominari.

405 519 468 556 De
502 520 677 558 exercitu
712 529 843 558 autem
880 521 928 559 C.
965 521 1124 559 Caesaris
1161 522 1215 559 ita
1249 522 1385 560 censeo
1421 522 1710 561 decernendum
1731 538 1740 563 :

349 590 377 606 “
399 585 612 624 SENATUI
636 586 802 639 placere,
827 586 1025 625 militibus
1047 589 1253 633 veteranis,
1284 588 1354 640 qui
1378 589 1551 634 Caesaris,
1574 590 1741 642 pontifi-

348 657 376 673 “
398 652 469 696 cis,
493 654 844 706 auffitoritatemque
866 653 984 706 hujus
1007 654 1156 692 ordinis
1178 654 1442 700 defenderint,
1464 664 1580 708 atque
1601 656 1740 694 defen-

347 723 375 739 “
397 718 504 764 dant,
536 718 598 757 his
620 719 831 772 liberisque
851 734 988 758 eorum
1011 720 1163 758 militiae
1192 720 1438 759 vacationem
1467 721 1539 759 effe
1559 736 1567 759 :
1602 723 1741 775 utique

347 785 375 800 “
400 780 448 817 C.
474 781 606 825 Pansa,
631 782 682 819 A.
708 782 882 825 Hirtius,
906 781 1100 826 consules,
1123 781 1220 819 alter
1240 781 1420 827 ambove,
1443 782 1740 834 cognoscerent,

347 851 374 866 “
397 846 466 897 qui
487 859 577 898 ager
591 845 653 884 his
671 847 838 884 coloniis
856 847 960 891 effer,
979 861 1059 899 quo
1075 847 1222 885 milites
1240 848 1410 886 veterani
1431 848 1589 886 dedueci
1605 849 1740 895 effent,

347 916 374 932 “
397 911 467 962 qui
488 920 624 950 contra
644 912 772 964 legem
794 912 943 963 Juliam
971 912 1240 964 poflideretur,
1273 922 1317 952 ut
1344 914 1375 951 is
1404 913 1603 952 militibus
1631 924 1739 953 vete-

345 981 373 997 “
396 978 497 1014 ranis
533 976 772 1015 divideretur
791 994 798 1015 :
833 977 879 1015 de
913 991 1006 1029 agro
1043 979 1248 1031 Campano
1283 979 1488 1032 separatim
1522 981 1738 1032 cognosce-

345 1047 372 1063 “
394 1052 494 1086 rent,
513 1042 738 1095 inirentque
755 1044 947 1081 rationem
965 1043 1011 1081 de
1028 1045 1249 1083 commodis
1268 1045 1446 1084 militum
1467 1055 1739 1085 veteranorum

341 1113 370 1129 “
393 1108 580 1160 augendis
600 1124 608 1147 :
642 1109 870 1162 legionique
901 1110 1072 1155 Martiae,
1105 1119 1143 1147 et
1168 1110 1316 1162 legioni
1338 1120 1499 1163 quartae,
1530 1121 1569 1150 et
1589 1113 1636 1150 iis
1658 1114 1738 1151 mi-

342 1179 370 1195 “
393 1173 547 1219 litibus,
580 1176 650 1227 qui
680 1175 727 1212 de
757 1175 911 1226 legione
942 1175 1123 1220 secunda,
1157 1189 1294 1221 XXXV,
1327 1176 1373 1214 ad
1396 1178 1445 1216 C.
1471 1178 1649 1223 Pansam,
1683 1181 1735 1218 A.

342 1245 370 1261 “
394 1240 604 1285 Hirtium,
642 1240 846 1284 consules,
879 1241 1093 1285 veniffent,
1132 1241 1275 1294 suaque
1315 1244 1479 1281 nomina
1517 1243 1735 1290 dedissent;

341 1311 369 1327 “
392 1305 499 1358 quod
529 1306 576 1343 iis
598 1307 804 1343 au&oritas
827 1306 993 1350 senatus,
1028 1306 1246 1359 populique
1269 1309 1441 1347 Romani
1463 1309 1637 1356 libertas,
1669 1324 1736 1349 ca-

341 1377 369 1393 “
392 1371 535 1409 riflima
556 1372 616 1417 fit,
648 1381 686 1409 et
707 1371 842 1416 fuerit,
875 1373 1118 1410 vacationem
1140 1373 1294 1411 militiae
1316 1375 1406 1426 ipsis
1427 1375 1640 1429 liberisque
1667 1391 1734 1416 eo-

341 1443 369 1459 “
392 1451 480 1475 rum
510 1437 581 1475 effe
608 1438 775 1490 placere,
807 1447 915 1476 extra
936 1438 1158 1476 tumultum
1182 1439 1402 1485 Gallicum,
1436 1441 1732 1495 Italicumque:

341 1510 369 1526 “
392 1504 529 1556 easque
550 1504 740 1556 legioneS,
774 1504 879 1541 bello
900 1503 1096 1548 confeffi‘m,
1129 1504 1256 1541 miffas
1287 1504 1370 1542 fieri
1391 1506 1543 1558 placere
1563 1523 1571 1545 :
1605 1522 1733 1560 quan-

340 1577 367 1592 “
392 1579 551 1622 tamque
572 1572 781 1622 pecuniam
804 1570 1002 1608 militibus
1024 1584 1157 1608 earum
1179 1571 1384 1622 legionum
1413 1572 1455 1609 in
1485 1573 1658 1625 fingulos
1682 1577 1731 1614 C.

340 1642 367 1658 “
392 1636 531 1680 Caesar,
562 1635 759 1688 pontifex,
791 1645 1020 1688 propraetor,
1053 1636 1257 1688 pollicitus
1280 1637 1339 1681 s1t,
1373 1646 1522 1676 tantam
1544 1639 1624 1677 dari
1644 1640 1732 1693 pla-

339 1709 367 1724 “
390 1716 502 1740 cere:
537 1703 674 1755 utique
696 1704 745 1741 C.
772 1703 904 1748 Pansa,
936 1704 988 1741 A.
1014 1703 1188 1747 Hirtius,
1212 1703 1406 1749 consules,
1433 1705 1530 1743 alter
1550 1706 1731 1754 ambove,

339 1774 366 1789 “
390 1768 582 1806 rationem
614 1768 696 1820 agri
727 1766 911 1812 habeant,
944 1768 1013 1820 qui
1046 1768 1124 1805 fine
1156 1768 1300 1820 injuria
1331 1770 1576 1821 privatorum
1607 1757 1734 1812 dividi

339 1839 368 1855 ‘·'
387 1833 530 1885 poffit;
563 1833 671 1886 isque
692 1834 890 1871 militibus
912 1833 1080 1885 legionis
1102 1833 1273 1879 Martiae,
1306 1843 1345 1872 et
1374 1834 1542 1887 legionis
1567 1846 1731 1889 quartae,

338 1905 364 1922 “
387 1899 441 1937 ita
461 1898 629 1944 daretur,
647 1900 910 1952 assignaretur,
931 1908 973 1938 ut
994 1899 1140 1953 quibus
1157 1900 1356 1939 militibus
1377 1901 1613 1955 ampliffime
1633 1903 1730 1950 dati,

339 1970 365 1987 “
388 1964 562 2017 assignati
583 1965 744 2004 effent.''

391 2031 490 2069 Dixi
521 2031 569 2070 ad
600 2046 643 2070 ea
673 2032 820 2077 omnia,
853 2032 1060 2077 Consules,
1094 2032 1139 2070 de
1162 2033 1307 2084 quibus
1337 2033 1550 2073 retulistis:
1583 2049 1670 2088 quae
1702 2035 1730 2074 fi

335 2105 449 2134 erunt
471 2097 548 2135 fine
569 2111 678 2136 mora
699 2108 927 2150 matureque
948 2099 1115 2144 decreta,
1135 2098 1290 2137 facilius
1312 2101 1547 2153 apparabitis
1568 2115 1624 2147 ea,
1643 2116 1730 2154 quae

337 2171 490 2215 tempus
512 2173 550 2200 et
572 2164 768 2202 necestitas
790 2164 952 2216 flagitat.
987 2165 1197 2203 celeritate
1218 2175 1349 2204 autem
1371 2180 1468 2219 opus
1490 2166 1543 2205 est
1561 2182 1570 2206 t
1603 2181 1680 2221 qua
1700 2167 1727 2206 fi

335 2228 497 2267 effemus
520 2229 589 2275 ufi,
621 2230 788 2275 bellum,
822 2240 863 2270 ut
886 2231 980 2284 saepe
1001 2232 1098 2277 dixi,
1134 2232 1290 2270 nullum
1313 2231 1560 2272 haberemus.

418 2443 549 2481 Toni.
586 2443 654 2481 vl.
1294 2446 1324 2482 A
1357 2458 1376 2482 a
1405 2458 1425 2481 a
