2076 2860
323 141 367 176 16
794 136 1236 172 ORATIO

317 234 363 269 ad
385 234 605 285 principem
627 241 664 269 et
686 232 834 269 senatus
857 241 894 269 et
916 232 1100 276 civitatis,
1120 232 1183 269 Μ.
1200 232 1400 275 Scaurum,
1421 244 1501 269 rem
1524 230 1703 271 frumen·-

318 299 453 335 tariam
486 298 703 335 transsatam
734 297 891 341 sciebat,
925 297 1101 334 dolorem
1135 297 1246 334 suum
1281 311 1421 349 magna
1450 299 1706 336 contentione

316 364 437 400 animi
470 363 789 416 persequebatur;
824 362 885 399 sed
914 376 1006 400 cum
1028 363 1244 400 scurrarum
1267 363 1527 415 locupletium
1550 363 1676 401 scorto
1691 393 1701 409 ,

316 441 408 465 cum
431 428 567 466 sororis
589 428 776 471 adultero,
809 441 900 465 curn
922 428 1143 480 stuprorum
1166 428 1373 473 sacerdote,
1403 442 1496 466 cum
1512 428 1702 474 venefico,

317 507 409 530 cum
432 493 716 531 testamentario
731 522 741 537 ,
774 506 866 530 cum
887 494 1019 531 sicario
1035 523 1045 537 ,
1078 507 1169 531 cum
1191 494 1340 531 latrone
1360 510 1368 532 :
1402 507 1499 546 quos
1522 493 1703 532 homines

318 559 342 595 fi
359 589 369 603 ,
402 559 441 596 id
463 559 568 610 quod
589 558 703 596 facile
724 558 828 596 factu
849 558 926 596 fuit
943 589 952 602 ,
985 570 1022 596 et
1044 560 1151 611 quod
1172 560 1254 597 fieri
1277 560 1413 597 debuit
1429 590 1438 605 ‚
1472 560 1655 612 quodque
1685 573 1705 598 a

317 637 380 660 me
400 625 542 676 optimi
565 633 603 661 et
623 623 821 662 fortiffimi
842 625 944 662 cives
967 625 1195 676 flagitabant
1210 655 1220 670 ‚
1253 626 1291 662 vi
1318 626 1510 678 armisque
1532 625 1703 678 superas-

316 689 423 734 sem,
458 704 536 728 non
558 690 739 735 verebar,
771 704 818 729 ne
848 691 934 742 quis
965 700 1030 728 aut
1059 692 1141 728 vim
1169 692 1207 728 vi
1229 691 1420 744 repulsam
1443 691 1703 744 reprehende-

316 763 388 798 ret,
420 765 485 793 aut
506 755 748 807 perditorum
769 756 932 799 civium,
955 756 1014 793 vel
1036 757 1167 808 potius
1189 756 1493 794 domesticorum
1515 756 1702 803 hostium,

317 830 488 857 mortem
509 830 704 859 moereret.
725 821 798 858 Sed
814 834 877 858 me
894 821 960 858 illa
977 831 1206 860 moverunt:
1226 822 1411 859 omnibus
1435 823 1474 859 in
1497 823 1704 860 concioni-

318 886 390 923 bus
413 887 480 924 illa
500 887 601 925 furia
621 887 827 932 clamabat,
860 888 910 933 se,
942 901 1026 940 quae
1053 887 1197 926 faceret
1217 898 1353 926 contra
1374 888 1537 926 salutern
1559 902 1702 934 meam,

317 951 441 989 facere
461 955 614 990 auctore
636 954 713 991 Cn.
739 954 943 1006 Pompeio,
966 953 1174 992 clariffimo
1194 954 1293 998 viro,
1323 953 1502 1006 mihique
1523 964 1561 992 et
1582 968 1702 999 nunc,

316 1026 353 1054 et
374 1018 500 1069 quoad
523 1019 659 1064 licuit,
691 1020 946 1058 amiciffimo:
981 1020 1044 1058 M.
1069 1020 1221 1058 Crassus
1236 1050 1245 1065 ,
1278 1034 1452 1072 quocum
1474 1019 1575 1058 mihi
1596 1029 1705 1059 erant

317 1096 453 1120 omnes
475 1085 658 1122 amicitiae
679 1085 974 1123 neceffitudines
991 1115 1000 1130 ,
1032 1087 1093 1123 vir
1112 1085 1341 1124 fortiffirnus
1358 1116 1368 1131 ,
1399 1086 1447 1123 ab
1475 1086 1609 1124 eadem
1637 1086 1706 1124 illa

317 1149 419 1201 peste
441 1149 704 1189 infestissimus
726 1151 797 1189 effe
818 1153 915 1189 meis
937 1151 1107 1190 fortunis
1136 1152 1416 1205 praedicabatur
1434 1168 1442 1190 ε
1478 1153 1527 1191 C.
1553 1153 1703 1198 Caesar,

315 1215 383 1266 qui
405 1230 425 1252 a
445 1230 507 1253 me
529 1217 639 1254 nullo
660 1230 749 1255 meo
770 1218 911 1255 merito
931 1218 1081 1255 alienus
1110 1218 1181 1256 effe
1202 1218 1382 1263 debebat,
1415 1218 1704 1257 inimiciffimus

317 1280 388 1318 ess‘e
410 1295 505 1320 meae
526 1282 637 1320 saluti
659 1283 706 1320 ab
727 1284 864 1321 eodem
884 1284 1124 1336 quotidianis
1147 1285 1405 1323 concionibus
1429 1284 1645 1323 dicebatur.

373 1348 450 1385 His
473 1348 508 1386 se
531 1349 654 1387 tribus
676 1350 896 1387 auctoribus
927 1350 969 1387 in
999 1351 1170 1388 confiliis
1200 1350 1399 1404 capiendis
1415 1381 1426 1396 ,
1459 1351 1704 1403 adjutoribus

316 1413 356 1450 in
379 1427 417 1450 re
438 1415 629 1466 gerenda,
661 1415 733 1453 effe
764 1415 922 1453 usurum
952 1416 1130 1455 dicebat:
1164 1431 1211 1455 ex
1241 1418 1384 1470 quibus
1417 1431 1540 1456 unum
1562 1417 1704 1455 habere

315 1480 532 1517 exercitum
554 1482 594 1518 in
618 1482 730 1519 Italia
749 1483 995 1527 maximum,
1029 1482 1120 1527 duo,
1149 1484 1217 1535 qui
1239 1484 1380 1536 privati
1404 1493 1488 1521 tum
1510 1484 1643 1529 essent,
1666 1493 1705 1522 et

314 1545 479 1595 praecffe,
511 1555 549 1583 et
580 1559 724 1598 parare,
758 1547 783 1584 fi
816 1547 975 1592 vellent,
1007 1549 1224 1586 exercitum
1246 1549 1363 1601 poffe,
1396 1549 1514 1602 idque
1535 1549 1703 1588 facturos

315 1609 387 1646 effe
402 1639 412 1654 ,
445 1610 613 1649 dicebat.
659 1612 746 1649 Nec
767 1610 868 1649 mihi
890 1613 957 1650 ille
973 1614 1170 1664 judicium
1192 1615 1356 1666 populi,
1390 1628 1460 1652 nec
1482 1615 1705 1666 legitimam

316 1675 487 1726 aliquam
509 1677 804 1714 contentionem
819 1707 829 1722 ,
862 1691 932 1716 nec
954 1678 1276 1731 disceptationem
1291 1710 1301 1725 ,
1333 1689 1399 1718 aut
1420 1680 1539 1719 causae
1560 1680 1702 1719 dictio-

316 1754 422 1786 nem,
455 1741 518 1779 sed
553 1743 648 1786 vim,
685 1755 803 1787 arma,
840 1744 1048 1789 exercitus,
1081 1746 1349 1797 imperatores,
1383 1746 1514 1792 castra,
1547 1747 1702 1785 denun-

317 1806 450 1845 tiabat.

371 1873 534 1911 XVIII.·
563 1873 673 1926 Qid
694 1876 812 1927 ergo?
831 1874 985 1913 inimici
1006 1876 1144 1922 oratio,
1166 1890 1261 1915 vana
1277 1877 1502 1929 praesertim,
1523 1888 1602 1916 tam
1624 1878 1702 1916 im-

316 1938 438 1989 probe
459 1939 499 1976 in
521 1939 746 1978 clarissimos
769 1941 870 1979 viros
892 1942 1066 1993 conjecta
1081 1972 1090 1987 ,
1124 1956 1187 1980 me
1208 1944 1332 1982 movit
1352 1945 1364 1981 ?
1397 1944 1468 1982 Me
1500 1958 1590 1983 vero
1623 1958 1702 1982 non

315 2004 424 2043 illius
446 2006 568 2043 oratio
584 2035 594 2051 ,
624 2006 688 2044 sed
709 2007 827 2045 etIam
848 2020 984 2045 eorum
1007 2009 1251 2048 taciturnitas
1266 2039 1277 2055 ,
1310 2011 1350 2048 in
1373 2023 1470 2062 quos
1492 2011 1559 2048 illa
1580 2012 1703 2049 oratio

318 2078 396 2107 tam
432 2070 610 2123 improba
644 2071 917 2111 conferebatur
935 2088 943 2111 ε
988 2074 1055 2125 qui
1089 2083 1174 2113 tum
1190 2105 1200 2120 ,
1243 2089 1466 2128 quanquam
1499 2078 1550 2115 ob
1586 2078 1702 2115 aliam

318 2136 469 2173 causam
492 2138 685 2183 tacebant,
702 2148 833 2176 tamen
855 2138 1101 2186 hominibus,
1120 2142 1253 2179 omnia
1267 2142 1515 2188 timentibus,
1541 2143 1704 2181 tacendo

319 2202 442 2253 loqui,
476 2216 552 2241 non
574 2203 782 2242 infitiando
803 2204 996 2250 confiteri,
1029 2206 1274 2246 videbantur.
1310 2208 1375 2246 Illi
1397 2218 1541 2254 autem,
1571 2210 1704 2262 aliquo

319 2276 402 2304 tum
427 2268 566 2305 timore
587 2269 797 2321 perterriti,
829 2270 935 2322 quod
955 2272 1037 2308 acta
1063 2271 1131 2309 illa
1151 2282 1265 2324 atque
1286 2286 1422 2311 omnes
1445 2287 1502 2311 res
1524 2275 1615 2312 anni
1637 2275 1701 2312 su-

319 2333 479 2385 perioris
502 2333 722 2372 labefadtari
743 2349 763 2373 a
783 2337 1028 2388 praetoribuS,
1052 2338 1241 2377 infirmari
1262 2353 1282 2377 a
1303 2339 1433 2378 senatu
1454 2349 1569 2393 atque
1591 2341 1702 2394 prin-

318 2400 474 2452 cipibus
496 2400 664 2439 civitatis
678 2431 688 2446 ,
716 2403 929 2455 putabant,
962 2403 1167 2444 tribunum
1189 2406 1419 2459 popularem
1440 2420 1460 2445 a
1481 2407 1516 2446 se
1534 2407 1701 2446 alienare
