2076 2860
682 156 763 195 IN
824 156 1263 195 VATINIUM.
1628 171 1677 184 *w

1629 189 1677 210 f)

271 255 377 300 anni,
396 254 542 293 furiam
563 255 712 308 patriae,
732 254 1002 307 tempestatem
1025 255 1268 308 reipublicae,
1287 255 1505 293 Clodium?
1526 255 1595 308 qui
1619 265 1677 293 ta-

270 335 361 358 men
383 335 475 359 cum
491 322 595 373 jure,
628 335 722 358 cum
745 334 868 366 more,
901 335 994 359 cum
1023 321 1225 374 potestate,
1253 321 1455 374 judicium
1485 321 1680 374 impedire

269 400 349 424 non
379 386 516 439 poffet,
549 385 666 425 rediit
696 387 743 424 ad
774 386 885 424 illam
916 387 997 424 vim
1028 396 1067 424 et
1095 386 1270 425 furorem
1292 387 1421 433 suum,
1454 387 1679 440 ducemque

270 451 306 490 se
326 452 527 491 militibus
550 453 628 491 tuis
650 453 836 505 praebuit.
881 454 928 491 In
950 467 1031 506 quo
1047 483 1057 498 ,
1090 468 1139 491 ne
1159 453 1257 506 quid
1278 467 1299 491 a
1318 468 1382 492 me
1403 454 1555 492 dietum
1577 455 1618 491 in
1642 464 1679 491 te

269 519 403 572 potius
424 529 554 573 putes,
588 534 708 573 quam
729 520 796 557 abs
820 529 857 557 te
878 520 950 558 effe
972 521 1194 573 quaesitum,
1229 521 1387 559 nullum
1418 535 1517 559 onus
1544 521 1678 573 impo-

269 599 361 624 nam
381 585 485 624 mihi
507 586 723 625 testimonii
742 602 750 625 :
784 601 871 639 quae
901 586 1004 625 mihi
1036 588 1144 625 brevi
1175 597 1352 641 tempore
1378 601 1425 625 ex
1446 588 1585 625 eodem
1607 588 1679 626 isto

268 650 358 690 loco
383 652 498 691 video
531 653 603 691 effe
636 653 817 699 dicenda,
850 653 1023 698 servabo,
1057 663 1174 706 teque
1205 668 1284 691 non
1315 667 1490 706 arguam,
1524 654 1602 698 sed,
1636 665 1679 692 ut

268 718 310 757 in
332 721 481 758 caeteris
503 720 619 758 rebus
642 720 735 765 feci,
768 720 930 772 rogabo.
964 722 1111 773 Qaero
1132 733 1180 758 ex
1202 729 1254 765 te,
1282 721 1435 765 Vatini,
1468 734 1567 759 num
1589 722 1678 773 quis

268 784 310 822 in
330 784 404 823 hac
425 786 585 824 civitate
605 786 691 839 post
712 787 852 824 urbem
873 786 1078 824 conditam
1100 786 1282 824 tribunos
1303 786 1432 839 plebis
1454 786 1677 840 appellarit,

269 864 316 889 ne
333 851 488 890 causam
504 852 680 890 diceret?
700 865 796 889 num
819 852 908 904 quis
931 865 1016 890 reus
1039 852 1078 889 in
1103 852 1278 890 tribunal
1300 852 1358 891 sui
1381 853 1596 906 quaefitoris
1618 853 1677 892 as-

268 917 459 963 cenderit,
482 932 654 971 eumque
671 918 709 955 vi
727 917 973 956 deturbarit?
993 918 1175 956 subsellia
1196 918 1412 972 diffiparit?
1432 933 1546 958 urnas
1569 920 1678 958 dele-

267 985 400 1037 gerit?
432 974 493 1023 eas
516 985 689 1038 denique
709 999 848 1024 omnes
871 999 928 1024 res
951 985 1165 1038 injudicio
1187 986 1442 1025 disturbando
1463 987 1679 1026 commise-

267 1050 333 1096 rit,
366 1064 535 1103 quarum
565 1065 697 1090 rerum
727 1051 838 1090 causa
852 1051 1006 1105 judicia
1026 1051 1116 1090 sunt
1137 1051 1351 1090 constituta
1369 1054 1382 1090 ?
1416 1053 1570 1091 Sciasne
1592 1062 1679 1092 tum

267 1115 408 1169 fugiffe
438 1118 719 1156 Memmium?
751 1117 993 1156 accusatores
1026 1118 1099 1157 effe
1129 1128 1218 1157 tuos
1249 1118 1296 1156 de
1327 1119 1405 1157 tuis
1437 1128 1679 1172 tuorumque

266 1183 451 1221 manibus
468 1193 622 1237 ereptos
638 1185 650 1222 ?
668 1184 824 1237 judices
842 1184 1106 1237 quaestionum
1123 1185 1170 1223 de
1191 1186 1386 1238 proximis
1408 1186 1677 1225 tribunalibus

268 1249 340 1288 effe
361 1249 542 1303 depulsos
563 1251 575 1288 ?
607 1251 649 1288 in
671 1250 758 1289 foro
774 1280 784 1296 ,
818 1251 858 1289 in
881 1252 970 1289 luce
985 1281 995 1296 ,
1030 1251 1270 1304 inspeffitante
1291 1252 1442 1305 populo
1465 1253 1650 1291 Romano
1665 1283 1676 1299 ,

267 1316 550 1369 quaestionem,
582 1317 830 1370 magistratus
846 1348 857 1363 ‚
889 1332 1044 1356 morem
1076 1319 1273 1371 majorum
1290 1348 1300 1363 ,
1333 1318 1438 1371 leges
1454 1348 1465 1364 ,
1492 1319 1648 1371 judices
1665 1350 1677 1365 ,

269 1380 461 1420 scelerum
481 1396 642 1435 poenam
662 1383 735 1421 effe
756 1383 950 1422 sublatam
970 1385 982 1421 ?
1016 1384 1116 1422 Haec
1146 1384 1282 1422 omnia
1306 1383 1450 1422 sciasne
1471 1383 1681 1438 diligentia

270 1448 318 1486 C.
336 1448 528 1486 Memmii
549 1449 724 1501 publicis
747 1449 893 1488 tabulis
914 1449 987 1488 effe
1008 1458 1157 1495 notata,
1179 1459 1298 1502 atque
1320 1450 1481 1488 testata?

324 1515 460 1567 Atque
481 1515 583 1553 illud
603 1516 723 1554 etiam
746 1530 893 1569 quaero,
926 1530 1034 1561 cum,
1067 1516 1197 1568 postea
1226 1529 1346 1568 quam
1377 1530 1415 1554 es
1441 1516 1676 1568 postulatus,

267 1593 315 1619 ex
336 1581 534 1633 legatione
555 1582 714 1620 redieris
730 1611 740 1627 ,
774 1596 822 1619 ne
847 1583 938 1634 quis
960 1591 998 1619 te
1012 1582 1166 1633 judicia
1186 1581 1372 1633 defugere
1393 1582 1647 1621 arbitraretur
1662 1602 1676 1630 3

269 1655 401 1699 teque,
433 1660 528 1685 cum
560 1647 651 1693 tibi,
684 1656 821 1685 utrum
852 1647 987 1692 velles,
1020 1647 1171 1692 liceret,
1205 1646 1396 1686 diffitaris
1427 1647 1582 1686 causam
1612 1649 1676 1687 di-

268 1726 356 1751 cere
375 1713 552 1752 maluisse
571 1727 580 1752 :
604 1714 674 1767 qui
695 1713 1003 1752 consentaneum
1023 1712 1159 1758 fuerit,
1192 1726 1286 1751 curn
1307 1714 1516 1766 legationis
1539 1715 1675 1767 perfu-

267 1780 335 1832 gio
355 1780 415 1819 uti
436 1779 636 1825 noluiffes,
665 1779 931 1833 appellatione
952 1778 1238 1832 improbiffima
1261 1789 1298 1818 te
1319 1780 1366 1818 ad
1386 1781 1582 1820 auxilium
1606 1795 1676 1820 ne-

267 1844 413 1884 farium
434 1845 653 1898 confugisse
672 1847 686 1884 ?

323 1912 417 1951 XV.
450 1913 520 1958 Et,
537 1912 728 1965 quoniam
744 1913 954 1966 legationis
973 1922 1048 1951 tute
1069 1912 1170 1951 faeta
1190 1912 1342 1951 mentio
1363 1913 1430 1959 est,
1444 1913 1536 1952 volo
1557 1913 1678 1953 etiam

267 1978 401 2018 audire
421 1979 469 2018 de
490 1989 542 2026 te,
561 1994 642 2033 quo
664 1980 823 2018 tandem
845 1980 1207 2019 senatus-consulto
1223 1980 1374 2033 legatus
1392 1980 1464 2019 fis?
1489 1981 1552 2019 De
1566 1981 1677 2033 gestu

268 2045 452 2099 intelligo
473 2046 571 2101 quid
593 2047 822 2100 respondeas
840 2066 851 2092 3
887 2057 952 2085 tua
972 2047 1081 2099 lege,
1114 2047 1230 2086 dicis.
1275 2048 1378 2086 Esne
1399 2047 1522 2101 igitur
1542 2048 1677 2100 patriae

268 2113 502 2152 certiffimus
524 2114 743 2166 parricida?
777 2114 992 2166 sperarasne
1013 2114 1068 2160 id,
1093 2124 1137 2153 ut
1158 2124 1285 2167 patres
1307 2114 1522 2167 conscripti
1543 2128 1591 2153 ex
1614 2128 1675 2153 re-

270 2180 431 2231 publica
450 2179 633 2218 funditus
656 2180 918 2218 tollerentur?
948 2194 995 2218 ne
1016 2179 1093 2219 hoc
1115 2181 1279 2234 quidem
1302 2181 1449 2219 senatui
1472 2181 1676 2233 relinque-

270 2246 351 2290 bas,
374 2246 481 2298 quod
502 2260 619 2284 nemo
642 2261 819 2300 unquam
840 2247 1002 2293 ademit,
1027 2256 1071 2285 ut
1091 2247 1212 2300 legati
1232 2261 1281 2286 ex
1302 2248 1385 2300 ejus
1407 2247 1557 2286 ordinis
1579 2261 1675 2285 auc-

271 2312 428 2350 toritate
448 2312 672 2364 legarentur
691 2315 703 2351 ?
728 2313 890 2352 Adeone
913 2314 987 2352 tibi
1010 2313 1211 2352 sordidum
1233 2314 1441 2352 confilium
1464 2313 1677 2366 publicum

270 2378 399 2417 visum
419 2377 487 2423 est,
519 2378 614 2416 adeo
644 2379 811 2418 afflietus
843 2380 1011 2425 senatus,
1044 2380 1139 2419 adeo
1169 2380 1309 2419 misera
1329 2389 1367 2418 et
1389 2380 1575 2432 prostrata
1596 2379 1675 2417 res-

274 2445 450 2498 publica,
484 2453 528 2482 ut
561 2458 640 2482 non
675 2447 834 2485 nuntios
869 2447 975 2500 pacis
1009 2459 1052 2485 ac
1086 2447 1197 2492 belli,
1230 2460 1308 2485 non
1343 2457 1539 2484 curatores
1554 2475 1564 2491 ,
1597 2458 1676 2483 non

358 2512 501 2550 ToM.
536 2511 609 2550 VI.
1335 2513 1371 2550 K
