2076 2860
432 559 551 632 M.
682 556 1742 631 ANTONIUM

716 803 1291 842 PHILIPPICA
1363 804 1454 843 ΙΙΙ.

390 1034 423 1072 Ι.
529 1034 564 1072 Ε
580 1034 616 1071 R
633 1034 650 1072 I
666 1034 704 1072 U
720 1035 742 1071 S
773 1033 954 1079 omnino,
979 1034 1110 1072 Patres
1131 1033 1362 1087 conscripti,
1385 1046 1506 1086 quam
1526 1040 1685 1084 tempus
1706 1030 1784 1068 rei-

542 1100 714 1153 publicae
735 1099 969 1153 postulabat,
992 1100 1204 1153 aliquando
1226 1109 1371 1145 tamen,
1394 1097 1600 1137 convocati
1621 1096 1754 1134 sumus
1773 1110 1783 1134 ε

388 1167 496 1219 quod
518 1166 742 1219 flagitabam
763 1165 949 1219 equidem
970 1166 1177 1219 quotidie;
1211 1167 1360 1219 quippe
1384 1179 1478 1203 cum
1499 1164 1651 1202 bellum
1673 1161 1785 1201 nefa-

388 1235 494 1272 rium
514 1242 652 1271 contra
670 1247 750 1271 aras
771 1242 810 1270 et
830 1232 956 1278 focos,
980 1242 1116 1270 contra
1136 1234 1258 1271 vitam
1279 1231 1534 1284 fortunasque
1555 1230 1715 1274 nostras,
1737 1228 1786 1266 ab

388 1300 553 1339 homine
572 1299 781 1353 profligato
803 1313 845 1337 ac
867 1299 1021 1352 perdito
1042 1313 1121 1337 non
1144 1299 1377 1351 comparari,
1410 1297 1473 1335 sed
1492 1297 1591 1350 geri,
1617 1297 1702 1349 jam
1723 1294 1785 1334 vi-

388 1368 536 1406 derem.
569 1368 839 1419 Expectantur
858 1364 1045 1403 Kalendae
1065 1365 1256 1417 Januarii,
1280 1378 1374 1418 quas
1396 1378 1475 1402 non
1497 1364 1676 1416 expectat
1695 1363 1785 1400 An-

388 1434 538 1478 tonius,
570 1433 640 1485 qui
661 1433 700 1470 in
731 1431 977 1485 provinciam
1005 1432 1059 1470 D.
1084 1431 1212 1477 Bruti,
1245 1431 1391 1469 summi
1411 1440 1449 1469 et
1470 1429 1673 1482 fingularis
1694 1427 1783 1473 viri,

388 1514 482 1538 cum
502 1499 677 1537 exercitu
707 1498 905 1550 impetum
932 1496 1059 1535 facere
1080 1507 1272 1542 conatur3
1305 1511 1352 1535 ex
1380 1511 1457 1550 qua
1478 1496 1513 1534 se
1535 1495 1783 1539 instructum,

387 1576 425 1604 et
446 1575 640 1619 paratum,
672 1564 718 1602 ad
740 1564 879 1602 urbem
899 1573 1112 1602 venturum
1133 1564 1205 1602 effe
1226 1564 1449 1602 minitatum

445 1634 544 1685 Qae
565 1631 618 1669 est
639 1630 763 1683 igitur
783 1630 1029 1683 expectatio?
1061 1639 1128 1669 aut
1149 1645 1235 1683 quae
1256 1631 1317 1669 vel
1338 1630 1500 1668 minimi
1522 1627 1659 1666 dilatio
1681 1635 1785 1664 tem-

390 1700 494 1752 poris
512 1700 524 1736 ?
549 1699 789 1750 Qanquam
809 1698 917 1735 enim
939 1696 1078 1735 adsunt
1100 1697 1286 1735 Kalendae
1307 1696 1497 1748 Januarii,
1517 1704 1648 1733 tamen
1670 1694 1786 1731 breve

390 1776 546 1818 tempus
567 1765 734 1816 longum
756 1763 808 1801 est
829 1764 1046 1816 imparatis.
1071 1764 1167 1802 Dies
1189 1764 1297 1801 enim
1317 1763 1443 1808 affert,
1462 1772 1500 1801 et
1520 1761 1615 1800 hora
1635 1760 1784 1814 potius,

390 1831 460 1869 nis1
482 1829 682 1883 provisum
702 1829 770 1873 est,
802 1842 962 1880 magnas
984 1828 1080 1880 saepe
1101 1828 1229 1866 clades
1249 1843 1257 1866 :
1281 1837 1410 1866 certus
1432 1837 1564 1865 autem
1585 1826 1666 1863 dies
1688 1839 1783 1870 non,

390 1906 434 1934 ut
456 1894 649 1938 sacrificii,
682 1893 732 1931 s1c
753 1893 906 1930 confilii
927 1893 1120 1945 expectari
1150 1893 1261 1931 solet.
1294 1893 1416 1944 Qod
1447 1893 1472 1930 fi
1503 1901 1569 1929 aut
1600 1890 1785 1928 Kalendae

390 1960 566 2013 Januarii
586 1958 745 1997 fuissent
766 1972 811 1996 eo
832 1958 909 2004 die,
942 1972 1022 2011 quo
1042 1946 1219 2011 primum
1240 1973 1287 1997 ex
1309 1958 1405 1996 urbe
1426 1957 1532 2010 fugit
1553 1956 1754 1995 Antonius
1768 1974 1781 2001 ,ς

388 2038 455 2066 aut
476 2026 535 2065 hae
557 2040 635 2064 non
657 2025 776 2064 essent
797 2027 1032 2078 expectatae5
1067 2025 1219 2063 bellum
1235 2026 1319 2078 jam
1341 2024 1500 2063 nullum
1521 2022 1781 2062 haberemus:

388 2093 617 2132 auctoritate
646 2092 754 2129 enim
783 2091 950 2136 senatus,
982 2091 1250 2144 consensuque
1276 2091 1416 2145 populi
1447 2090 1635 2135 Romani,
1667 2088 1784 2126 facile

388 2159 564 2199 hominis
594 2159 761 2196 amentis
794 2156 1037 2210 fregissemus
1068 2157 1285 2197 audaciam.
1328 2157 1449 2209 Qod
1480 2155 1638 2195 confido
1667 2156 1784 2208 equi-

387 2226 477 2263 dem
509 2223 687 2262 consules
717 2222 949 2275 defignatos‚
982 2223 1095 2261 fimul
1127 2237 1170 2261 ac
1203 2223 1474 2276 magistratum
1504 2222 1680 2266 inierint,
1712 2220 1785 2258 effe

388 2291 556 2329 facturos
577 2305 585 2328 :
620 2289 708 2327 sunt
727 2290 835 2327 enim
856 2289 1011 2340 optimo
1032 2289 1179 2334 animo,
1210 2289 1366 2327 summo
1387 2288 1566 2333 confilio,
1599 2286 1784 2339 fingulari

387 2357 611 2396 concordia.
653 2356 748 2394 Mea
767 2365 899 2394 autern
926 2354 1122 2393 festinatio
1144 2370 1222 2393 non
1244 2356 1414 2394 victoriae
1435 2355 1563 2393 solum
1584 2353 1694 2391 avida
1714 2352 1781 2398 est,

389 2425 449 2463 scd
479 2425 599 2463 etiam
629 2422 855 2461 celeritatis.
900 2423 994 2474 Qo
1023 2422 1131 2460 enirn
1161 2422 1282 2475 usque
1313 2431 1469 2461 tantum
1500 2420 1670 2466 bellum,
1702 2428 1782 2458 tam
