2076 2860
457 225 535 266 324
808 208 885 247 IN
946 207 1014 246 M.
1077 206 1504 247 ANTONIUM

509 314 575 353 Ab
597 313 669 351 hac
700 311 940 363 religionum
973 310 1268 363 perturbatione
1298 310 1454 349 advolas
1486 311 1525 349 in
1557 311 1621 349 M.
1647 311 1852 357 Varronis,

454 380 676 419 sanffiffimi
708 387 826 430 atque
857 378 1104 429 integerrimi
1141 377 1228 423 viri,
1260 377 1431 416 fundum
1463 378 1713 416 Caffinatem.
1759 380 1852 430 Qo

448 448 536 499 jure
557 449 568 484 ?
602 460 682 498 quo
703 458 767 482 ore
787 446 799 481 ?
833 444 1002 490 Eodem,
1035 445 1205 497 inquies,
1239 459 1318 498 quo
1339 446 1379 483 in
1402 444 1592 483 heredum
1616 446 1665 483 L.
1690 446 1851 490 Rubrii,

454 528 533 566 quo
554 514 594 550 in
617 512 809 551 heredum
827 512 876 549 L.
892 511 1065 549 Turselii
1088 511 1243 563 praedia,
1268 526 1347 565 quo
1370 512 1409 549 in
1432 512 1600 564 reliquas
1622 513 1851 550 innumera-

454 580 553 617 biles
575 578 834 632 pofi'efliones.
869 578 936 622 Et,
961 577 987 614 fi
1008 577 1056 615 ab
1077 576 1203 622 hasta,
1227 578 1350 615 valeat
1372 576 1490 622 hasta,
1520 577 1671 615 valeant
1694 578 1850 622 tabulae,

454 647 574 684 modo
597 645 771 690 Caesaris,
805 658 882 682 non
919 653 1022 689 tuae;
1056 644 1201 696 quibus
1233 643 1415 689 debuisti,
1449 657 1527 682 non
1561 644 1707 696 quibus
1739 653 1781 682 tu
1816 654 1853 682 te

453 712 680 751 liberavisti.
714 712 900 750 Varronis
929 709 1092 763 quidem
1116 710 1349 748 Caflinatetn
1372 709 1545 748 fundum
1575 711 1664 763 quis
1696 710 1853 749 veniifi'e

453 778 552 817 dicit
572 780 584 816 ?
609 778 697 831 quis
718 776 866 814 hastam
888 776 996 813 istius
1019 776 1257 814 venditionis
1280 776 1408 814 vidit?
1432 776 1521 828 quis
1542 789 1681 814 vocem
1702 789 1852 829 praeco-

455 846 515 884 nis
538 845 720 883 audivit?
754 843 900 881 Mififl‘e
923 853 959 881 te
980 843 1079 881 dicis
1106 842 1404 888 Alexandriam,
1437 843 1507 896 qui
1537 852 1684 880 emeret
1713 857 1733 881 a
1763 844 1854 881 Cae-

455 911 546 950 sare.
592 911 728 964 Ipsum
750 911 858 948 enim
887 911 1088 962 expectare
1110 923 1301 962 magnum
1330 909 1423 948 fuit.
1468 910 1570 961 Qis
1592 923 1683 948 vero
1703 909 1854 947 audivit

454 992 646 1032 unquam,
683 977 850 1030 (nullius
879 986 1011 1015 autem
1039 976 1138 1014 salus
1167 990 1269 1015 curae
1289 976 1471 1029 pluribus
1493 975 1589 1027 fuit)
1614 975 1661 1013 de
1681 974 1853 1014 fortunis

454 1046 642 1084 Varronis
665 1059 747 1084 rem
769 1044 893 1083 ullam
914 1044 986 1082 effe
1009 1043 1219 1082 detractam
1239 1045 1252 1081 ?
1286 1043 1406 1095 Qod
1435 1044 1460 1081 fi
1489 1043 1607 1081 etiam
1635 1042 1786 1095 scripfit
1806 1042 1853 1080 ad

452 1122 491 1151 te
525 1112 664 1157 Caesar‚
696 1120 740 1150 ut
772 1111 978 1156 redderes;
1012 1110 1109 1163 quid
1138 1110 1226 1147 satis
1254 1110 1380 1162 potest
1407 1109 1488 1148 dici
1515 1108 1562 1147 de
1588 1118 1695 1147 tanta
1715 1109 1851 1162 impu-

453 1179 616 1218 dentia?
649 1179 827 1216 Remove
856 1176 1007 1229 gladios
1036 1190 1246 1229 parumper
1274 1176 1379 1221 illos,
1412 1189 1510 1229 quos
1532 1175 1740 1221 videmus3
1767 1177 1853 1228 jam

453 1245 669 1297 intelliges,
701 1244 817 1282 aliam
839 1242 992 1280 causam
1014 1242 1086 1280 effe
1106 1241 1219 1280 hastae
1249 1242 1423 1287 Caesaris,
1455 1242 1572 1279 aliam
1603 1241 1852 1280 confidentia:

453 1321 491 1350 et
514 1310 744 1349 temeritatis
766 1319 856 1347 tuae.
902 1309 997 1347 Non
1029 1309 1136 1346 enim
1165 1317 1203 1345 te
1230 1307 1416 1345 dominus
1437 1307 1557 1345 modo
1578 1307 1658 1345 illis
1679 1307 1851 1354 sedibus,

455 1378 517 1417 sed
539 1378 669 1431 quivis
691 1377 856 1421 amicus,
888 1375 1058 1420 vicinus,
1090 1374 1246 1427 hospes,
1279 1382 1522 1427 procurator,
1554 1374 1717 1413 arcebit.

509 1446 622 1483 XLI.
647 1445 702 1481 At
723 1456 841 1495 quam
864 1441 1013 1479 multos
1036 1441 1116 1479 dies
1139 1441 1179 1479 in
1197 1455 1239 1478 ea
1259 1440 1353 1479 villa
1375 1441 1591 1494 turpissime
1612 1440 1665 1478 est
1685 1441 1851 1493 perbac-

453 1512 624 1550 chatus?
657 1511 723 1548 Ab
756 1508 851 1547 hora
879 1509 992 1546 tertia
1019 1508 1243 1553 bibebatur,
1276 1507 1500 1552 ludebatur,
1532 1507 1778 1547 vomebatur.
1813 1509 1852 1547 O

452 1580 552 1616 tecta
573 1577 653 1630 ipsa
673 1575 824 1620 misera,
848 1589 953 1628 quam
972 1574 1108 1629 dg'spari
1124 1573 1256 1613 domino
1273 1576 1289 1613 !
1311 1586 1539 1627 quanquam
1560 1573 1763 1626 quomodo
1784 1573 1852 1612 iste

451 1644 670 1683 dominus?
704 1642 765 1680 sed
800 1651 929 1680 tamen
952 1655 1071 1694 quam
1104 1655 1124 1678 a
1156 1641 1298 1694 dispari
1327 1640 1586 1678 tenebantur!
1622 1640 1853 1679 Studiorum

449 1712 558 1750 enim
580 1711 739 1748 suorum
762 1709 956 1747 M.Varro
978 1708 1105 1746 voluit
1127 1707 1199 1745 effe
1220 1707 1337 1752 illud,
1361 1721 1440 1746 non
1462 1706 1696 1752 libidinum,
1720 1706 1849 1745 diver-

450 1777 612 1815 sorium.
647 1778 746 1827 Qae
770 1776 807 1812 in
832 1775 899 1812 illa
919 1775 1013 1813 villa
1033 1783 1122 1813 ante
1143 1774 1377 1812 dicebantur
1396 1775 1408 1811 ?
1432 1788 1518 1826 quae
1539 1773 1817 1825 cogitabantur
1835 1774 1848 1812 ἒ.

450 1856 536 1895 quae
569 1842 693 1879 literis
727 1840 1045 1878 mandabantur?
1077 1840 1166 1890 jura
1197 1839 1338 1891 populi
1371 1840 1559 1884 Romani,
1591 1847 1852 1878 monumenta

453 1909 663 1961 majorum,
696 1905 826 1944 omnis
850 1905 1045 1957 sapientiae
1067 1905 1179 1950 ratio,
1212 1904 1419 1956 omnisque
1442 1904 1632 1943 doctrina.
1666 1906 1721 1942 At
1743 1917 1847 1950 vero,

453 1985 491 2012 te
512 1973 727 2026 inquilinO,
763 1973 859 2023 (non
890 1971 997 2009 enim
1025 1970 1207 2021 domino)
1238 1970 1496 2024 personabant
1524 1970 1657 2008 omnia
1684 1970 1848 2009 vocibus

452 2041 677 2084 ebriorum;
702 2037 885 2076 natabant
908 2038 1132 2090 pavimenta
1151 2037 1266 2082 vino;
1291 2037 1500 2075 madebant
1521 2037 1684 2089 parietes
1699 2054 1713 2082 ,ς
1736 2036 1849 2089 inge-

453 2107 521 2145 nui
544 2107 654 2159 pueri
671 2119 763 2143 cum
782 2104 1008 2149 meritoriis,
1026 2103 1150 2141 scorta
1166 2103 1268 2142 inter
1284 2113 1425 2143 matres
1443 2102 1628 2148 familias,
1647 2102 1849 2141 versaban-

453 2183 531 2212 tur.
566 2171 721 2210 Caffino
742 2170 951 2208 salutatum
972 2170 1196 2215 veniebant,
1229 2170 1408 2221 Aquino,
1433 2170 1680 2210 Interamna:
1705 2168 1849 2207 admis-

453 2240 514 2277 sus
536 2238 589 2276 est
611 2251 741 2276 nemo.
766 2237 860 2287 Jure
882 2235 920 2275 id
943 2235 1120 2288 quidem.
1150 2237 1195 2275 In
1218 2235 1381 2276 homine
1401 2236 1508 2274 enim
1532 2235 1753 2289 turpiffimo
1773 2234 1848 2274 ob-

454 2305 680 2343 solefiebant
702 2302 906 2354 dignitatis
930 2302 1107 2353 infignia.

510 2373 616 2409 Cum
657 2369 748 2407 inde
788 2370 960 2407 Romam
1001 2367 1250 2420 proficiscens
1291 2368 1337 2405 ad
1378 2369 1588 2421 Aquinum
1631 2367 1845 2412 accederet,

453 2438 610 2477 obviam
632 2438 667 2475 ei
688 2436 867 2490 proceffit
899 2438 961 2487 (ut
991 2435 1043 2472 est
1071 2434 1256 2488 frequens
1286 2435 1574 2488 municipium)
1599 2448 1740 2487 magna
1760 2433 1847 2472 sane

454 2504 698 2544 multitudo:
733 2512 770 2541 at
803 2502 869 2541 istc
902 2511 1035 2556 operta
1067 2502 1204 2541 lectica
1234 2503 1336 2541 latus
1373 2502 1425 2542 est
1459 2516 1528 2556 per
1562 2500 1770 2555 oppidum,
1804 2509 1846 2539 ut
