2076 2860
682 141 1255 185 PHILIPPICA
1328 148 1401 188 XI.
1662 167 1740 207 425

344 256 430 295 quae
451 256 517 281 vos
539 243 658 282 vestra
677 245 750 283 effe
771 246 923 284 velletis
943 261 951 284 :
976 247 1149 299 legiones
1171 250 1399 304 conscripsit
1420 266 1552 299 novas,
1581 256 1737 308 excepit

343 317 487 346 veteres
508 324 515 347 :
549 311 770 362 equitatum
792 310 838 348 ad
859 312 896 349 se
917 311 1081 351 abduxit
1104 315 1337 362 Dolabellae‚
1365 328 1482 371 atque
1503 333 1608 366 eum,
1631 334 1735 359 non-

342 373 437 411 dum
460 384 568 412 tanto
589 376 798 427 parricidio
819 377 1009 423 oblitum,
1042 378 1193 418 hostem
1222 381 1287 419 sua
1312 383 1503 423 sententia
1523 386 1730 438 judicavit.

341 439 462 485 Nam,
496 441 535 477 ni
559 441 610 478 ita
631 441 736 486 effet,
769 456 849 494 quo
875 443 964 495 jure
995 446 1219 496 equitatum
1250 461 1270 485 a
1301 450 1460 488 consule
1488 451 1731 490 abduceret?

339 505 481 557 Qid?
516 507 565 544 C.
591 507 753 552 Caffius,
786 509 868 561 pari
890 510 1165 562 magnitudine
1191 514 1315 552 animi
1342 524 1381 553 et
1408 517 1560 555 consilii
1588 518 1730 570 praedi-

338 579 416 616 tus,
449 586 586 610 nonne·
610 587 656 611 eo
683 588 730 612 ex
764 575 877 612 Italia
907 577 1069 615 consilio
1102 578 1299 630 profectus
1332 581 1399 627 est,
1432 592 1476 621 ut
1502 583 1731 636 prohiberet

339 637 446 687 Syria
467 638 719 677 Dolabellam
737 641 749 677 ?
772 654 849 692 qua
869 641 953 694 lege
970 643 983 680 ?
1015 657 1095 695 quo
1110 645 1199 696 jure
1216 646 1229 682 ?
1261 660 1320 691 eo,
1344 648 1450 699 quod
1471 649 1628 701 Jupiter
1648 651 1730 703 ipse

336 701 476 747 sanxit,
510 713 553 741 ut
585 706 732 751 omnia,
765 720 850 758 quae
873 708 1098 759 reipublicae
1119 709 1297 748 salutaria
1317 712 1450 759 essent,
1483 714 1662 766 legitima
1688 726 1728 754 et

329 768 431 819 justa
451 768 701 809 haberentur.
747 772 814 809 Est
841 775 949 811 enim
971 774 1034 812 lex
1055 774 1157 813 nihil
1179 776 1301 822 aliud,
1334 778 1403 816 nifi
1426 781 1527 817 recta
1547 789 1585 818 et
1605 794 1626 818 a
1646 795 1722 819 nu-

333 834 440 872 mine
464 836 641 874 Deorum
664 839 781 875 &afta
803 840 914 883 ratio,
947 840 1142 892 imperans
1175 840 1347 889 honesta,
1379 845 1593 897 prohibens
1626 861 1724 886 con-

333 900 459 938 traria.
494 902 604 939 Huic
627 903 749 954 igitur
770 903 847 955 legi
869 906 997 956 paruit
1021 907 1182 952 Caflius,
1207 921 1299 946 cum
1321 909 1374 947 est
1394 912 1435 948 in
1457 911 1606 962 Syriam
1628 927 1721 965 pro-

327 963 483 1004 Δῑεέὶῑιιεε
516 967 682 1006 alienam
704 970 963 1020 provinciam,
997 972 1021 1009 fi
1053 971 1234 1012 homines
1261 974 1416 1028 legibus
1447 977 1601 1030 scriptis
1633 989 1719 1018 ute-

330 1039 489 1076 rentur3
522 1031 584 1070 his
606 1047 695 1071 vero
716 1036 915 1086 oppreflis,
948 1037 1055 1075 suam
1077 1037 1162 1091 lege
1183 1049 1341 1080 naturae.

384 1097 472 1142 Sed,
492 1107 535 1135 ut
555 1112 597 1136 ea
617 1100 737 1137 vestra
753 1114 912 1153 quoque
928 1104 1156 1142 auctoritate
1171 1105 1364 1153 firmetur,
1387 1110 1542 1149 censeo:
1569 1118 1597 1134 “
1611 1113 1718 1151 CUM

328 1169 358 1186 “
380 1164 425 1202 P.
450 1165 673 1210 Dolabella,
706 1167 854 1220 quique
875 1169 958 1220 ejus
979 1170 1234 1211 crudeliffimi
1254 1183 1293 1212 et
1321 1176 1512 1214 teterrimi
1533 1176 1717 1218 facinoris

328 1235 357 1251 “
379 1230 562 1275 ministrI,
595 1231 704 1276 socii,
736 1233 929 1284 adjutores
960 1234 1136 1282 fuerunt,
1168 1236 1295 1277 hostes
1325 1241 1465 1293 populi
1496 1243 1667 1282 Romani
1699 1259 1720 1282 a

328 1301 356 1317 “
377 1294 509 1334 senatu
534 1296 703 1348 judicati
731 1298 832 1336 sint:
865 1314 1038 1353 cumque
1070 1303 1221 1341 senatus
1255 1306 1300 1344 P.
1327 1307 1578 1348 Dolabellam
1612 1311 1718 1350 bello

326 1366 355 1382 “
377 1361 690 1414 persequendum
719 1364 926 1410 censuerit,
959 1377 1003 1405 ut
1033 1368 1080 1413 is,
1113 1370 1181 1421 qui
1211 1372 1345 1409 omnia
1373 1374 1551 1414 Deorum
1579 1375 1713 1415 homi-

325 1433 353 1450 “
376 1431 652 1482 numquejura
668 1445 783 1477 novo,
803 1432 994 1479 inaudito,
1013 1435 1245 1488 inexpiabili
1267 1438 1406 1477 scelere
1422 1442 1624 1493 polluerit,
1643 1457 1713 1481 ne-

323 1499 351 1516 “
373 1493 551 1547 farioque
571 1497 703 1548 patriae
725 1498 760 1534 se
781 1499 990 1550 parricidio
1011 1501 1278 1549 obstrinxerit,
1309 1519 1444 1557 poenas
1467 1508 1556 1546 Diis
1578 1507 1712 1547 homi-

322 1565 350 1581 “
372 1560 566 1613 nibusque
595 1563 750 1600 meritas
782 1563 1007 1617 debitasque
1036 1567 1253 1618 persolvat:
1289 1570 1435 1609 senatui
1462 1572 1627 1624 placere,
1661 1575 1710 1613 C.

321 1632 349 1647 “
373 1626 544 1664 Caffium
575 1629 850 1679 proconsulem
882 1632 1126 1682 provinciam
1155 1635 1303 1685 Syriam
1331 1637 1524 1683 obtinere,
1557 1639 1615 1676 uti
1641 1640 1710 1692 qui

320 1697 348 1713 “
370 1705 454 1729 eam
493 1693 647 1744 optimo
680 1695 769 1745 jure
807 1697 1052 1747 provinciam
1092 1699 1309 1739 obtinuerit
1332 1717 1340 1740 :
1384 1716 1555 1756 eumque
1593 1718 1613 1742 a
1652 1707 1720 1758 Q

319 1763 348 1779 “
370 1757 525 1795 Marcio
548 1759 686 1811 Crispo
708 1762 954 1812 proconsule,
986 1764 1036 1802 L.
1061 1765 1184 1803 Statio
1205 1767 1352 1805 Murco
1372 1769 1620 1820 proconsule,
1653 1771 1705 1810 A.

319 1829 347 1845 “
369 1824 530 1861 Allieno
551 1825 693 1877 legato,
725 1828 920 1865 exercitus
941 1830 1130 1881 accipere,
1162 1832 1303 1885 eosque
1324 1834 1359 1871 ei
1382 1835 1529 1873 tradere
1548 1851 1556 1874 ε
1590 1850 1707 1875 cum-

316 1895 346 1911 “
369 1903 445 1941 que
465 1889 526 1927 his
548 1892 688 1943 copiiS,
721 1901 759 1930 et
780 1894 805 1931 fi
828 1907 922 1946 quas
944 1904 1126 1947 praetcrea
1146 1899 1349 1949 paraverit,
1383 1900 1488 1939 bello
1512 1902 1554 1940 P.
1579 1903 1704 1941 Dola-

316 1960 346 1977 “
368 1954 511 1993 bellam
534 1966 634 1994 terra
653 1958 830 2011 marique
850 1961 1052 2013 persequi:
1076 1963 1159 2014 ejus
1177 1964 1272 2002 belli
1293 1966 1453 2017 gerendi
1469 1968 1594 2014 causa,
1612 1971 1703 2022 qui-

315 2025 344 2042 “
367 2020 439 2059 bus
460 2022 494 2058 ei
517 2022 706 2068 videatur,
730 2038 858 2070 naves,
891 2036 1040 2072 nautas,
1073 2030 1297 2080 pecuniam,
1320 2041 1535 2086 caeteraque
1555 2037 1701 2081 omnia,

314 2091 343 2107 “
364 2100 449 2137 qnae
481 2087 526 2124 ad
563 2088 602 2125 id
635 2089 787 2127 bellum
819 2091 1035 2142 gerendum
1067 2095 1302 2146 pertineant,
1336 2108 1378 2136 ut
1410 2099 1629 2152 imperandi
1660 2103 1700 2139 in

313 2157 342 2173 “
365 2152 485 2202 Syria,
515 2154 615 2197 Asta,
639 2155 839 2206 Bithynia,
865 2158 1006 2204 Ponto,
1024 2161 1089 2212 jus
1112 2163 1421 2216 potestatemque
1443 2166 1581 2204 habeat
1601 2182 1608 2205 :
1634 2177 1700 2205 ut-

313 2223 342 2239 “
364 2231 454 2269 que,
474 2233 752 2273 quamcunque
774 2223 813 2260 in
835 2225 1079 2276 provinciam
1100 2230 1182 2280 ejus
1207 2230 1300 2268 belli
1320 2232 1480 2283 gerendi
1502 2233 1611 2271 causa
1630 2234 1699 2272 ad-

313 2289 341 2306 “
364 2285 526 2329 venerit,
560 2286 614 2324 ibi
637 2290 761 2340 majus
784 2290 995 2342 imperium
1018 2295 1066 2331 C.
1092 2295 1206 2333 Caffii
1230 2299 1474 2349 proconsulis
1496 2299 1555 2343 fit,
1579 2314 1697 2352 quam

312 2356 339 2371 “
361 2351 443 2401 ejus
464 2352 553 2395 erit,
571 2354 640 2404 qui
662 2368 745 2392 eam
767 2358 1011 2408 provinciam
1035 2370 1119 2398 tum
1141 2362 1354 2407 obtinebit,
1373 2379 1465 2402 cum
1484 2367 1531 2404 C.
1551 2366 1695 2404 Caffius

310 2421 340 2437 “
361 2417 569 2468 proconsul
603 2419 644 2456 in
676 2434 759 2459 eam
794 2425 1034 2474 provinciam
1068 2429 1230 2465 venerit.
1280 2429 1432 2480 Regem
1465 2432 1693 2483 chotarum

391 2483 533 2522 Toni.
568 2485 639 2523 VI.
1241 2494 1281 2531 ΙΙ
1313 2492 1395 2531 hh
