<?xml version="1.0" encoding="UTF-8"?>
<!DOCTYPE html PUBLIC "-//W3C//DTD XHTML 1.0 Transitional//EN"
    "http://www.w3.org/TR/xhtml1/DTD/xhtml1-transitional.dtd">
<html xmlns="http://www.w3.org/1999/xhtml" xml:lang="en" lang="en">
 <head>
  <title>
</title>
<meta http-equiv="Content-Type" content="text/html;charset=utf-8" />
  <meta name='ocr-system' content='tesseract 3.04.00' />
  <meta name='ocr-capabilities' content='ocr_page ocr_carea ocr_par ocr_line ocrx_word'/>
</head>
<body>
  <div class='ocr_page' id='page_1' title='image "./operacumindicibu06ciceuoft_0161.png"; bbox 0 0 2076 2860; ppageno 0'>
   <div class='ocr_carea' id='block_1_1' title="bbox 835 129 1067 185">
    <p class='ocr_par' dir='ltr' id='par_1_1' title="bbox 835 129 1067 185">
     <span class='ocr_line' id='line_1_1' title="bbox 835 129 1067 185; baseline -0.009 0"><span class='ocrx_word' id='word_1_1' title='bbox 835 129 1067 185; x_wconf 83' lang='lat'>[151]</span> 
     </span>
    </p>
   </div>
   <div class='ocr_carea' id='block_1_2' title="bbox 895 329 999 365">
    <p class='ocr_par' dir='ltr' id='par_1_2' title="bbox 895 329 999 365">
     <span class='ocr_line' id='line_1_2' title="bbox 895 329 999 365; baseline -0.01 0"><span class='ocrx_word' id='word_1_2' title='bbox 895 329 911 365; x_wconf 96' lang='lat' dir='ltr'>I</span> <span class='ocrx_word' id='word_1_3' title='bbox 962 329 999 364; x_wconf 93' lang='lat' dir='ltr'>N</span> 
     </span>
    </p>
   </div>
   <div class='ocr_carea' id='block_1_3' title="bbox 214 521 1673 583">
    <p class='ocr_par' dir='ltr' id='par_1_3' title="bbox 214 521 1673 583">
     <span class='ocr_line' id='line_1_3' title="bbox 214 521 1673 583; baseline -0.003 0"><span class='ocrx_word' id='word_1_4' title='bbox 214 527 286 583; x_wconf 89' lang='lat' dir='ltr'><strong>L.</strong></span> <span class='ocrx_word' id='word_1_5' title='bbox 366 521 1099 581; x_wconf 87' lang='lat' dir='ltr'>CALPURNIUM</span> <span class='ocrx_word' id='word_1_6' title='bbox 1189 522 1673 579; x_wconf 86' lang='lat' dir='ltr'>PISONEM</span> 
     </span>
    </p>
   </div>
   <div class='ocr_carea' id='block_1_4' title="bbox 604 744 1286 786">
    <p class='ocr_par' dir='ltr' id='par_1_4' title="bbox 604 744 1286 786">
     <span class='ocr_line' id='line_1_4' title="bbox 604 744 1286 786; baseline -0.004 0"><span class='ocrx_word' id='word_1_7' title='bbox 604 749 640 785; x_wconf 94' lang='lat' dir='ltr'>O</span> <span class='ocrx_word' id='word_1_8' title='bbox 673 748 711 786; x_wconf 92' lang='lat' dir='ltr'>R</span> <span class='ocrx_word' id='word_1_9' title='bbox 742 748 840 785; x_wconf 91' lang='lat' dir='ltr'><strong>AT</strong></span> <span class='ocrx_word' id='word_1_10' title='bbox 871 746 890 784; x_wconf 94' lang='lat' dir='ltr'>I</span> <span class='ocrx_word' id='word_1_11' title='bbox 923 745 960 783; x_wconf 94' lang='lat' dir='ltr'>O</span> <span class='ocrx_word' id='word_1_12' title='bbox 1034 744 1286 783; x_wconf 88' lang='lat' dir='ltr'>XXXVII.</span> 
     </span>
    </p>
   </div>
   <div class='ocr_carea' id='block_1_5' title="bbox 241 955 1656 2485">
    <p class='ocr_par' dir='ltr' id='par_1_5' title="bbox 241 955 1654 1813">
     <span class='ocr_line' id='line_1_5' title="bbox 298 955 1649 1010; baseline -0.001 -12"><span class='ocrx_word' id='word_1_13' title='bbox 298 961 333 998; x_wconf 90' lang='grc' dir='ltr'><strong>Ι.</strong></span> <span class='ocrx_word' id='word_1_14' title='bbox 357 961 381 986; x_wconf 50' lang='lat'><strong>2*</strong></span> <span class='ocrx_word' id='word_1_15' title='bbox 395 960 456 986; x_wconf 53' lang='lat'><strong>³³²*</strong></span> <span class='ocrx_word' id='word_1_16' title='bbox 479 959 620 1010; x_wconf 87' lang='lat' dir='ltr'><strong>Jamne</strong></span> <span class='ocrx_word' id='word_1_17' title='bbox 641 956 763 1001; x_wconf 78' lang='lat' dir='ltr'><strong>vide5‚</strong></span> <span class='ocrx_word' id='word_1_18' title='bbox 787 955 934 1002; x_wconf 88' lang='lat' dir='ltr'>bellua,</span> <span class='ocrx_word' id='word_1_19' title='bbox 951 957 1087 1009; x_wconf 87' lang='lat' dir='ltr'><strong>jamne</strong></span> <span class='ocrx_word' id='word_1_20' title='bbox 1108 956 1242 1001; x_wconf 82' lang='lat' dir='ltr'><strong>sentis,</strong></span> <span class='ocrx_word' id='word_1_21' title='bbox 1261 970 1347 1009; x_wconf 85' lang='lat' dir='ltr'><strong>quae</strong></span> <span class='ocrx_word' id='word_1_22' title='bbox 1369 956 1414 994; x_wconf 87' lang='lat' dir='ltr'><strong>fit</strong></span> <span class='ocrx_word' id='word_1_23' title='bbox 1434 956 1649 997; x_wconf 86' lang='lat' dir='ltr'><strong>hominum</strong></span> 
     </span>
     <span class='ocr_line' id='line_1_6' title="bbox 241 1023 1649 1080; baseline -0.001 -15"><span class='ocrx_word' id='word_1_24' title='bbox 241 1025 401 1080; x_wconf 89' lang='lat' dir='ltr'><strong>querela</strong></span> <span class='ocrx_word' id='word_1_25' title='bbox 417 1024 563 1064; x_wconf 83' lang='lat' dir='ltr'><strong>frontis</strong></span> <span class='ocrx_word' id='word_1_26' title='bbox 585 1034 661 1062; x_wconf 87' lang='lat' dir='ltr'><strong>tuae</strong></span> <span class='ocrx_word' id='word_1_27' title='bbox 681 1024 693 1061; x_wconf 93' lang='lat'>?</span> <span class='ocrx_word' id='word_1_28' title='bbox 727 1024 863 1062; x_wconf 91' lang='lat' dir='ltr'><strong>Nemo</strong></span> <span class='ocrx_word' id='word_1_29' title='bbox 883 1024 1078 1077; x_wconf 85' lang='lat' dir='ltr'><strong>queritur,</strong></span> <span class='ocrx_word' id='word_1_30' title='bbox 1112 1025 1255 1075; x_wconf 86' lang='lat' dir='ltr'><strong>Syrum</strong></span> <span class='ocrx_word' id='word_1_31' title='bbox 1282 1023 1413 1062; x_wconf 86' lang='lat' dir='ltr'><strong>nescio</strong></span> <span class='ocrx_word' id='word_1_32' title='bbox 1434 1039 1570 1077; x_wconf 87' lang='lat' dir='ltr'><strong>quern,</strong></span> <span class='ocrx_word' id='word_1_33' title='bbox 1602 1025 1649 1064; x_wconf 90' lang='lat' dir='ltr'><strong>de</strong></span> 
     </span>
     <span class='ocr_line' id='line_1_7' title="bbox 241 1089 1652 1146; baseline 0 -15"><span class='ocrx_word' id='word_1_34' title='bbox 241 1107 359 1146; x_wconf 85' lang='lat' dir='ltr'><strong>grege</strong></span> <span class='ocrx_word' id='word_1_35' title='bbox 381 1092 625 1131; x_wconf 83' lang='lat' dir='ltr'><strong>novitiorum</strong></span> <span class='ocrx_word' id='word_1_36' title='bbox 641 1121 652 1137; x_wconf 94' lang='lat'><strong>,</strong></span> <span class='ocrx_word' id='word_1_37' title='bbox 684 1089 835 1129; x_wconf 54' lang='lat' dir='ltr'><strong>fadum</strong></span> <span class='ocrx_word' id='word_1_38' title='bbox 855 1091 928 1129; x_wconf 84' lang='lat' dir='ltr'><strong>effe</strong></span> <span class='ocrx_word' id='word_1_39' title='bbox 949 1090 1168 1130; x_wconf 88' lang='lat' dir='ltr'><strong>consulem.</strong></span> <span class='ocrx_word' id='word_1_40' title='bbox 1202 1091 1298 1129; x_wconf 88' lang='lat' dir='ltr'><strong>Non</strong></span> <span class='ocrx_word' id='word_1_41' title='bbox 1319 1092 1428 1129; x_wconf 88' lang='lat' dir='ltr'><strong>enim</strong></span> <span class='ocrx_word' id='word_1_42' title='bbox 1450 1106 1520 1130; x_wconf 83' lang='lat' dir='ltr'><strong>nos</strong></span> <span class='ocrx_word' id='word_1_43' title='bbox 1542 1093 1652 1131; x_wconf 88' lang='lat' dir='ltr'><strong>color</strong></span> 
     </span>
     <span class='ocr_line' id='line_1_8' title="bbox 243 1157 1650 1212; baseline -0.001 -14"><span class='ocrx_word' id='word_1_44' title='bbox 243 1159 312 1198; x_wconf 90' lang='lat' dir='ltr'><strong>iste</strong></span> <span class='ocrx_word' id='word_1_45' title='bbox 347 1159 494 1198; x_wconf 84' lang='lat' dir='ltr'><strong>servilis</strong></span> <span class='ocrx_word' id='word_1_46' title='bbox 511 1189 523 1205; x_wconf 82' lang='lat'>‚</span> <span class='ocrx_word' id='word_1_47' title='bbox 556 1172 636 1196; x_wconf 87' lang='lat' dir='ltr'><strong>non</strong></span> <span class='ocrx_word' id='word_1_48' title='bbox 671 1157 805 1210; x_wconf 85' lang='lat' dir='ltr'><strong>pilosae</strong></span> <span class='ocrx_word' id='word_1_49' title='bbox 840 1171 974 1210; x_wconf 86' lang='lat' dir='ltr'><strong>genae,</strong></span> <span class='ocrx_word' id='word_1_50' title='bbox 1006 1171 1085 1196; x_wconf 89' lang='lat' dir='ltr'><strong>non</strong></span> <span class='ocrx_word' id='word_1_51' title='bbox 1121 1157 1257 1195; x_wconf 86' lang='lat' dir='ltr'><strong>dentes</strong></span> <span class='ocrx_word' id='word_1_52' title='bbox 1293 1158 1445 1210; x_wconf 86' lang='lat' dir='ltr'><strong>putridi</strong></span> <span class='ocrx_word' id='word_1_53' title='bbox 1484 1159 1650 1212; x_wconf 82' lang='lat' dir='ltr'><strong>decepe-</strong></span> 
     </span>
     <span class='ocr_line' id='line_1_9' title="bbox 244 1222 1651 1278; baseline 0 -14"><span class='ocrx_word' id='word_1_54' title='bbox 244 1235 337 1264; x_wconf 88' lang='lat' dir='ltr'><strong>runt</strong></span> <span class='ocrx_word' id='word_1_55' title='bbox 356 1241 365 1264; x_wconf 79' lang='lat'>2</span> <span class='ocrx_word' id='word_1_56' title='bbox 397 1225 522 1270; x_wconf 89' lang='lat' dir='ltr'><strong>oculi,</strong></span> <span class='ocrx_word' id='word_1_57' title='bbox 545 1224 766 1278; x_wconf 87' lang='lat' dir='ltr'><strong>supercilia,</strong></span> <span class='ocrx_word' id='word_1_58' title='bbox 789 1222 916 1270; x_wconf 88' lang='lat' dir='ltr'><strong>frons,</strong></span> <span class='ocrx_word' id='word_1_59' title='bbox 938 1224 1072 1262; x_wconf 86' lang='lat' dir='ltr'><strong>vultus</strong></span> <span class='ocrx_word' id='word_1_60' title='bbox 1093 1223 1265 1276; x_wconf 89' lang='lat' dir='ltr'><strong>denique</strong></span> <span class='ocrx_word' id='word_1_61' title='bbox 1287 1234 1410 1270; x_wconf 80' lang='lat' dir='ltr'><strong>totus,</strong></span> <span class='ocrx_word' id='word_1_62' title='bbox 1434 1226 1504 1278; x_wconf 84' lang='lat' dir='ltr'><strong>qui</strong></span> <span class='ocrx_word' id='word_1_63' title='bbox 1525 1225 1651 1264; x_wconf 86' lang='lat' dir='ltr'><strong>sermo</strong></span> 
     </span>
     <span class='ocr_line' id='line_1_10' title="bbox 244 1289 1652 1345; baseline 0.001 -15"><span class='ocrx_word' id='word_1_64' title='bbox 244 1292 409 1345; x_wconf 87' lang='lat' dir='ltr'><strong>quidam</strong></span> <span class='ocrx_word' id='word_1_65' title='bbox 426 1292 568 1330; x_wconf 83' lang='lat' dir='ltr'><strong>tacitus</strong></span> <span class='ocrx_word' id='word_1_66' title='bbox 586 1291 732 1329; x_wconf 85' lang='lat' dir='ltr'><strong>mentis</strong></span> <span class='ocrx_word' id='word_1_67' title='bbox 749 1290 817 1336; x_wconf 91' lang='lat' dir='ltr'><strong>est,</strong></span> <span class='ocrx_word' id='word_1_68' title='bbox 835 1290 902 1329; x_wconf 89' lang='lat' dir='ltr'><strong>hic</strong></span> <span class='ocrx_word' id='word_1_69' title='bbox 925 1291 966 1328; x_wconf 91' lang='lat' dir='ltr'><strong>in</strong></span> <span class='ocrx_word' id='word_1_70' title='bbox 982 1289 1163 1329; x_wconf 83' lang='lat' dir='ltr'><strong>fraudem</strong></span> <span class='ocrx_word' id='word_1_71' title='bbox 1178 1290 1362 1329; x_wconf 86' lang='lat' dir='ltr'><strong>homines</strong></span> <span class='ocrx_word' id='word_1_72' title='bbox 1380 1292 1565 1345; x_wconf 88' lang='lat' dir='ltr'><strong>impulit;</strong></span> <span class='ocrx_word' id='word_1_73' title='bbox 1584 1292 1652 1331; x_wconf 84' lang='lat' dir='ltr'><strong>hic</strong></span> 
     </span>
     <span class='ocr_line' id='line_1_11' title="bbox 243 1357 1653 1412; baseline 0 -14"><span class='ocrx_word' id='word_1_74' title='bbox 243 1373 324 1405; x_wconf 85' lang='lat' dir='ltr'><strong>eos,</strong></span> <span class='ocrx_word' id='word_1_75' title='bbox 357 1359 504 1412; x_wconf 86' lang='lat' dir='ltr'><strong>quibus</strong></span> <span class='ocrx_word' id='word_1_76' title='bbox 525 1368 605 1397; x_wconf 88' lang='lat' dir='ltr'><strong>erat</strong></span> <span class='ocrx_word' id='word_1_77' title='bbox 626 1359 803 1411; x_wconf 82' lang='lat' dir='ltr'><strong>ignotus,</strong></span> <span class='ocrx_word' id='word_1_78' title='bbox 836 1357 1008 1411; x_wconf 81' lang='lat' dir='ltr'><strong>decepit,</strong></span> <span class='ocrx_word' id='word_1_79' title='bbox 1038 1357 1201 1403; x_wconf 82' lang='lat' dir='ltr'><strong>fefellit,</strong></span> <span class='ocrx_word' id='word_1_80' title='bbox 1231 1357 1408 1397; x_wconf 78' lang='lat' dir='ltr'>induxit.</span> <span class='ocrx_word' id='word_1_81' title='bbox 1442 1360 1564 1398; x_wconf 74' lang='lat' dir='ltr'><strong>Pauci</strong></span> <span class='ocrx_word' id='word_1_82' title='bbox 1585 1360 1653 1398; x_wconf 78' lang='lat' dir='ltr'><strong>ista</strong></span> 
     </span>
     <span class='ocr_line' id='line_1_12' title="bbox 243 1425 1650 1479; baseline 0.001 -15"><span class='ocrx_word' id='word_1_83' title='bbox 243 1435 311 1465; x_wconf 90' lang='lat' dir='ltr'><strong>tua</strong></span> <span class='ocrx_word' id='word_1_84' title='bbox 330 1426 529 1464; x_wconf 87' lang='lat' dir='ltr'><strong>lutulenta</strong></span> <span class='ocrx_word' id='word_1_85' title='bbox 548 1425 645 1464; x_wconf 85' lang='lat' dir='ltr'><strong>vitia</strong></span> <span class='ocrx_word' id='word_1_86' title='bbox 664 1439 919 1471; x_wconf 81' lang='lat' dir='ltr'><strong>noveramus3</strong></span> <span class='ocrx_word' id='word_1_87' title='bbox 942 1425 1061 1478; x_wconf 86' lang='lat' dir='ltr'><strong>pauci</strong></span> <span class='ocrx_word' id='word_1_88' title='bbox 1080 1425 1305 1464; x_wconf 78' lang='lat' dir='ltr'><strong>tarditatem</strong></span> <span class='ocrx_word' id='word_1_89' title='bbox 1326 1426 1492 1478; x_wconf 88' lang='lat' dir='ltr'><strong>ingenii,</strong></span> <span class='ocrx_word' id='word_1_90' title='bbox 1516 1426 1650 1479; x_wconf 86' lang='lat' dir='ltr'><strong>stupo-</strong></span> 
     </span>
     <span class='ocr_line' id='line_1_13' title="bbox 244 1492 1648 1545; baseline 0 -14"><span class='ocrx_word' id='word_1_91' title='bbox 244 1506 343 1538; x_wconf 80' lang='lat' dir='ltr'><strong>rem,</strong></span> <span class='ocrx_word' id='word_1_92' title='bbox 361 1492 691 1545; x_wconf 83' lang='lat' dir='ltr'><strong>debilitatemque</strong></span> <span class='ocrx_word' id='word_1_93' title='bbox 707 1492 869 1544; x_wconf 86' lang='lat' dir='ltr'><strong>linguae.</strong></span> <span class='ocrx_word' id='word_1_94' title='bbox 889 1492 1113 1544; x_wconf 84' lang='lat' dir='ltr'><strong>Nunquam</strong></span> <span class='ocrx_word' id='word_1_95' title='bbox 1132 1501 1214 1530; x_wconf 86' lang='lat' dir='ltr'><strong>erat</strong></span> <span class='ocrx_word' id='word_1_96' title='bbox 1231 1492 1362 1529; x_wconf 87' lang='lat' dir='ltr'><strong>audita</strong></span> <span class='ocrx_word' id='word_1_97' title='bbox 1382 1506 1458 1530; x_wconf 82' lang='lat' dir='ltr'><strong>vox</strong></span> <span class='ocrx_word' id='word_1_98' title='bbox 1480 1493 1520 1529; x_wconf 89' lang='lat' dir='ltr'><strong>in</strong></span> <span class='ocrx_word' id='word_1_99' title='bbox 1542 1492 1648 1531; x_wconf 84' lang='lat' dir='ltr'><strong>foro:</strong></span> 
     </span>
     <span class='ocr_line' id='line_1_14' title="bbox 244 1557 1650 1612; baseline 0 -15"><span class='ocrx_word' id='word_1_100' title='bbox 244 1573 451 1612; x_wconf 87' lang='lat' dir='ltr'><strong>nunquam</strong></span> <span class='ocrx_word' id='word_1_101' title='bbox 472 1559 697 1612; x_wconf 85' lang='lat' dir='ltr'><strong>periculum</strong></span> <span class='ocrx_word' id='word_1_102' title='bbox 713 1557 865 1596; x_wconf 59' lang='lat' dir='ltr'><strong>saelum</strong></span> <span class='ocrx_word' id='word_1_103' title='bbox 880 1558 1054 1596; x_wconf 86' lang='lat' dir='ltr'><strong>confilii:</strong></span> <span class='ocrx_word' id='word_1_104' title='bbox 1074 1557 1235 1595; x_wconf 89' lang='lat' dir='ltr'><strong>nullum</strong></span> <span class='ocrx_word' id='word_1_105' title='bbox 1252 1571 1331 1594; x_wconf 88' lang='lat' dir='ltr'><strong>non</strong></span> <span class='ocrx_word' id='word_1_106' title='bbox 1350 1558 1469 1596; x_wconf 91' lang='lat' dir='ltr'><strong>modo</strong></span> <span class='ocrx_word' id='word_1_107' title='bbox 1485 1558 1650 1605; x_wconf 88' lang='lat' dir='ltr'><strong>illustre,</strong></span> 
     </span>
     <span class='ocr_line' id='line_1_15' title="bbox 246 1622 1654 1677; baseline 0 -14"><span class='ocrx_word' id='word_1_108' title='bbox 246 1625 309 1664; x_wconf 87' lang='lat' dir='ltr'><strong>sed</strong></span> <span class='ocrx_word' id='word_1_109' title='bbox 330 1639 379 1663; x_wconf 91' lang='lat' dir='ltr'><strong>ne</strong></span> <span class='ocrx_word' id='word_1_110' title='bbox 401 1634 543 1663; x_wconf 89' lang='lat' dir='ltr'><strong>notum</strong></span> <span class='ocrx_word' id='word_1_111' title='bbox 564 1624 742 1676; x_wconf 90' lang='lat' dir='ltr'><strong>quidem,</strong></span> <span class='ocrx_word' id='word_1_112' title='bbox 760 1622 925 1670; x_wconf 57' lang='lat' dir='ltr'><strong>saelum,</strong></span> <span class='ocrx_word' id='word_1_113' title='bbox 944 1632 1010 1662; x_wconf 90' lang='lat' dir='ltr'><strong>aut</strong></span> <span class='ocrx_word' id='word_1_114' title='bbox 1032 1623 1188 1661; x_wconf 81' lang='lat' dir='ltr'><strong>militiae</strong></span> <span class='ocrx_word' id='word_1_115' title='bbox 1204 1632 1271 1661; x_wconf 87' lang='lat' dir='ltr'><strong>aut</strong></span> <span class='ocrx_word' id='word_1_116' title='bbox 1291 1622 1416 1662; x_wconf 91' lang='lat' dir='ltr'><strong>domi.</strong></span> <span class='ocrx_word' id='word_1_117' title='bbox 1438 1624 1654 1677; x_wconf 87' lang='lat' dir='ltr'><strong>Obrepfisti</strong></span> 
     </span>
     <span class='ocr_line' id='line_1_16' title="bbox 245 1690 1652 1737; baseline -0.001 -6"><span class='ocrx_word' id='word_1_118' title='bbox 245 1692 294 1731; x_wconf 82' lang='lat' dir='ltr'><strong>ad</strong></span> <span class='ocrx_word' id='word_1_119' title='bbox 313 1691 482 1731; x_wconf 87' lang='lat' dir='ltr'><strong>honores</strong></span> <span class='ocrx_word' id='word_1_120' title='bbox 504 1705 631 1730; x_wconf 86' lang='lat' dir='ltr'><strong>errore</strong></span> <span class='ocrx_word' id='word_1_121' title='bbox 652 1690 881 1737; x_wconf 89' lang='lat' dir='ltr'><strong>hominum,</strong></span> <span class='ocrx_word' id='word_1_122' title='bbox 914 1691 1260 1729; x_wconf 84' lang='lat' dir='ltr'><strong>commendatione</strong></span> <span class='ocrx_word' id='word_1_123' title='bbox 1284 1690 1529 1730; x_wconf 88' lang='lat' dir='ltr'><strong>fumosarum</strong></span> <span class='ocrx_word' id='word_1_124' title='bbox 1550 1693 1652 1730; x_wconf 89' lang='lat' dir='ltr'><strong>ima-</strong></span> 
     </span>
     <span class='ocr_line' id='line_1_17' title="bbox 245 1756 1428 1813; baseline -0.003 -14"><span class='ocrx_word' id='word_1_125' title='bbox 245 1760 389 1813; x_wconf 88' lang='lat' dir='ltr'><strong>ginum</strong></span> <span class='ocrx_word' id='word_1_126' title='bbox 408 1775 416 1798; x_wconf 91' lang='lat'>:</span> <span class='ocrx_word' id='word_1_127' title='bbox 449 1773 618 1811; x_wconf 80' lang='lat' dir='ltr'><strong>quarum</strong></span> <span class='ocrx_word' id='word_1_128' title='bbox 639 1758 765 1796; x_wconf 76' lang='lat' dir='ltr'><strong>simile</strong></span> <span class='ocrx_word' id='word_1_129' title='bbox 784 1756 905 1796; x_wconf 82' lang='lat' dir='ltr'><strong>habes</strong></span> <span class='ocrx_word' id='word_1_130' title='bbox 926 1757 1045 1803; x_wconf 86' lang='lat' dir='ltr'><strong>nihil,</strong></span> <span class='ocrx_word' id='word_1_131' title='bbox 1078 1767 1216 1810; x_wconf 84' lang='lat' dir='ltr'><strong>praeter</strong></span> <span class='ocrx_word' id='word_1_132' title='bbox 1237 1757 1428 1796; x_wconf 89' lang='lat' dir='ltr'><strong>colorem.</strong></span> 
     </span>
    </p>

    <p class='ocr_par' dir='ltr' id='par_1_6' title="bbox 245 1824 1656 2413">
     <span class='ocr_line' id='line_1_18' title="bbox 301 1824 1656 1879; baseline 0 -14"><span class='ocrx_word' id='word_1_133' title='bbox 301 1827 340 1865; x_wconf 84' lang='lat' dir='ltr'><strong>Is</strong></span> <span class='ocrx_word' id='word_1_134' title='bbox 361 1824 466 1865; x_wconf 88' lang='lat' dir='ltr'><strong>mihi</strong></span> <span class='ocrx_word' id='word_1_135' title='bbox 486 1826 606 1864; x_wconf 86' lang='lat' dir='ltr'><strong>etiam</strong></span> <span class='ocrx_word' id='word_1_136' title='bbox 626 1824 886 1878; x_wconf 85' lang='lat' dir='ltr'><strong>gloriabitur,</strong></span> <span class='ocrx_word' id='word_1_137' title='bbox 918 1824 955 1863; x_wconf 87' lang='lat' dir='ltr'><strong>se</strong></span> <span class='ocrx_word' id='word_1_138' title='bbox 975 1838 1112 1863; x_wconf 88' lang='lat' dir='ltr'><strong>omnes</strong></span> <span class='ocrx_word' id='word_1_139' title='bbox 1134 1824 1382 1877; x_wconf 87' lang='lat' dir='ltr'><strong>magistratus</strong></span> <span class='ocrx_word' id='word_1_140' title='bbox 1404 1825 1482 1864; x_wconf 87' lang='lat' dir='ltr'><strong>fine</strong></span> <span class='ocrx_word' id='word_1_141' title='bbox 1503 1827 1656 1879; x_wconf 88' lang='lat' dir='ltr'><strong>repulsa</strong></span> 
     </span>
     <span class='ocr_line' id='line_1_19' title="bbox 245 1890 1651 1945; baseline 0.001 -14"><span class='ocrx_word' id='word_1_142' title='bbox 245 1892 492 1931; x_wconf 79' lang='lat' dir='ltr'><strong>assecutum?</strong></span> <span class='ocrx_word' id='word_1_143' title='bbox 525 1890 637 1930; x_wconf 88' lang='lat' dir='ltr'><strong>Mihi</strong></span> <span class='ocrx_word' id='word_1_144' title='bbox 664 1891 734 1930; x_wconf 86' lang='lat' dir='ltr'><strong>ista</strong></span> <span class='ocrx_word' id='word_1_145' title='bbox 759 1891 854 1929; x_wconf 88' lang='lat' dir='ltr'><strong>licet</strong></span> <span class='ocrx_word' id='word_1_146' title='bbox 881 1891 929 1929; x_wconf 92' lang='lat' dir='ltr'><strong>de</strong></span> <span class='ocrx_word' id='word_1_147' title='bbox 957 1905 1021 1930; x_wconf 90' lang='lat' dir='ltr'><strong>me</strong></span> <span class='ocrx_word' id='word_1_148' title='bbox 1047 1904 1136 1929; x_wconf 83' lang='lat' dir='ltr'><strong>vera</strong></span> <span class='ocrx_word' id='word_1_149' title='bbox 1155 1904 1250 1929; x_wconf 87' lang='lat' dir='ltr'><strong>cum</strong></span> <span class='ocrx_word' id='word_1_150' title='bbox 1271 1891 1397 1944; x_wconf 88' lang='lat' dir='ltr'><strong>gloria</strong></span> <span class='ocrx_word' id='word_1_151' title='bbox 1417 1893 1651 1945; x_wconf 84' lang='lat' dir='ltr'><strong>praedicare:</strong></span> 
     </span>
     <span class='ocr_line' id='line_1_20' title="bbox 245 1957 1654 2012; baseline -0.001 -13"><span class='ocrx_word' id='word_1_152' title='bbox 245 1973 384 1999; x_wconf 89' lang='lat' dir='ltr'><strong>omnes</strong></span> <span class='ocrx_word' id='word_1_153' title='bbox 419 1959 527 1998; x_wconf 89' lang='lat' dir='ltr'><strong>enim</strong></span> <span class='ocrx_word' id='word_1_154' title='bbox 560 1958 732 1997; x_wconf 88' lang='lat' dir='ltr'><strong>honores</strong></span> <span class='ocrx_word' id='word_1_155' title='bbox 766 1958 940 2011; x_wconf 89' lang='lat' dir='ltr'><strong>populus</strong></span> <span class='ocrx_word' id='word_1_156' title='bbox 977 1958 1182 1996; x_wconf 81' lang='lat' dir='ltr'><strong>Romanus</strong></span> <span class='ocrx_word' id='word_1_157' title='bbox 1218 1957 1322 1996; x_wconf 88' lang='lat' dir='ltr'><strong>mihi</strong></span> <span class='ocrx_word' id='word_1_158' title='bbox 1362 1958 1432 2012; x_wconf 86' lang='lat' dir='ltr'><strong>ipfi</strong></span> <span class='ocrx_word' id='word_1_159' title='bbox 1448 1989 1459 2004; x_wconf 90' lang='lat'><strong>,</strong></span> <span class='ocrx_word' id='word_1_160' title='bbox 1495 1959 1654 1998; x_wconf 89' lang='lat' dir='ltr'><strong>homini</strong></span> 
     </span>
     <span class='ocr_line' id='line_1_21' title="bbox 246 2023 1655 2079; baseline 0 -14"><span class='ocrx_word' id='word_1_161' title='bbox 246 2040 364 2072; x_wconf 91' lang='lat' dir='ltr'><strong>novo,</strong></span> <span class='ocrx_word' id='word_1_162' title='bbox 397 2025 556 2064; x_wconf 82' lang='lat' dir='ltr'><strong>detulit.</strong></span> <span class='ocrx_word' id='word_1_163' title='bbox 591 2025 714 2071; x_wconf 88' lang='lat' dir='ltr'><strong>Nam,</strong></span> <span class='ocrx_word' id='word_1_164' title='bbox 747 2034 792 2063; x_wconf 91' lang='lat' dir='ltr'><strong>tu</strong></span> <span class='ocrx_word' id='word_1_165' title='bbox 813 2038 907 2063; x_wconf 88' lang='lat' dir='ltr'><strong>cum</strong></span> <span class='ocrx_word' id='word_1_166' title='bbox 935 2024 1102 2077; x_wconf 87' lang='lat' dir='ltr'><strong>quaestor</strong></span> <span class='ocrx_word' id='word_1_167' title='bbox 1129 2037 1168 2062; x_wconf 87' lang='lat' dir='ltr'><strong>es</strong></span> <span class='ocrx_word' id='word_1_168' title='bbox 1195 2023 1337 2070; x_wconf 66' lang='lat' dir='ltr'><strong>faetus,</strong></span> <span class='ocrx_word' id='word_1_169' title='bbox 1369 2025 1489 2064; x_wconf 87' lang='lat' dir='ltr'><strong>etiam</strong></span> <span class='ocrx_word' id='word_1_170' title='bbox 1517 2027 1588 2079; x_wconf 86' lang='lat' dir='ltr'><strong>qui</strong></span> <span class='ocrx_word' id='word_1_171' title='bbox 1617 2037 1655 2065; x_wconf 91' lang='lat' dir='ltr'><strong>te</strong></span> 
     </span>
     <span class='ocr_line' id='line_1_22' title="bbox 246 2089 1655 2144; baseline 0.001 -14"><span class='ocrx_word' id='word_1_172' title='bbox 246 2105 455 2144; x_wconf 83' lang='lat' dir='ltr'><strong>nunquam</strong></span> <span class='ocrx_word' id='word_1_173' title='bbox 475 2091 653 2130; x_wconf 73' lang='lat' dir='ltr'><strong>viderant</strong></span> <span class='ocrx_word' id='word_1_174' title='bbox 668 2120 679 2136; x_wconf 94' lang='lat'><strong>,</strong></span> <span class='ocrx_word' id='word_1_175' title='bbox 712 2100 845 2129; x_wconf 86' lang='lat' dir='ltr'><strong>tamen</strong></span> <span class='ocrx_word' id='word_1_176' title='bbox 874 2090 1001 2129; x_wconf 82' lang='lat' dir='ltr'><strong>illum·</strong></span> <span class='ocrx_word' id='word_1_177' title='bbox 1020 2089 1215 2129; x_wconf 86' lang='lat' dir='ltr'><strong>honorem</strong></span> <span class='ocrx_word' id='word_1_178' title='bbox 1237 2091 1393 2130; x_wconf 88' lang='lat' dir='ltr'><strong>nomini</strong></span> <span class='ocrx_word' id='word_1_179' title='bbox 1414 2092 1655 2131; x_wconf 85' lang='lat' dir='ltr'><strong>mandabant</strong></span> 
     </span>
     <span class='ocr_line' id='line_1_23' title="bbox 247 2157 1654 2211; baseline 0.001 -15"><span class='ocrx_word' id='word_1_180' title='bbox 247 2166 333 2196; x_wconf 85' lang='lat' dir='ltr'><strong>tuo.</strong></span> <span class='ocrx_word' id='word_1_181' title='bbox 372 2158 517 2196; x_wconf 86' lang='lat' dir='ltr'><strong>AEdilis</strong></span> <span class='ocrx_word' id='word_1_182' title='bbox 539 2171 577 2196; x_wconf 87' lang='lat' dir='ltr'><strong>es</strong></span> <span class='ocrx_word' id='word_1_183' title='bbox 599 2157 724 2195; x_wconf 63' lang='lat' dir='ltr'><strong>faetus</strong></span> <span class='ocrx_word' id='word_1_184' title='bbox 744 2172 752 2195; x_wconf 90' lang='lat'><strong>:</strong></span> <span class='ocrx_word' id='word_1_185' title='bbox 787 2157 876 2196; x_wconf 92' lang='lat' dir='ltr'><strong>Piso</strong></span> <span class='ocrx_word' id='word_1_186' title='bbox 897 2157 951 2195; x_wconf 88' lang='lat' dir='ltr'><strong>est</strong></span> <span class='ocrx_word' id='word_1_187' title='bbox 971 2171 991 2195; x_wconf 88' lang='lat' dir='ltr'><strong>a</strong></span> <span class='ocrx_word' id='word_1_188' title='bbox 1012 2158 1162 2211; x_wconf 88' lang='lat' dir='ltr'><strong>populo</strong></span> <span class='ocrx_word' id='word_1_189' title='bbox 1185 2158 1368 2196; x_wconf 83' lang='lat' dir='ltr'><strong>Romano</strong></span> <span class='ocrx_word' id='word_1_190' title='bbox 1389 2157 1514 2197; x_wconf 60' lang='lat' dir='ltr'><strong>faesus</strong></span> <span class='ocrx_word' id='word_1_191' title='bbox 1530 2189 1541 2204; x_wconf 88' lang='lat'><strong>,</strong></span> <span class='ocrx_word' id='word_1_192' title='bbox 1573 2174 1654 2198; x_wconf 85' lang='lat' dir='ltr'><strong>non</strong></span> 
     </span>
     <span class='ocr_line' id='line_1_24' title="bbox 250 2223 1654 2277; baseline 0.001 -15"><span class='ocrx_word' id='word_1_193' title='bbox 250 2223 318 2262; x_wconf 86' lang='lat' dir='ltr'><strong>iste</strong></span> <span class='ocrx_word' id='word_1_194' title='bbox 340 2224 444 2263; x_wconf 90' lang='lat' dir='ltr'><strong>Piso.</strong></span> <span class='ocrx_word' id='word_1_195' title='bbox 463 2225 636 2263; x_wconf 74' lang='lat' dir='ltr'><strong>Praetura</strong></span> <span class='ocrx_word' id='word_1_196' title='bbox 655 2224 753 2262; x_wconf 87' lang='lat' dir='ltr'><strong>item</strong></span> <span class='ocrx_word' id='word_1_197' title='bbox 772 2224 987 2277; x_wconf 85' lang='lat' dir='ltr'><strong>majoribus</strong></span> <span class='ocrx_word' id='word_1_198' title='bbox 1010 2225 1136 2264; x_wconf 88' lang='lat' dir='ltr'><strong>delata</strong></span> <span class='ocrx_word' id='word_1_199' title='bbox 1155 2224 1209 2263; x_wconf 88' lang='lat' dir='ltr'><strong>est</strong></span> <span class='ocrx_word' id='word_1_200' title='bbox 1229 2225 1324 2264; x_wconf 85' lang='lat' dir='ltr'><strong>tuis.</strong></span> <span class='ocrx_word' id='word_1_201' title='bbox 1345 2226 1446 2264; x_wconf 91' lang='lat' dir='ltr'><strong>Noti</strong></span> <span class='ocrx_word' id='word_1_202' title='bbox 1468 2235 1576 2264; x_wconf 84' lang='lat' dir='ltr'><strong>erant</strong></span> <span class='ocrx_word' id='word_1_203' title='bbox 1592 2227 1654 2265; x_wconf 90' lang='lat' dir='ltr'><strong>illi</strong></span> 
     </span>
     <span class='ocr_line' id='line_1_25' title="bbox 249 2291 1653 2346; baseline 0.001 -17"><span class='ocrx_word' id='word_1_204' title='bbox 249 2291 400 2330; x_wconf 89' lang='lat' dir='ltr'><strong>mortui</strong></span> <span class='ocrx_word' id='word_1_205' title='bbox 419 2305 427 2329; x_wconf 92' lang='lat'><strong>:</strong></span> <span class='ocrx_word' id='word_1_206' title='bbox 460 2300 500 2329; x_wconf 89' lang='lat' dir='ltr'><strong>te</strong></span> <span class='ocrx_word' id='word_1_207' title='bbox 519 2291 655 2329; x_wconf 87' lang='lat' dir='ltr'><strong>vivum</strong></span> <span class='ocrx_word' id='word_1_208' title='bbox 676 2291 856 2331; x_wconf 89' lang='lat' dir='ltr'><strong>nondum</strong></span> <span class='ocrx_word' id='word_1_209' title='bbox 878 2302 1036 2332; x_wconf 90' lang='lat' dir='ltr'><strong>noverat</strong></span> <span class='ocrx_word' id='word_1_210' title='bbox 1057 2292 1280 2345; x_wconf 83' lang='lat' dir='ltr'><strong>quisquam.</strong></span> <span class='ocrx_word' id='word_1_211' title='bbox 1319 2293 1392 2331; x_wconf 91' lang='lat' dir='ltr'><strong>Me</strong></span> <span class='ocrx_word' id='word_1_212' title='bbox 1412 2306 1504 2331; x_wconf 87' lang='lat' dir='ltr'><strong>cum</strong></span> <span class='ocrx_word' id='word_1_213' title='bbox 1528 2294 1653 2346; x_wconf 78' lang='lat' dir='ltr'><strong>quaes-</strong></span> 
     </span>
     <span class='ocr_line' id='line_1_26' title="bbox 250 2357 1654 2413; baseline 0.001 -17"><span class='ocrx_word' id='word_1_214' title='bbox 250 2367 379 2397; x_wconf 88' lang='lat' dir='ltr'><strong>torem</strong></span> <span class='ocrx_word' id='word_1_215' title='bbox 399 2357 440 2395; x_wconf 88' lang='lat' dir='ltr'><strong>in</strong></span> <span class='ocrx_word' id='word_1_216' title='bbox 462 2358 617 2410; x_wconf 87' lang='lat' dir='ltr'><strong>primis,</strong></span> <span class='ocrx_word' id='word_1_217' title='bbox 649 2357 806 2397; x_wconf 81' lang='lat' dir='ltr'><strong>aedilem</strong></span> <span class='ocrx_word' id='word_1_218' title='bbox 833 2359 1023 2413; x_wconf 82' lang='lat' dir='ltr'><strong>priorem,</strong></span> <span class='ocrx_word' id='word_1_219' title='bbox 1055 2368 1262 2413; x_wconf 68' lang='lat' dir='ltr'><strong>praetorem</strong></span> <span class='ocrx_word' id='word_1_220' title='bbox 1293 2360 1470 2412; x_wconf 86' lang='lat' dir='ltr'><strong>primum</strong></span> <span class='ocrx_word' id='word_1_221' title='bbox 1500 2360 1654 2398; x_wconf 66' lang='lat' dir='ltr'><strong>cunetis</strong></span> 
     </span>
    </p>

    <p class='ocr_par' dir='ltr' id='par_1_7' title="bbox 308 2429 804 2485">
     <span class='ocr_line' id='line_1_27' title="bbox 308 2429 804 2485; baseline 0.002 -15"><span class='ocrx_word' id='word_1_222' title='bbox 308 2432 333 2458; x_wconf 38' lang='grc' dir='ltr'><strong>ἐξ</strong></span> <span class='ocrx_word' id='word_1_223' title='bbox 351 2432 375 2458; x_wconf 64' lang='lat'><strong>⁹⁹⁶</strong></span> <span class='ocrx_word' id='word_1_224' title='bbox 393 2432 418 2457; x_wconf 42' lang='grc' dir='ltr'><strong><em>ἕ</em></strong></span> <span class='ocrx_word' id='word_1_225' title='bbox 449 2429 559 2484; x_wconf 68' lang='lat' dir='ltr'><strong>Dess</strong></span> <span class='ocrx_word' id='word_1_226' title='bbox 568 2430 804 2485; x_wconf 68' lang='lat' dir='ltr'><strong>princzjn&#39;zmz.</strong></span> 
     </span>
    </p>
   </div>
  </div>
 </body>
</html>
