2076 2860
415 172 489 219 164
887 169 1330 206 ORATIO

410 267 580 304 Romam
603 279 681 303 uno
704 277 892 316 tempore,
911 264 1016 316 quafi
1033 264 1141 315 figno
1157 263 1261 309 dato,
1281 264 1393 302 Italia
1413 272 1495 301 tota
1514 263 1712 302 convenit.
1737 264 1799 301 De

408 345 495 369 mea
514 331 633 369 salute
655 331 699 368 P.
724 329 911 373 Lentuli,
942 329 1238 381 praestantiffimi
1259 330 1333 367 viri
1353 338 1471 382 atque
1491 329 1634 382 optimi
1656 329 1797 366 consu-

408 396 456 433 lis
473 425 483 441 ‚
517 398 593 433 Cn.
619 394 823 446 Pompeii,
856 394 1054 431 clariffimi
1083 403 1200 446 atque
1221 394 1460 432 inviffiffimi
1482 395 1578 432 civis
1594 424 1605 439 ,
1637 404 1798 432 caetero-

408 474 575 512 rumque
596 460 849 511 principum,
881 459 1144 497 celeberrimae
1164 469 1202 496 et
1232 460 1451 511 gratiffimae
1479 461 1688 497 conciones
1709 458 1798 497 fue-

408 537 514 565 runt.
539 527 601 563 De
621 539 684 562 me
706 524 856 562 senatus
879 525 932 562 ita
952 524 1137 570 decrevit,
1162 527 1239 563 Cn.
1258 526 1447 578 Pompeio
1467 528 1634 569 auctore,
1657 534 1695 563 et
1716 526 1798 577 ejus

409 591 606 629 sententiae
635 590 829 642 principe,
862 599 920 634 ut,
951 590 978 627 fi
1007 591 1096 642 quis
1128 590 1346 643 impediflet
1377 592 1548 629 reditum
1578 604 1727 634 meum,
1759 591 1801 627 in

407 656 580 695 hostium
602 669 767 693 numero
789 664 1015 707 putaretur3
1040 655 1163 708 iisque
1180 656 1307 693 verbis
1328 670 1370 693 ea
1387 656 1432 694 de
1449 670 1511 694 me
1533 656 1683 693 senatus
1705 669 1798 693 auc-

408 723 544 760 toritas
565 721 755 759 declarata
774 722 827 759 est
843 751 853 766 ,
886 731 929 759 ut
957 722 1107 759 nemini
1128 722 1173 760 fit
1194 721 1422 774 triumphus
1443 722 1770 760 honorificentius
1785 750 1797 766 ,

408 803 529 841 quam
549 787 650 826 mihi
673 788 770 825 salus
793 788 1065 841 restitutioque
1086 788 1311 840 perscripta.
1345 789 1407 826 De
1427 802 1491 826 me
1506 818 1517 833 ,
1549 801 1643 826 cum
1663 800 1799 825 omnes

409 853 654 906 magistratus
675 854 997 906 promulgassent,
1028 863 1166 906 praeter
1186 867 1311 891 unum
1332 862 1554 906 praetorem,
1580 867 1601 891 a
1620 866 1700 905 quo
1720 865 1800 890 non

408 918 487 957 fuit
507 919 799 971 postulandum,
831 918 992 957 fratrem
1013 919 1168 956 inimici
1189 919 1282 964 mei,
1314 928 1529 971 praeterque
1556 918 1653 956 duos
1675 917 1721 955 de
1740 917 1800 955 la-

408 985 500 1039 pide
519 994 674 1037 emptos
698 985 877 1023 tribunos
899 985 1041 1038 plebis,
1059 985 1187 1037 legem
1204 986 1378 1023 comitiis
1395 985 1623 1023 centuriatis
1642 984 1736 1022 tulit
1752 984 1797 1022 P.

409 1051 604 1090 Lentulus
621 1051 757 1089 consul
778 1051 825 1088 de
841 1051 1000 1103 collegae
1021 1051 1253 1102 QMetelli
1273 1051 1480 1089 sententia:
1504 1064 1624 1103 quem
1641 1063 1799 1088 mecum

408 1118 543 1156 eadem
564 1117 796 1170 respublica,
819 1131 904 1170 quae
924 1118 965 1155 in
988 1117 1190 1155 tribunatu
1212 1119 1293 1170 ejus
1315 1117 1570 1169 disjunxerat,
1593 1117 1633 1154 in
1654 1115 1798 1154 consu-

408 1184 506 1228 latu,
537 1184 681 1222 virtute
702 1183 846 1235 optimi
867 1197 909 1220 ac
924 1183 1123 1235 justiffimi
1143 1184 1231 1228 viri,
1262 1183 1541 1235 sapientiaque,
1572 1182 1796 1234 conjunxit.

465 1249 565 1300 Qae
592 1248 655 1286 lex
683 1248 1020 1301 quemadmodum
1047 1257 1205 1300 accepta
1225 1248 1270 1286 fit
1284 1277 1295 1293 ,
1327 1248 1424 1300 quid
1444 1261 1508 1286 rne
1527 1248 1668 1285 attinet
1688 1247 1797 1286 dice-

408 1327 447 1352 re
467 1315 479 1352 ?
512 1315 574 1351 Ex
594 1314 705 1352 vobis
727 1314 856 1359 audio,
880 1314 1030 1352 nemini
1051 1314 1129 1351 civi
1149 1314 1286 1359 ullam,
1310 1327 1389 1365 quo
1410 1314 1542 1351 minus
1563 1312 1717 1357 adeffet,
1739 1312 1797 1350 sa-

408 1380 459 1417 tis
485 1379 631 1431 justam
659 1380 949 1417 excusationem
979 1379 1050 1417 effe
1084 1378 1232 1424 visam,
1268 1379 1388 1417 nullis
1416 1379 1590 1417 comitiis
1621 1392 1798 1430 unquam

407 1445 711 1495 multitudinem
730 1445 942 1483 hominum
965 1454 1127 1490 tantam,
1160 1459 1285 1497 neque
1306 1444 1624 1496 splendidiorem,
1656 1443 1768 1482 fuiffe
1786 1460 1796 1482 ε

399 1510 475 1549 hoc
496 1520 600 1549 certe
620 1511 747 1556 video,
780 1511 887 1563 quod
913 1511 1090 1549 indicant
1118 1511 1259 1548 tabulae
1280 1511 1464 1562 publicae,
1495 1524 1562 1548 vos
1585 1520 1796 1561 rogatores,

406 1589 474 1614 vos
496 1576 764 1614 distributores
780 1605 790 1621 ,
823 1590 890 1614 vos
911 1576 1086 1614 custodes
1108 1575 1219 1613 fuiffe
1241 1575 1491 1620 tabularum;
1523 1584 1561 1612 et
1575 1604 1586 1620 ,
1617 1575 1724 1626 quod
1755 1575 1796 1612 in

407 1641 625 1680 honoribus
647 1641 861 1679 vestrorum
881 1642 1199 1694 propinquorum
1219 1654 1297 1679 non
1319 1640 1464 1685 facitis,
1496 1640 1557 1678 vel
1585 1640 1706 1678 aetatis
1727 1653 1797 1678 ex-

407 1707 619 1752 cusatione,
651 1707 711 1744 vel
743 1706 921 1752 honoris,
952 1706 993 1745 id
1023 1707 1064 1745 in
1097 1706 1218 1745 salute
1249 1720 1348 1751 mea,
1380 1706 1492 1744 nullo
1524 1714 1698 1758 rogante,
1730 1719 1797 1743 vos

407 1773 526 1810 vestra
546 1773 683 1824 sponte
703 1772 862 1811 fecistis.

461 1838 576 1882 XVI.
601 1837 750 1875 Confer
770 1851 891 1882 nunc,
915 1837 1087 1889 Epicure
1108 1836 1247 1881 noster,
1266 1850 1312 1874 ex
1329 1836 1419 1874 hara
1435 1836 1636 1888 produCte,
1654 1849 1732 1874 non
1750 1849 1797 1873 ex

408 1903 552 1947 schola,
584 1901 733 1947 confer,
766 1903 792 1940 fi
813 1902 943 1947 audes,
966 1901 1179 1952 absentiam
1201 1909 1308 1939 tuam
1330 1915 1422 1938 cum
1444 1914 1542 1938 mea.
1577 1900 1798 1938 Obtinuisti

408 1969 651 2022 provinciam
679 1967 922 2006 consularem
954 1967 1099 2006 finibus
1133 1968 1195 2012 iis,
1227 1980 1325 2019 quos
1358 1967 1420 2005 lex
1448 1966 1675 2019 cupiditatis
1705 1975 1795 2011 tuae,

407 2049 485 2074 non
508 2047 606 2086 quos
628 2033 691 2071 lex
713 2035 844 2085 generi
868 2034 940 2078 tui,
973 2034 1186 2085 pepigerat.
1221 2033 1327 2071 Nam
1353 2033 1437 2085 lege
1461 2032 1617 2071 Caesaris
1633 2031 1795 2084 justiffi-

408 2115 483 2145 ma,
506 2110 621 2151 atque
642 2100 806 2151 optima,
829 2099 966 2151 populi
988 2099 1102 2137 liberi
1122 2098 1236 2152 plane
1252 2108 1290 2137 et
1312 2112 1398 2136 vere
1418 2108 1525 2136 erant
1546 2098 1685 2136 liberi:
1710 2099 1795 2150 lege

406 2176 536 2204 autem
569 2178 624 2209 ea,
657 2178 776 2216 quam
809 2178 926 2202 nemo
959 2164 1102 2216 legem,
1134 2173 1271 2216 praeter
1304 2173 1340 2201 te
1372 2173 1410 2201 et
1442 2163 1635 2215 collegam
1664 2172 1793 2208 tuum,

407 2232 572 2285 putavit,
605 2230 734 2267 omnis
769 2238 848 2266 erat
884 2229 957 2267 tibi
992 2228 1155 2274 Achaia,
1189 2228 1404 2275 Thefl‘alia,
1437 2229 1624 2274 Athenae,
1656 2230 1796 2267 cunita

407 2297 574 2340 Graecia,
593 2295 754 2334 addicta.
780 2295 965 2333 Habebas
987 2296 1206 2333 exercitum
1222 2304 1391 2341 tantum,
1409 2305 1602 2348 quantum
1618 2295 1693 2333 tibi
1714 2308 1795 2333 non

410 2364 556 2402 senatus
578 2371 643 2399 aut
664 2361 834 2413 populus
857 2361 1060 2398 Romanus
1082 2360 1250 2406 dederat,
1284 2360 1346 2399 sed
1367 2371 1561 2415 quantum
1582 2370 1649 2400 tua
1668 2360 1794 2400 libido

404 2427 693 2481 conscripserat.
728 2426 924 2466 AErarium
944 2425 1184 2465 exhauseras.
