<?xml version="1.0" encoding="UTF-8"?>
<!DOCTYPE html PUBLIC "-//W3C//DTD XHTML 1.0 Transitional//EN"
    "http://www.w3.org/TR/xhtml1/DTD/xhtml1-transitional.dtd">
<html xmlns="http://www.w3.org/1999/xhtml" xml:lang="en" lang="en">
 <head>
  <title>
</title>
<meta http-equiv="Content-Type" content="text/html;charset=utf-8" />
  <meta name='ocr-system' content='tesseract 3.04.00' />
  <meta name='ocr-capabilities' content='ocr_page ocr_carea ocr_par ocr_line ocrx_word'/>
</head>
<body>
  <div class='ocr_page' id='page_1' title='image "./operacumindicibu06ciceuoft_0468.png"; bbox 0 0 2076 2860; ppageno 0'>
   <div class='ocr_carea' id='block_1_1' title="bbox 427 193 1466 252">
    <p class='ocr_par' dir='ltr' id='par_1_1' title="bbox 427 193 1466 252">
     <span class='ocr_line' id='line_1_1' title="bbox 427 193 1466 252; baseline -0.009 -11"><span class='ocrx_word' id='word_1_1' title='bbox 427 199 504 252; x_wconf 73' lang='lat'>458</span> <span class='ocrx_word' id='word_1_2' title='bbox 778 196 855 236; x_wconf 81' lang='lat' dir='ltr'>IN</span> <span class='ocrx_word' id='word_1_3' title='bbox 915 194 978 234; x_wconf 84' lang='lat' dir='ltr'>M.</span> <span class='ocrx_word' id='word_1_4' title='bbox 1040 193 1466 234; x_wconf 83' lang='lat' dir='ltr'><strong>ANTONIUM</strong></span> 
     </span>
    </p>
   </div>
   <div class='ocr_carea' id='block_1_2' title="bbox 423 294 1822 419">
    <p class='ocr_par' dir='ltr' id='par_1_2' title="bbox 423 294 1822 419">
     <span class='ocr_line' id='line_1_2' title="bbox 428 294 1822 348; baseline -0.004 -9"><span class='ocrx_word' id='word_1_5' title='bbox 428 299 654 340; x_wconf 78' lang='lat' dir='ltr'><strong>sentiemus.</strong></span> <span class='ocrx_word' id='word_1_6' title='bbox 688 299 785 348; x_wconf 73' lang='lat' dir='ltr'>Qae</span> <span class='ocrx_word' id='word_1_7' title='bbox 808 297 831 333; x_wconf 75' lang='lat' dir='ltr'>fi</span> <span class='ocrx_word' id='word_1_8' title='bbox 856 305 990 333; x_wconf 88' lang='lat' dir='ltr'>tecum</span> <span class='ocrx_word' id='word_1_9' title='bbox 1012 294 1091 348; x_wconf 85' lang='lat' dir='ltr'>ipse</span> <span class='ocrx_word' id='word_1_10' title='bbox 1113 295 1277 341; x_wconf 84' lang='lat' dir='ltr'>recolis;</span> <span class='ocrx_word' id='word_1_11' title='bbox 1311 296 1481 348; x_wconf 78' lang='lat' dir='ltr'>aequiore</span> <span class='ocrx_word' id='word_1_12' title='bbox 1501 295 1649 342; x_wconf 81' lang='lat' dir='ltr'>animo,</span> <span class='ocrx_word' id='word_1_13' title='bbox 1679 305 1718 334; x_wconf 89' lang='lat' dir='ltr'>et</span> <span class='ocrx_word' id='word_1_14' title='bbox 1738 309 1822 334; x_wconf 84' lang='lat' dir='ltr'>ma-</span> 
     </span>
     <span class='ocr_line' id='line_1_3' title="bbox 423 362 1023 419; baseline -0.007 -14"><span class='ocrx_word' id='word_1_15' title='bbox 423 369 510 419; x_wconf 88' lang='lat' dir='ltr'>jore</span> <span class='ocrx_word' id='word_1_16' title='bbox 529 364 808 407; x_wconf 79' lang='lat' dir='ltr'>consolatione,</span> <span class='ocrx_word' id='word_1_17' title='bbox 843 362 1023 401; x_wconf 84' lang='lat' dir='ltr'>moriere.</span> 
     </span>
    </p>
   </div>
   <div class='ocr_carea' id='block_1_3' title="bbox 424 426 1841 1740">
    <p class='ocr_par' dir='ltr' id='par_1_3' title="bbox 424 426 1837 1274">
     <span class='ocr_line' id='line_1_4' title="bbox 483 426 1829 483; baseline -0.003 -14"><span class='ocrx_word' id='word_1_18' title='bbox 483 430 801 483; x_wconf 77' lang='lat' dir='ltr'>Deniqueficmma</span> <span class='ocrx_word' id='word_1_19' title='bbox 817 427 953 478; x_wconf 80' lang='lat' dir='ltr'>judicii</span> <span class='ocrx_word' id='word_1_20' title='bbox 968 427 1036 465; x_wconf 87' lang='lat' dir='ltr'>mei</span> <span class='ocrx_word' id='word_1_21' title='bbox 1038 428 1185 480; x_wconf 66' lang='lat' dir='ltr'>spec‘Jat</span> <span class='ocrx_word' id='word_1_22' title='bbox 1204 427 1287 471; x_wconf 83' lang='lat' dir='ltr'>huc,</span> <span class='ocrx_word' id='word_1_23' title='bbox 1318 436 1361 465; x_wconf 86' lang='lat' dir='ltr'>ut</span> <span class='ocrx_word' id='word_1_24' title='bbox 1387 440 1539 464; x_wconf 82' lang='lat' dir='ltr'>meorum</span> <span class='ocrx_word' id='word_1_25' title='bbox 1559 427 1712 479; x_wconf 76' lang='lat' dir='ltr'>injurias</span> <span class='ocrx_word' id='word_1_26' title='bbox 1716 426 1829 479; x_wconf 75' lang='lat' dir='ltr'>fl&#39;rre</span> 
     </span>
     <span class='ocr_line' id='line_1_5' title="bbox 424 492 1830 551; baseline -0.003 -16"><span class='ocrx_word' id='word_1_27' title='bbox 424 497 566 551; x_wconf 64' lang='lat' dir='ltr'>pqfflm,</span> <span class='ocrx_word' id='word_1_28' title='bbox 583 497 625 549; x_wconf 77' lang='lat' dir='ltr'><em>st</em></span> <span class='ocrx_word' id='word_1_29' title='bbox 655 504 721 533; x_wconf 78' lang='lat' dir='ltr'>aut</span> <span class='ocrx_word' id='word_1_30' title='bbox 756 494 916 547; x_wconf 62' lang='lat' dir='ltr'>oblivg&#39;fii</span> <span class='ocrx_word' id='word_1_31' title='bbox 946 493 1062 532; x_wconf 74' lang='lat' dir='ltr'>velint</span> <span class='ocrx_word' id='word_1_32' title='bbox 1096 493 1163 546; x_wconf 83' lang='lat' dir='ltr'>ipst</span> <span class='ocrx_word' id='word_1_33' title='bbox 1179 492 1302 546; x_wconf 64' lang='lat' dir='ltr'>secgffi’</span> <span class='ocrx_word' id='word_1_34' title='bbox 1316 521 1327 537; x_wconf 91' lang='lat'>,</span> <span class='ocrx_word' id='word_1_35' title='bbox 1357 501 1425 530; x_wconf 81' lang='lat' dir='ltr'>aut</span> <span class='ocrx_word' id='word_1_36' title='bbox 1459 493 1580 544; x_wconf 67' lang='lat' dir='ltr'>ulcgsci</span> <span class='ocrx_word' id='word_1_37' title='bbox 1601 493 1737 546; x_wconf 78' lang='lat' dir='ltr'>parati</span> <span class='ocrx_word' id='word_1_38' title='bbox 1749 494 1830 547; x_wconf 80' lang='lat' dir='ltr'>stnt</span> 
     </span>
     <span class='ocr_line' id='line_1_6' title="bbox 430 558 1828 614; baseline -0.002 -14"><span class='ocrx_word' id='word_1_39' title='bbox 430 578 503 601; x_wconf 75' lang='lat' dir='ltr'>una</span> <span class='ocrx_word' id='word_1_40' title='bbox 522 562 694 614; x_wconf 68' lang='lat' dir='ltr'>nobffcum</span> <span class='ocrx_word' id='word_1_41' title='bbox 721 561 876 614; x_wconf 59' lang='lat' dir='ltr'>Caffhris</span> <span class='ocrx_word' id='word_1_42' title='bbox 902 568 1064 598; x_wconf 82' lang='lat' dir='ltr'>mortem.</span> <span class='ocrx_word' id='word_1_43' title='bbox 1108 559 1197 597; x_wconf 90' lang='lat' dir='ltr'>Hac</span> <span class='ocrx_word' id='word_1_44' title='bbox 1231 558 1401 597; x_wconf 85' lang='lat' dir='ltr'>Antonii</span> <span class='ocrx_word' id='word_1_45' title='bbox 1434 558 1624 597; x_wconf 88' lang='lat' dir='ltr'>sententia</span> <span class='ocrx_word' id='word_1_46' title='bbox 1655 560 1828 611; x_wconf 82' lang='lat' dir='ltr'>cognita,</span> 
     </span>
     <span class='ocr_line' id='line_1_7' title="bbox 432 623 1829 677; baseline -0.004 -11"><span class='ocrx_word' id='word_1_47' title='bbox 432 626 730 666; x_wconf 84' lang='lat' dir='ltr'>dubitaturosne</span> <span class='ocrx_word' id='word_1_48' title='bbox 765 627 817 663; x_wconf 88' lang='lat' dir='ltr'>A.</span> <span class='ocrx_word' id='word_1_49' title='bbox 853 625 1064 669; x_wconf 86' lang='lat' dir='ltr'>Hirtium,</span> <span class='ocrx_word' id='word_1_50' title='bbox 1097 626 1156 670; x_wconf 31' lang='lat' dir='ltr'>C..</span> <span class='ocrx_word' id='word_1_51' title='bbox 1184 623 1371 669; x_wconf 84' lang='lat' dir='ltr'>Pansam,</span> <span class='ocrx_word' id='word_1_52' title='bbox 1408 623 1616 670; x_wconf 84' lang='lat' dir='ltr'>consules,</span> <span class='ocrx_word' id='word_1_53' title='bbox 1653 624 1829 677; x_wconf 85' lang='lat' dir='ltr'>putatis,</span> 
     </span>
     <span class='ocr_line' id='line_1_8' title="bbox 432 690 1831 747; baseline -0.003 -15"><span class='ocrx_word' id='word_1_54' title='bbox 432 695 530 747; x_wconf 89' lang='lat' dir='ltr'>quin</span> <span class='ocrx_word' id='word_1_55' title='bbox 563 693 610 730; x_wconf 87' lang='lat' dir='ltr'>ad</span> <span class='ocrx_word' id='word_1_56' title='bbox 643 692 868 730; x_wconf 87' lang='lat' dir='ltr'>Antonium</span> <span class='ocrx_word' id='word_1_57' title='bbox 901 691 1126 729; x_wconf 80' lang='lat' dir='ltr'>transeant?</span> <span class='ocrx_word' id='word_1_58' title='bbox 1158 692 1329 729; x_wconf 85' lang='lat' dir='ltr'><strong>Brutum</strong></span> <span class='ocrx_word' id='word_1_59' title='bbox 1361 690 1591 728; x_wconf 87' lang='lat' dir='ltr'>obsideant?</span> <span class='ocrx_word' id='word_1_60' title='bbox 1624 690 1831 728; x_wconf 85' lang='lat' dir='ltr'>Mutinam</span> 
     </span>
     <span class='ocr_line' id='line_1_9' title="bbox 434 756 1830 813; baseline -0.003 -15"><span class='ocrx_word' id='word_1_61' title='bbox 434 773 658 813; x_wconf 81' lang='lat' dir='ltr'>expugnare</span> <span class='ocrx_word' id='word_1_62' title='bbox 678 759 840 811; x_wconf 85' lang='lat' dir='ltr'>cupiant</span> <span class='ocrx_word' id='word_1_63' title='bbox 860 759 873 794; x_wconf 93' lang='lat'>?</span> <span class='ocrx_word' id='word_1_64' title='bbox 906 757 1016 809; x_wconf 85' lang='lat' dir='ltr'>Qid</span> <span class='ocrx_word' id='word_1_65' title='bbox 1038 757 1084 795; x_wconf 93' lang='lat' dir='ltr'>de</span> <span class='ocrx_word' id='word_1_66' title='bbox 1107 757 1227 795; x_wconf 84' lang='lat' dir='ltr'>Pansa</span> <span class='ocrx_word' id='word_1_67' title='bbox 1255 766 1294 796; x_wconf 90' lang='lat' dir='ltr'>et</span> <span class='ocrx_word' id='word_1_68' title='bbox 1324 757 1463 795; x_wconf 89' lang='lat' dir='ltr'>Hirtio</span> <span class='ocrx_word' id='word_1_69' title='bbox 1488 756 1656 809; x_wconf 82' lang='lat' dir='ltr'>loquar?</span> <span class='ocrx_word' id='word_1_70' title='bbox 1691 756 1830 802; x_wconf 84' lang='lat' dir='ltr'>Caesar,</span> 
     </span>
     <span class='ocr_line' id='line_1_10' title="bbox 435 823 1833 879; baseline -0.002 -15"><span class='ocrx_word' id='word_1_71' title='bbox 435 826 620 879; x_wconf 81' lang='lat' dir='ltr'>singulari</span> <span class='ocrx_word' id='word_1_72' title='bbox 640 826 784 878; x_wconf 86' lang='lat' dir='ltr'>pietate</span> <span class='ocrx_word' id='word_1_73' title='bbox 805 824 1041 870; x_wconf 83' lang='lat' dir='ltr'>adolescens,</span> <span class='ocrx_word' id='word_1_74' title='bbox 1070 825 1265 877; x_wconf 87' lang='lat' dir='ltr'>poteritne</span> <span class='ocrx_word' id='word_1_75' title='bbox 1286 824 1322 862; x_wconf 89' lang='lat' dir='ltr'>se</span> <span class='ocrx_word' id='word_1_76' title='bbox 1344 832 1488 868; x_wconf 89' lang='lat' dir='ltr'>tenere,</span> <span class='ocrx_word' id='word_1_77' title='bbox 1520 825 1618 876; x_wconf 89' lang='lat' dir='ltr'>quin</span> <span class='ocrx_word' id='word_1_78' title='bbox 1640 824 1695 862; x_wconf 87' lang='lat' dir='ltr'>D.</span> <span class='ocrx_word' id='word_1_79' title='bbox 1719 823 1833 861; x_wconf 89' lang='lat' dir='ltr'>Bruti</span> 
     </span>
     <span class='ocr_line' id='line_1_11' title="bbox 436 888 1832 945; baseline -0.003 -14"><span class='ocrx_word' id='word_1_80' title='bbox 436 893 623 945; x_wconf 86' lang='lat' dir='ltr'>sanguine</span> <span class='ocrx_word' id='word_1_81' title='bbox 652 905 785 944; x_wconf 82' lang='lat' dir='ltr'>peenas</span> <span class='ocrx_word' id='word_1_82' title='bbox 815 891 957 944; x_wconf 85' lang='lat' dir='ltr'>patrias</span> <span class='ocrx_word' id='word_1_83' title='bbox 983 890 1266 944; x_wconf 84' lang='lat' dir='ltr'>persequatur?</span> <span class='ocrx_word' id='word_1_84' title='bbox 1299 891 1436 943; x_wconf 88' lang='lat' dir='ltr'>Itaque</span> <span class='ocrx_word' id='word_1_85' title='bbox 1457 888 1652 935; x_wconf 84' lang='lat' dir='ltr'>fecerunt,</span> <span class='ocrx_word' id='word_1_86' title='bbox 1684 889 1743 928; x_wconf 86' lang='lat' dir='ltr'>uti</span> <span class='ocrx_word' id='word_1_87' title='bbox 1769 888 1832 927; x_wconf 84' lang='lat' dir='ltr'>his</span> 
     </span>
     <span class='ocr_line' id='line_1_12' title="bbox 437 956 1834 1011; baseline -0.002 -14"><span class='ocrx_word' id='word_1_88' title='bbox 437 960 562 998; x_wconf 89' lang='lat' dir='ltr'>literis</span> <span class='ocrx_word' id='word_1_89' title='bbox 595 959 704 997; x_wconf 68' lang='lat' dir='ltr'>lectis</span> <span class='ocrx_word' id='word_1_90' title='bbox 740 958 787 996; x_wconf 93' lang='lat' dir='ltr'>ad</span> <span class='ocrx_word' id='word_1_91' title='bbox 822 958 1066 996; x_wconf 83' lang='lat' dir='ltr'>munitiones</span> <span class='ocrx_word' id='word_1_92' title='bbox 1101 958 1264 1011; x_wconf 90' lang='lat' dir='ltr'>propius</span> <span class='ocrx_word' id='word_1_93' title='bbox 1298 957 1541 996; x_wconf 85' lang='lat' dir='ltr'>accederent.</span> <span class='ocrx_word' id='word_1_94' title='bbox 1584 958 1678 1008; x_wconf 86' lang='lat' dir='ltr'>Qo</span> <span class='ocrx_word' id='word_1_95' title='bbox 1710 956 1834 1008; x_wconf 88' lang='lat' dir='ltr'>major</span> 
     </span>
     <span class='ocr_line' id='line_1_13' title="bbox 437 1022 1835 1078; baseline -0.002 -15"><span class='ocrx_word' id='word_1_96' title='bbox 437 1024 659 1064; x_wconf 82' lang='lat' dir='ltr'>adolescens</span> <span class='ocrx_word' id='word_1_97' title='bbox 683 1024 821 1070; x_wconf 88' lang='lat' dir='ltr'>Caesar,</span> <span class='ocrx_word' id='word_1_98' title='bbox 853 1025 1080 1078; x_wconf 88' lang='lat' dir='ltr'>majoreque</span> <span class='ocrx_word' id='word_1_99' title='bbox 1110 1025 1291 1063; x_wconf 89' lang='lat' dir='ltr'>Deorum</span> <span class='ocrx_word' id='word_1_100' title='bbox 1320 1023 1611 1062; x_wconf 88' lang='lat' dir='ltr'>immortalium</span> <span class='ocrx_word' id='word_1_101' title='bbox 1641 1022 1835 1060; x_wconf 89' lang='lat' dir='ltr'>beneficio</span> 
     </span>
     <span class='ocr_line' id='line_1_14' title="bbox 438 1087 1834 1144; baseline -0.004 -15"><span class='ocrx_word' id='word_1_102' title='bbox 438 1090 666 1144; x_wconf 84' lang='lat' dir='ltr'>reipublicae</span> <span class='ocrx_word' id='word_1_103' title='bbox 697 1100 811 1128; x_wconf 90' lang='lat' dir='ltr'>natus</span> <span class='ocrx_word' id='word_1_104' title='bbox 846 1089 913 1135; x_wconf 89' lang='lat' dir='ltr'>est,</span> <span class='ocrx_word' id='word_1_105' title='bbox 945 1090 1017 1142; x_wconf 83' lang='lat' dir='ltr'>qui</span> <span class='ocrx_word' id='word_1_106' title='bbox 1050 1089 1161 1127; x_wconf 88' lang='lat' dir='ltr'>nulla</span> <span class='ocrx_word' id='word_1_107' title='bbox 1193 1088 1322 1141; x_wconf 90' lang='lat' dir='ltr'>specie</span> <span class='ocrx_word' id='word_1_108' title='bbox 1355 1088 1507 1140; x_wconf 89' lang='lat' dir='ltr'>paterni</span> <span class='ocrx_word' id='word_1_109' title='bbox 1541 1087 1732 1132; x_wconf 82' lang='lat' dir='ltr'>nominis,</span> <span class='ocrx_word' id='word_1_110' title='bbox 1763 1099 1834 1125; x_wconf 77' lang='lat' dir='ltr'>nec</span> 
     </span>
     <span class='ocr_line' id='line_1_15' title="bbox 437 1154 1837 1210; baseline -0.001 -15"><span class='ocrx_word' id='word_1_111' title='bbox 437 1158 599 1210; x_wconf 88' lang='lat' dir='ltr'>pietate,</span> <span class='ocrx_word' id='word_1_112' title='bbox 630 1156 820 1195; x_wconf 64' lang='lat' dir='ltr'>abductus</span> <span class='ocrx_word' id='word_1_113' title='bbox 848 1169 1025 1208; x_wconf 88' lang='lat' dir='ltr'>unquam</span> <span class='ocrx_word' id='word_1_114' title='bbox 1045 1155 1114 1194; x_wconf 90' lang='lat' dir='ltr'>est.</span> <span class='ocrx_word' id='word_1_115' title='bbox 1159 1154 1371 1208; x_wconf 85' lang='lat' dir='ltr'>Intelligit,</span> <span class='ocrx_word' id='word_1_116' title='bbox 1402 1154 1618 1193; x_wconf 83' lang='lat' dir='ltr'>maximam</span> <span class='ocrx_word' id='word_1_117' title='bbox 1648 1154 1837 1207; x_wconf 85' lang='lat' dir='ltr'>pietatem</span> 
     </span>
     <span class='ocr_line' id='line_1_16' title="bbox 439 1221 1115 1274; baseline 0 -14"><span class='ocrx_word' id='word_1_118' title='bbox 439 1222 732 1260; x_wconf 87' lang='lat' dir='ltr'>conservatione</span> <span class='ocrx_word' id='word_1_119' title='bbox 751 1221 884 1274; x_wconf 85' lang='lat' dir='ltr'>patriae</span> <span class='ocrx_word' id='word_1_120' title='bbox 905 1221 1115 1260; x_wconf 88' lang='lat' dir='ltr'>contineri.</span> 
     </span>
    </p>

    <p class='ocr_par' dir='ltr' id='par_1_4' title="bbox 436 1284 1841 1740">
     <span class='ocr_line' id='line_1_17' title="bbox 497 1284 1836 1341; baseline -0.001 -15"><span class='ocrx_word' id='word_1_121' title='bbox 497 1288 618 1340; x_wconf 85' lang='lat' dir='ltr'>Qod</span> <span class='ocrx_word' id='word_1_122' title='bbox 652 1288 679 1327; x_wconf 88' lang='lat' dir='ltr'><strong>fi</strong></span> <span class='ocrx_word' id='word_1_123' title='bbox 712 1287 886 1341; x_wconf 88' lang='lat' dir='ltr'>partium</span> <span class='ocrx_word' id='word_1_124' title='bbox 920 1296 1117 1325; x_wconf 87' lang='lat' dir='ltr'>certamen</span> <span class='ocrx_word' id='word_1_125' title='bbox 1152 1285 1257 1331; x_wconf 71' lang='lat' dir='ltr'>esset,</span> <span class='ocrx_word' id='word_1_126' title='bbox 1289 1298 1459 1338; x_wconf 88' lang='lat' dir='ltr'>quarum</span> <span class='ocrx_word' id='word_1_127' title='bbox 1491 1284 1658 1324; x_wconf 91' lang='lat' dir='ltr'>omnino</span> <span class='ocrx_word' id='word_1_128' title='bbox 1690 1298 1836 1324; x_wconf 89' lang='lat' dir='ltr'>nomen</span> 
     </span>
     <span class='ocr_line' id='line_1_18' title="bbox 440 1350 1837 1406; baseline -0.001 -13"><span class='ocrx_word' id='word_1_129' title='bbox 440 1355 663 1393; x_wconf 66' lang='lat' dir='ltr'>extinctum</span> <span class='ocrx_word' id='word_1_130' title='bbox 683 1354 750 1400; x_wconf 88' lang='lat' dir='ltr'>est,</span> <span class='ocrx_word' id='word_1_131' title='bbox 782 1350 1032 1392; x_wconf 84' lang='lat' dir='ltr'>Antoniusne</span> <span class='ocrx_word' id='word_1_132' title='bbox 1062 1352 1195 1406; x_wconf 89' lang='lat' dir='ltr'>potius</span> <span class='ocrx_word' id='word_1_133' title='bbox 1225 1361 1264 1390; x_wconf 91' lang='lat' dir='ltr'>et</span> <span class='ocrx_word' id='word_1_134' title='bbox 1284 1351 1497 1390; x_wconf 84' lang='lat' dir='ltr'>Ventidius</span> <span class='ocrx_word' id='word_1_135' title='bbox 1527 1361 1655 1405; x_wconf 86' lang='lat' dir='ltr'>partes</span> <span class='ocrx_word' id='word_1_136' title='bbox 1679 1352 1837 1392; x_wconf 86' lang='lat' dir='ltr'>Caesaris</span> 
     </span>
     <span class='ocr_line' id='line_1_19' title="bbox 440 1417 1841 1473; baseline -0.001 -14"><span class='ocrx_word' id='word_1_137' title='bbox 440 1420 711 1466; x_wconf 84' lang='lat' dir='ltr'>defenderent,</span> <span class='ocrx_word' id='word_1_138' title='bbox 742 1433 862 1472; x_wconf 87' lang='lat' dir='ltr'>quam</span> <span class='ocrx_word' id='word_1_139' title='bbox 890 1420 1069 1473; x_wconf 88' lang='lat' dir='ltr'>primum</span> <span class='ocrx_word' id='word_1_140' title='bbox 1099 1418 1240 1464; x_wconf 86' lang='lat' dir='ltr'>Caesar,</span> <span class='ocrx_word' id='word_1_141' title='bbox 1269 1417 1492 1456; x_wconf 85' lang='lat' dir='ltr'>adolescens</span> <span class='ocrx_word' id='word_1_142' title='bbox 1523 1418 1677 1457; x_wconf 91' lang='lat' dir='ltr'>summa</span> <span class='ocrx_word' id='word_1_143' title='bbox 1695 1419 1841 1472; x_wconf 85' lang='lat' dir='ltr'>pietate</span> 
     </span>
     <span class='ocr_line' id='line_1_20' title="bbox 440 1484 1837 1539; baseline -0.002 -14"><span class='ocrx_word' id='word_1_144' title='bbox 440 1497 480 1525; x_wconf 86' lang='lat' dir='ltr'>ct</span> <span class='ocrx_word' id='word_1_145' title='bbox 501 1487 693 1525; x_wconf 86' lang='lat' dir='ltr'>memoria</span> <span class='ocrx_word' id='word_1_146' title='bbox 711 1487 883 1539; x_wconf 88' lang='lat' dir='ltr'>parentis</span> <span class='ocrx_word' id='word_1_147' title='bbox 904 1486 962 1524; x_wconf 92' lang='lat' dir='ltr'>sui</span> <span class='ocrx_word' id='word_1_148' title='bbox 982 1487 995 1524; x_wconf 88' lang='lat'>?</span> <span class='ocrx_word' id='word_1_149' title='bbox 1028 1485 1185 1524; x_wconf 90' lang='lat' dir='ltr'>Deinde</span> <span class='ocrx_word' id='word_1_150' title='bbox 1215 1484 1336 1523; x_wconf 89' lang='lat' dir='ltr'>Pansa</span> <span class='ocrx_word' id='word_1_151' title='bbox 1364 1494 1403 1523; x_wconf 92' lang='lat' dir='ltr'>et</span> <span class='ocrx_word' id='word_1_152' title='bbox 1432 1485 1609 1531; x_wconf 85' lang='lat' dir='ltr'>Hirtius,</span> <span class='ocrx_word' id='word_1_153' title='bbox 1641 1485 1711 1538; x_wconf 89' lang='lat' dir='ltr'>qui</span> <span class='ocrx_word' id='word_1_154' title='bbox 1732 1484 1837 1538; x_wconf 89' lang='lat' dir='ltr'>quafi</span> 
     </span>
     <span class='ocr_line' id='line_1_21' title="bbox 441 1551 1837 1605; baseline -0.001 -13"><span class='ocrx_word' id='word_1_155' title='bbox 441 1567 590 1592; x_wconf 84' lang='lat' dir='ltr'>cornua</span> <span class='ocrx_word' id='word_1_156' title='bbox 610 1553 688 1592; x_wconf 90' lang='lat' dir='ltr'>duo</span> <span class='ocrx_word' id='word_1_157' title='bbox 710 1562 922 1592; x_wconf 89' lang='lat' dir='ltr'>tenuerunt</span> <span class='ocrx_word' id='word_1_158' title='bbox 944 1552 1118 1597; x_wconf 81' lang='lat' dir='ltr'>Caesaris,</span> <span class='ocrx_word' id='word_1_159' title='bbox 1151 1561 1253 1598; x_wconf 92' lang='lat' dir='ltr'>tum,</span> <span class='ocrx_word' id='word_1_160' title='bbox 1285 1565 1379 1590; x_wconf 90' lang='lat' dir='ltr'>cum</span> <span class='ocrx_word' id='word_1_161' title='bbox 1410 1551 1488 1590; x_wconf 83' lang='lat' dir='ltr'>illae</span> <span class='ocrx_word' id='word_1_162' title='bbox 1509 1565 1596 1590; x_wconf 90' lang='lat' dir='ltr'>vere</span> <span class='ocrx_word' id='word_1_163' title='bbox 1617 1560 1744 1605; x_wconf 88' lang='lat' dir='ltr'>partes</span> <span class='ocrx_word' id='word_1_164' title='bbox 1766 1565 1837 1590; x_wconf 92' lang='lat' dir='ltr'>vo-</span> 
     </span>
     <span class='ocr_line' id='line_1_22' title="bbox 441 1618 1839 1673; baseline -0.001 -15"><span class='ocrx_word' id='word_1_165' title='bbox 441 1621 630 1658; x_wconf 78' lang='lat' dir='ltr'>cabantur</span> <span class='ocrx_word' id='word_1_166' title='bbox 649 1621 662 1658; x_wconf 90' lang='lat'>?</span> <span class='ocrx_word' id='word_1_167' title='bbox 695 1621 771 1659; x_wconf 81' lang='lat' dir='ltr'>Hae</span> <span class='ocrx_word' id='word_1_168' title='bbox 797 1633 888 1659; x_wconf 87' lang='lat' dir='ltr'>vero</span> <span class='ocrx_word' id='word_1_169' title='bbox 909 1634 995 1673; x_wconf 81' lang='lat' dir='ltr'>quae</span> <span class='ocrx_word' id='word_1_170' title='bbox 1016 1619 1106 1658; x_wconf 89' lang='lat' dir='ltr'>sunt</span> <span class='ocrx_word' id='word_1_171' title='bbox 1126 1627 1268 1672; x_wconf 88' lang='lat' dir='ltr'>partes,</span> <span class='ocrx_word' id='word_1_172' title='bbox 1303 1632 1398 1657; x_wconf 86' lang='lat' dir='ltr'>cum</span> <span class='ocrx_word' id='word_1_173' title='bbox 1419 1618 1548 1656; x_wconf 89' lang='lat' dir='ltr'>alteris</span> <span class='ocrx_word' id='word_1_174' title='bbox 1571 1618 1723 1657; x_wconf 88' lang='lat' dir='ltr'>senatus</span> <span class='ocrx_word' id='word_1_175' title='bbox 1745 1632 1839 1657; x_wconf 87' lang='lat' dir='ltr'>auc-</span> 
     </span>
     <span class='ocr_line' id='line_1_23' title="bbox 436 1683 1838 1740; baseline -0.001 -16"><span class='ocrx_word' id='word_1_176' title='bbox 436 1687 594 1732; x_wconf 74' lang='lat' dir='ltr'>toritas,</span> <span class='ocrx_word' id='word_1_177' title='bbox 616 1686 757 1740; x_wconf 90' lang='lat' dir='ltr'>populi</span> <span class='ocrx_word' id='word_1_178' title='bbox 778 1686 951 1724; x_wconf 88' lang='lat' dir='ltr'>Romani</span> <span class='ocrx_word' id='word_1_179' title='bbox 972 1685 1148 1730; x_wconf 87' lang='lat' dir='ltr'>libertas,</span> <span class='ocrx_word' id='word_1_180' title='bbox 1167 1684 1394 1738; x_wconf 89' lang='lat' dir='ltr'>reipublicae</span> <span class='ocrx_word' id='word_1_181' title='bbox 1416 1684 1530 1730; x_wconf 86' lang='lat' dir='ltr'>salus,</span> <span class='ocrx_word' id='word_1_182' title='bbox 1552 1683 1750 1737; x_wconf 80' lang='lat' dir='ltr'>proposita</span> <span class='ocrx_word' id='word_1_183' title='bbox 1768 1684 1838 1729; x_wconf 83' lang='lat' dir='ltr'>fit;</span> 
     </span>
    </p>
   </div>
   <div class='ocr_carea' id='block_1_4' title="bbox 442 1750 1838 1870">
    <p class='ocr_par' dir='ltr' id='par_1_5' title="bbox 442 1750 1838 1870">
     <span class='ocr_line' id='line_1_24' title="bbox 442 1750 1838 1804; baseline -0.001 -14"><span class='ocrx_word' id='word_1_184' title='bbox 442 1752 573 1790; x_wconf 78' lang='lat' dir='ltr'>alteris</span> <span class='ocrx_word' id='word_1_185' title='bbox 595 1751 716 1790; x_wconf 86' lang='lat' dir='ltr'>caedes</span> <span class='ocrx_word' id='word_1_186' title='bbox 738 1751 950 1796; x_wconf 88' lang='lat' dir='ltr'>bonorum,</span> <span class='ocrx_word' id='word_1_187' title='bbox 969 1750 1078 1790; x_wconf 88' lang='lat' dir='ltr'>urbis</span> <span class='ocrx_word' id='word_1_188' title='bbox 1096 1750 1298 1804; x_wconf 88' lang='lat' dir='ltr'>Italiaeque</span> <span class='ocrx_word' id='word_1_189' title='bbox 1318 1750 1508 1803; x_wconf 85' lang='lat' dir='ltr'>partitio?</span> <span class='ocrx_word' id='word_1_190' title='bbox 1531 1750 1748 1788; x_wconf 85' lang='lat' dir='ltr'>Veniamus</span> <span class='ocrx_word' id='word_1_191' title='bbox 1764 1750 1838 1788; x_wconf 88' lang='lat' dir='ltr'>ali-</span> 
     </span>
     <span class='ocr_line' id='line_1_25' title="bbox 444 1816 920 1870; baseline 0 -15"><span class='ocrx_word' id='word_1_192' title='bbox 444 1817 601 1870; x_wconf 79' lang='lat' dir='ltr'>quando</span> <span class='ocrx_word' id='word_1_193' title='bbox 622 1816 669 1854; x_wconf 83' lang='lat' dir='ltr'>ad</span> <span class='ocrx_word' id='word_1_194' title='bbox 690 1817 920 1855; x_wconf 87' lang='lat' dir='ltr'>clausulam.</span> 
     </span>
    </p>
   </div>
   <div class='ocr_carea' id='block_1_5' title="bbox 439 1874 1841 2265">
    <p class='ocr_par' dir='ltr' id='par_1_6' title="bbox 439 1874 1841 2265">
     <span class='ocr_line' id='line_1_26' title="bbox 500 1874 1839 1934; baseline -0.001 -14"><span class='ocrx_word' id='word_1_195' title='bbox 500 1874 617 1920; x_wconf 87' lang='lat' dir='ltr'>XXI.</span> <span class='ocrx_word' id='word_1_196' title='bbox 649 1882 809 1934; x_wconf 76' lang='lat' dir='ltr'>Legatos</span> <span class='ocrx_word' id='word_1_197' title='bbox 824 1881 947 1920; x_wconf 74' lang='lat' dir='ltr'>venire</span> <span class='ocrx_word' id='word_1_198' title='bbox 964 1896 1033 1920; x_wconf 82' lang='lat' dir='ltr'>non</span> <span class='ocrx_word' id='word_1_199' title='bbox 1048 1881 1163 1920; x_wconf 72' lang='lat' dir='ltr'>credo.</span> <span class='ocrx_word' id='word_1_200' title='bbox 1186 1883 1290 1919; x_wconf 89' lang='lat' dir='ltr'>Bene</span> <span class='ocrx_word' id='word_1_201' title='bbox 1306 1894 1370 1918; x_wconf 90' lang='lat' dir='ltr'>me</span> <span class='ocrx_word' id='word_1_202' title='bbox 1386 1881 1512 1919; x_wconf 87' lang='lat' dir='ltr'>novit.</span> <span class='ocrx_word' id='word_1_203' title='bbox 1534 1881 1674 1919; x_wconf 77' lang='lat' dir='ltr'><em>Bellum</em></span> <span class='ocrx_word' id='word_1_204' title='bbox 1690 1894 1755 1934; x_wconf 85' lang='lat' dir='ltr'>quo</span> <span class='ocrx_word' id='word_1_205' title='bbox 1771 1894 1839 1919; x_wconf 91' lang='lat' dir='ltr'>ve-</span> 
     </span>
     <span class='ocr_line' id='line_1_27' title="bbox 439 1945 1839 2001; baseline -0.001 -15"><span class='ocrx_word' id='word_1_206' title='bbox 439 1948 539 1987; x_wconf 77' lang='lat' dir='ltr'>niat.</span> <span class='ocrx_word' id='word_1_207' title='bbox 563 1947 766 2001; x_wconf 89' lang='lat' dir='ltr'>Propofito</span> <span class='ocrx_word' id='word_1_208' title='bbox 786 1946 1000 2000; x_wconf 84' lang='lat' dir='ltr'>praesertim</span> <span class='ocrx_word' id='word_1_209' title='bbox 1020 1946 1204 1999; x_wconf 84' lang='lat' dir='ltr'>exemplo</span> <span class='ocrx_word' id='word_1_210' title='bbox 1224 1945 1458 1985; x_wconf 84' lang='lat' dir='ltr'>Dolabellae.</span> <span class='ocrx_word' id='word_1_211' title='bbox 1492 1946 1688 1984; x_wconf 65' lang='lat' dir='ltr'>Sanctiore</span> <span class='ocrx_word' id='word_1_212' title='bbox 1708 1955 1839 1992; x_wconf 90' lang='lat' dir='ltr'>erunt,</span> 
     </span>
     <span class='ocr_line' id='line_1_28' title="bbox 445 2010 1838 2066; baseline -0.001 -15"><span class='ocrx_word' id='word_1_213' title='bbox 445 2013 578 2058; x_wconf 88' lang='lat' dir='ltr'>credo,</span> <span class='ocrx_word' id='word_1_214' title='bbox 601 2014 690 2065; x_wconf 84' lang='lat' dir='ltr'>jure</span> <span class='ocrx_word' id='word_1_215' title='bbox 710 2012 843 2065; x_wconf 86' lang='lat' dir='ltr'>legati,</span> <span class='ocrx_word' id='word_1_216' title='bbox 866 2025 986 2066; x_wconf 85' lang='lat' dir='ltr'>quam</span> <span class='ocrx_word' id='word_1_217' title='bbox 1007 2012 1085 2051; x_wconf 93' lang='lat' dir='ltr'>duo</span> <span class='ocrx_word' id='word_1_218' title='bbox 1105 2011 1299 2057; x_wconf 89' lang='lat' dir='ltr'>consules,</span> <span class='ocrx_word' id='word_1_219' title='bbox 1330 2021 1468 2050; x_wconf 89' lang='lat' dir='ltr'>contra</span> <span class='ocrx_word' id='word_1_220' title='bbox 1487 2024 1586 2065; x_wconf 85' lang='lat' dir='ltr'>quos</span> <span class='ocrx_word' id='word_1_221' title='bbox 1607 2025 1714 2050; x_wconf 86' lang='lat' dir='ltr'>arma</span> <span class='ocrx_word' id='word_1_222' title='bbox 1732 2010 1838 2057; x_wconf 81' lang='lat' dir='ltr'>fert3</span> 
     </span>
     <span class='ocr_line' id='line_1_29' title="bbox 444 2077 1838 2132; baseline -0.001 -15"><span class='ocrx_word' id='word_1_223' title='bbox 444 2093 564 2132; x_wconf 89' lang='lat' dir='ltr'>quam</span> <span class='ocrx_word' id='word_1_224' title='bbox 586 2078 725 2124; x_wconf 86' lang='lat' dir='ltr'>Caesar,</span> <span class='ocrx_word' id='word_1_225' title='bbox 756 2080 869 2132; x_wconf 84' lang='lat' dir='ltr'>cujus</span> <span class='ocrx_word' id='word_1_226' title='bbox 890 2079 1009 2131; x_wconf 88' lang='lat' dir='ltr'>patris</span> <span class='ocrx_word' id='word_1_227' title='bbox 1032 2079 1173 2117; x_wconf 84' lang='lat' dir='ltr'>flamen</span> <span class='ocrx_word' id='word_1_228' title='bbox 1194 2078 1272 2124; x_wconf 75' lang='lat' dir='ltr'>est3</span> <span class='ocrx_word' id='word_1_229' title='bbox 1305 2091 1425 2131; x_wconf 80' lang='lat' dir='ltr'>quam</span> <span class='ocrx_word' id='word_1_230' title='bbox 1445 2077 1581 2117; x_wconf 88' lang='lat' dir='ltr'>consul</span> <span class='ocrx_word' id='word_1_231' title='bbox 1602 2077 1838 2130; x_wconf 83' lang='lat' dir='ltr'>designatus,</span> 
     </span>
     <span class='ocr_line' id='line_1_30' title="bbox 447 2144 1841 2199; baseline -0.001 -15"><span class='ocrx_word' id='word_1_232' title='bbox 447 2159 568 2199; x_wconf 86' lang='lat' dir='ltr'>quem</span> <span class='ocrx_word' id='word_1_233' title='bbox 589 2154 793 2198; x_wconf 86' lang='lat' dir='ltr'>oppugnat</span> <span class='ocrx_word' id='word_1_234' title='bbox 808 2164 821 2191; x_wconf 72' lang='lat'>5</span> <span class='ocrx_word' id='word_1_235' title='bbox 853 2159 971 2198; x_wconf 84' lang='lat' dir='ltr'>quam</span> <span class='ocrx_word' id='word_1_236' title='bbox 994 2146 1171 2192; x_wconf 88' lang='lat' dir='ltr'>Mutina,</span> <span class='ocrx_word' id='word_1_237' title='bbox 1202 2159 1322 2199; x_wconf 89' lang='lat' dir='ltr'>quam</span> <span class='ocrx_word' id='word_1_238' title='bbox 1343 2144 1492 2184; x_wconf 90' lang='lat' dir='ltr'>obfidet</span> <span class='ocrx_word' id='word_1_239' title='bbox 1508 2164 1520 2191; x_wconf 87' lang='lat'>;</span> <span class='ocrx_word' id='word_1_240' title='bbox 1552 2158 1672 2198; x_wconf 84' lang='lat' dir='ltr'>quarn</span> <span class='ocrx_word' id='word_1_241' title='bbox 1701 2144 1841 2198; x_wconf 87' lang='lat' dir='ltr'>patria,</span> 
     </span>
     <span class='ocr_line' id='line_1_31' title="bbox 446 2210 1840 2265; baseline 0.001 -16"><span class='ocrx_word' id='word_1_242' title='bbox 446 2213 512 2250; x_wconf 89' lang='lat' dir='ltr'>cui</span> <span class='ocrx_word' id='word_1_243' title='bbox 544 2212 679 2264; x_wconf 85' lang='lat' dir='ltr'>ignem</span> <span class='ocrx_word' id='word_1_244' title='bbox 711 2210 940 2265; x_wconf 88' lang='lat' dir='ltr'>ferrumque</span> <span class='ocrx_word' id='word_1_245' title='bbox 961 2212 1181 2250; x_wconf 89' lang='lat' dir='ltr'>minitatur.</span> <span class='ocrx_word' id='word_1_246' title='bbox 1226 2213 1317 2251; x_wconf 85' lang='lat' dir='ltr'>Cum</span> <span class='ocrx_word' id='word_1_247' title='bbox 1337 2212 1519 2257; x_wconf 80' lang='lat' dir='ltr'>venerint,</span> <span class='ocrx_word' id='word_1_248' title='bbox 1550 2225 1629 2265; x_wconf 83' lang='lat' dir='ltr'>quae</span> <span class='ocrx_word' id='word_1_249' title='bbox 1650 2211 1840 2265; x_wconf 82' lang='lat' dir='ltr'>postulent,</span> 
     </span>
    </p>
   </div>
   <div class='ocr_carea' id='block_1_6' title="bbox 446 2277 1854 2398">
    <p class='ocr_par' dir='ltr' id='par_1_7' title="bbox 446 2277 1854 2398">
     <span class='ocr_line' id='line_1_32' title="bbox 446 2277 1840 2332; baseline -0.001 -15"><span class='ocrx_word' id='word_1_250' title='bbox 446 2280 659 2331; x_wconf 75' lang='lat' dir='ltr'>cognostam.</span> <span class='ocrx_word' id='word_1_251' title='bbox 693 2278 804 2329; x_wconf 87' lang='lat' dir='ltr'>Qin</span> <span class='ocrx_word' id='word_1_252' title='bbox 827 2288 870 2316; x_wconf 92' lang='lat' dir='ltr'>tu</span> <span class='ocrx_word' id='word_1_253' title='bbox 890 2278 972 2316; x_wconf 86' lang='lat' dir='ltr'>abis</span> <span class='ocrx_word' id='word_1_254' title='bbox 1001 2279 1042 2316; x_wconf 90' lang='lat' dir='ltr'>in</span> <span class='ocrx_word' id='word_1_255' title='bbox 1069 2279 1214 2317; x_wconf 85' lang='lat' dir='ltr'>malam</span> <span class='ocrx_word' id='word_1_256' title='bbox 1242 2278 1402 2331; x_wconf 88' lang='lat' dir='ltr'>pestem,</span> <span class='ocrx_word' id='word_1_257' title='bbox 1434 2279 1666 2332; x_wconf 88' lang='lat' dir='ltr'>malumque</span> <span class='ocrx_word' id='word_1_258' title='bbox 1686 2277 1840 2316; x_wconf 88' lang='lat' dir='ltr'>crucia-</span> 
     </span>
     <span class='ocr_line' id='line_1_33' title="bbox 448 2344 1854 2398; baseline -0.001 -16"><span class='ocrx_word' id='word_1_259' title='bbox 448 2354 535 2382; x_wconf 86' lang='lat' dir='ltr'>tum</span> <span class='ocrx_word' id='word_1_260' title='bbox 554 2346 566 2382; x_wconf 90' lang='lat'>?</span> <span class='ocrx_word' id='word_1_261' title='bbox 591 2344 654 2382; x_wconf 88' lang='lat' dir='ltr'>Ad</span> <span class='ocrx_word' id='word_1_262' title='bbox 676 2354 713 2382; x_wconf 87' lang='lat' dir='ltr'>te</span> <span class='ocrx_word' id='word_1_263' title='bbox 733 2344 941 2398; x_wconf 86' lang='lat' dir='ltr'>quisquam</span> <span class='ocrx_word' id='word_1_264' title='bbox 961 2344 1106 2390; x_wconf 86' lang='lat' dir='ltr'>veniat,</span> <span class='ocrx_word' id='word_1_265' title='bbox 1129 2345 1199 2382; x_wconf 84' lang='lat' dir='ltr'>nisi</span> <span class='ocrx_word' id='word_1_266' title='bbox 1221 2345 1399 2383; x_wconf 83' lang='lat' dir='ltr'>ventidii</span> <span class='ocrx_word' id='word_1_267' title='bbox 1421 2345 1588 2383; x_wconf 72' lang='lat' dir='ltr'>similis?</span> <span class='ocrx_word' id='word_1_268' title='bbox 1613 2346 1755 2383; x_wconf 85' lang='lat' dir='ltr'>Oriens</span> <span class='ocrx_word' id='word_1_269' title='bbox 1777 2344 1854 2385; x_wconf 80' lang='lat' dir='ltr'>in-‚</span> 
     </span>
    </p>
   </div>
   <div class='ocr_carea' id='block_1_7' title="bbox 449 2408 1841 2532">
    <p class='ocr_par' dir='ltr' id='par_1_8' title="bbox 449 2408 1841 2532">
     <span class='ocr_line' id='line_1_34' title="bbox 449 2408 1840 2464; baseline -0.001 -17"><span class='ocrx_word' id='word_1_270' title='bbox 449 2410 635 2448; x_wconf 84' lang='lat' dir='ltr'>cendium</span> <span class='ocrx_word' id='word_1_271' title='bbox 656 2412 726 2464; x_wconf 93' lang='lat' dir='ltr'>qui</span> <span class='ocrx_word' id='word_1_272' title='bbox 748 2410 1044 2463; x_wconf 86' lang='lat' dir='ltr'>restinguerent,</span> <span class='ocrx_word' id='word_1_273' title='bbox 1069 2411 1241 2449; x_wconf 90' lang='lat' dir='ltr'>summos</span> <span class='ocrx_word' id='word_1_274' title='bbox 1259 2412 1360 2449; x_wconf 87' lang='lat' dir='ltr'>viros</span> <span class='ocrx_word' id='word_1_275' title='bbox 1383 2412 1586 2457; x_wconf 84' lang='lat' dir='ltr'>mifimus;</span> <span class='ocrx_word' id='word_1_276' title='bbox 1611 2408 1840 2463; x_wconf 87' lang='lat' dir='ltr'>repudiasti:</span> 
     </span>
     <span class='ocr_line' id='line_1_35' title="bbox 451 2477 1841 2532; baseline -0.001 -19"><span class='ocrx_word' id='word_1_277' title='bbox 451 2489 555 2515; x_wconf 87' lang='lat' dir='ltr'>nunc</span> <span class='ocrx_word' id='word_1_278' title='bbox 577 2477 618 2514; x_wconf 89' lang='lat' dir='ltr'>in</span> <span class='ocrx_word' id='word_1_279' title='bbox 640 2485 788 2516; x_wconf 86' lang='lat' dir='ltr'>tantam</span> <span class='ocrx_word' id='word_1_280' title='bbox 810 2477 1008 2516; x_wconf 81' lang='lat' dir='ltr'>flammam</span> <span class='ocrx_word' id='word_1_281' title='bbox 1032 2487 1189 2532; x_wconf 75' lang='lat' dir='ltr'>tamque</span> <span class='ocrx_word' id='word_1_282' title='bbox 1216 2478 1470 2518; x_wconf 83' lang='lat' dir='ltr'>inveteratam</span> <span class='ocrx_word' id='word_1_283' title='bbox 1492 2477 1715 2522; x_wconf 81' lang='lat' dir='ltr'>mittamus,</span> <span class='ocrx_word' id='word_1_284' title='bbox 1747 2487 1841 2514; x_wconf 91' lang='lat' dir='ltr'>cum</span> 
     </span>
    </p>
   </div>
  </div>
 </body>
</html>
