2076 2860
719 122 860 164 PRO
921 120 968 160 P.
1029 114 1325 157 SEXTIO.
1682 123 1727 161 15

323 238 407 268 tam
427 228 545 272 bona,
564 232 674 264 tanto
695 221 823 260 studio
844 219 1013 262 senatus,
1037 213 1226 254 consensu
1248 222 1330 251 tam
1350 207 1580 248 incredibili
1601 207 1730 245 bono-

323 309 414 335 rum
433 294 632 336 omnium,
665 299 746 327 tam
768 296 916 341 parato,
950 293 1034 322 tota
1053 281 1224 333 denique
1247 279 1362 318 Italia
1381 276 1428 315 ad
1449 288 1610 314 omnem
1632 287 1731 311 con-

325 361 547 401 tentionem
568 355 768 410 expedita,
787 352 875 392 ceffi
892 350 1045 390 tribuni
1062 348 1206 402 plebis,
1225 343 1518 399 despicatiffimi
1539 340 1732 384 hominis,

324 427 478 473 furori,
509 421 941 476 contemptiffimorum
976 415 1186 456 consulum
1219 413 1421 452 levitatem
1454 409 1737 459 audaciamque

326 494 516 550 pertimui
527 512 539 539 3
558 491 732 531 nimium
753 502 817 528 me
839 485 1045 529 timidum,
1065 482 1214 522 nullius
1236 479 1375 525 animi,
1395 477 1544 516 nullius
1567 474 1735 518 consilii,

327 561 441 601 fuiffe
461 559 668 600 confiteor.

386 627 500 681 Qid
527 626 638 665 enim
668 623 794 663 fimile
824 620 903 659 fuit
934 620 977 657 in
1011 619 1080 669 Q
1100 614 1304 654 Meteuo?
1337 613 1451 664 cujus
1485 609 1639 648 causam
1672 606 1740 644 etfi

331 709 469 735 omnes
492 693 588 732 boni
611 691 858 745 probabant,
891 697 1022 725 tamen
1053 695 1180 734 neque
1210 681 1363 718 senatus
1395 677 1582 731 publice,
1616 686 1742 726 neque

334 763 440 801 ullus
461 761 559 799 ordo
580 758 754 813 proprie,
786 768 914 807 neque
939 752 1016 790 suis
1038 748 1205 787 decretis
1229 747 1343 785 Italia
1365 754 1461 789 tota,
1495 742 1712 794 susceperat
1731 759 1741 784 ;

335 829 384 867 ad
409 828 517 866 suam
538 826 646 864 enim
665 822 793 875 magis
824 819 1023 873 quandam
1054 816 1122 854 ille
1153 814 1337 867 gloriam,
1371 824 1490 864 quam
1521 808 1568 847 ad
1590 807 1743 861 perspi-

338 908 456 934 cuam
475 893 642 932 salutem
665 887 909 942 reipublicae,
942 885 1144 938 spectarat,
1177 894 1271 918 cum
1306 892 1406 918 unus
1441 878 1481 915 in
1514 876 1645 928 legem
1679 888 1746 927 per

339 962 422 1000 vim
437 960 557 998 latam
568 959 700 1010 jurare
715 955 917 994 noluerat:
942 951 1113 1002 denique
1128 947 1336 986 videbatur
1351 959 1395 983 ea
1413 943 1645 982 conditione
1667 950 1748 978 tam

340 1027 457 1066 fortis
487 1024 600 1064 fuisse
615 1054 626 1069 ‚
660 1031 704 1061 ut
733 1035 827 1060 cum
857 1019 991 1073 patriae
1013 1017 1174 1056 caritate
1195 1013 1420 1053 constantiae
1442 1010 1610 1063 gloriam
1633 1021 1747 1046 com-

342 1102 529 1134 mutaret.
562 1093 659 1131 Erat
688 1099 820 1128 autem
850 1088 886 1126 ei
916 1100 974 1124 res
1005 1097 1098 1123 cum
1131 1082 1309 1122 exercitu
1343 1081 1392 1118 C.
1418 1078 1540 1117 Marii
1574 1076 1748 1114 invicto:

342 1160 514 1201 habebat
534 1158 747 1197 inimicum
769 1157 820 1194 C.
845 1154 1039 1197 Marium,
1071 1149 1385 1189 conservatorem
1415 1145 1563 1199 patriae,
1597 1143 1752 1180 sextum

340 1230 426 1282 jam
446 1227 564 1265 illum
580 1224 829 1264 consulatum
846 1229 1073 1274 gerentem:
1099 1231 1156 1255 res
1173 1225 1254 1254 erat
1270 1228 1364 1253 cum
1382 1214 1431 1251 L.
1447 1210 1658 1250 Saturnino
1675 1209 1752 1245 ite-

347 1309 437 1334 rum
457 1294 620 1332 tribuno
641 1291 769 1345 plebis
785 1320 796 1335 ‚
829 1288 1019 1341 vigilante
1039 1285 1205 1324 homine
1222 1313 1232 1327 ‚
1265 1292 1304 1320 et
1329 1283 1369 1319 in
1392 1279 1503 1318 causa
1524 1276 1705 1331 populari
1728 1274 1755 1312 fi

348 1376 429 1401 non
449 1360 664 1404 moderate,
680 1367 719 1396 at
735 1366 840 1396 certe
857 1353 1100 1408 populariter
1119 1350 1451 1400 abstinenterque,
1468 1345 1630 1383 versato.
1657 1341 1755 1380 Ces—

347 1430 420 1475 fit,
452 1442 501 1467 ne
530 1436 597 1465 aut
627 1426 753 1464 victus
783 1438 804 1462 a
834 1422 1005 1461 fortibus
1034 1419 1128 1457 viris
1151 1431 1243 1456 cum
1265 1416 1454 1454 dedecore
1477 1412 1656 1455 caderet;
1691 1417 1758 1446 aut

348 1497 473 1535 victor
493 1494 632 1533 multis
655 1502 693 1531 et
714 1491 887 1530 fortibus
908 1489 1064 1527 civibus
1087 1484 1380 1538 rempublicam
1405 1480 1575 1519 orbaret.
1620 1478 1759 1515 Meam

348 1563 503 1602 causam
526 1561 678 1599 senatus
705 1559 833 1611 palam
850 1587 861 1602 ‚
893 1554 1068 1607 equester
1100 1552 1197 1590 ordo
1226 1549 1441 1592 acerrime,
1474 1546 1616 1584 cuneta
1646 1542 1762 1580 Italia

353 1628 528 1682 publice,
545 1638 683 1663 omnes
702 1624 798 1662 boni
819 1620 976 1674 proprie
992 1619 1202 1668 enixeque,
1220 1615 1488 1666 susceperant:
1508 1623 1568 1648 eas
1591 1622 1648 1647 res
1671 1607 1759 1661 ges-

355 1694 492 1738 seram,
523 1703 692 1744 quarum
713 1702 793 1727 non
815 1700 916 1726 unus
939 1686 1087 1728 auctor,
1120 1681 1184 1720 sed
1214 1680 1295 1718 dux
1322 1679 1507 1717 omnium
1528 1675 1762 1719 voluntatis,

354 1759 510 1799 fuiffem
524 1788 534 1803 ‚
566 1769 729 1808 quaeque
750 1768 829 1792 non
851 1751 972 1791 modo
992 1749 1039 1788 ad
1060 1748 1298 1800 fingularem
1319 1758 1448 1783 meam
1469 1742 1638 1795 gloriam
1655 1771 1665 1786 ‚
1698 1740 1762 1778 sed

354 1826 402 1865 ad
434 1825 599 1864 salutem
631 1833 891 1860 communem
925 1816 1108 1856 omnium
1142 1814 1308 1857 civium,
1341 1822 1379 1850 et
1410 1823 1532 1864 prope
1562 1808 1763 1861 gentium,

357 1892 625 1947 pertinerent;
658 1902 702 1926 ea
722 1886 953 1926 conditione
974 1882 1160 1936 gesseram
1175 1911 1186 1926 ,
1219 1889 1263 1918 ut
1284 1892 1419 1917 meum
1441 1876 1590 1916 faetum
1613 1874 1765 1927 semper

358 1972 496 1998 omnes
518 1955 695 2010 praestare
715 1954 893 2005 tuerique
919 1951 1122 1989 deberent.

415 2025 553 2064 XVII.
587 2023 682 2060 Erat
703 2029 835 2058 autem
857 2017 960 2056 mihi
981 2014 1187 2054 contentio
1205 2026 1283 2051 non
1301 2023 1394 2049 cum
1409 2009 1557 2047 victore
1573 2006 1767 2049 exercitu,

360 2092 425 2132 sed
445 2105 538 2130 cum
559 2089 688 2143 operis
710 2087 931 2130 conductis,
964 2094 1001 2122 et
1022 2083 1069 2121 ad
1091 2079 1355 2133 diripiendam
1376 2077 1516 2115 urbem
1539 2074 1764 2113 concitati&

362 2158 574 2200 Habebam
596 2155 808 2194 inimicum
831 2166 910 2191 non
934 2152 983 2189 C.
1008 2150 1203 2192 Marium,
1226 2157 1415 2184 terrorem
1437 2142 1626 2185 hostium,
1659 2140 1768 2192 spem

364 2225 659 2275 subsidiumque
680 2221 813 2276 patriae
832 2239 840 2265 ;
876 2219 939 2258 sed
960 2218 1038 2256 duo
1060 2217 1288 2268 importuna
1310 2212 1504 2265 prodigia,
1537 2222 1635 2261 quos
1658 2206 1766 2259 eges-

366 2304 440 2339 taS,
461 2305 560 2346 quos
582 2291 665 2330 aeris
687 2289 805 2328 alieni
827 2285 1077 2339 magnitudo,
1101 2297 1200 2336 quos
1222 2282 1373 2325 levitas,
1397 2292 1495 2331 quos
1517 2275 1769 2328 improbitas,

368 2359 531 2398 tribuno
562 2357 690 2410 plebis
723 2355 952 2394 constrictos
985 2351 1199 2390 addixerat.
1235 2348 1324 2387 Nec
1356 2344 1458 2384 mihi
1490 2357 1547 2381 res
1576 2351 1656 2380 erat
1678 2353 1772 2378 cum

370 2424 594 2469 Saturnino,
626 2423 712 2476 qui,
743 2421 850 2474 quod
871 2434 891 2458 a
913 2419 963 2464 se,
995 2416 1181 2470 quaestore
1203 2413 1385 2457 Ostienfi,
1420 2425 1486 2464 per
1509 2407 1773 2462 ignominiam
