2076 2860
697 193 836 232 PRO
898 191 943 229 P.
1007 190 1299 228 sEXT10.
1653 202 1699 241 33

356 294 575 335 XXXVII.
607 292 738 343 Atqui
759 305 807 329 ne
827 303 875 328 ex
896 303 942 327 eo
963 289 1126 341 quidem
1149 298 1326 341 tempore
1348 287 1387 326 id
1416 287 1496 339 egit
1520 287 1674 325 Sextius
1692 317 1702 331 ‚

299 371 358 408 ut,
377 375 397 399 a
412 361 488 399 suis
506 359 699 404 munitus,
720 366 806 396 tuto
824 357 864 394 in
886 355 974 394 foro
996 355 1267 408 magistratum
1289 363 1454 407 gereret,
1478 353 1702 407 rempubli-

299 441 388 467 cam
407 425 708 465 administraret.
743 425 894 475 Itaque,
917 420 1040 459 fretus
1063 421 1263 459 sanctitate
1285 421 1523 465 tribunatus,
1553 433 1647 458 cum
1668 419 1705 456 se

300 508 382 533 non
403 492 524 532 modo
544 500 681 530 contra
702 491 784 529 vim
812 498 851 527 et
872 487 1037 532 ferrum,
1071 488 1133 525 sed
1154 489 1274 525 etiam
1295 497 1433 525 contra
1454 487 1570 525 verba
1589 496 1706 538 atque

300 558 614 603 interfationem,
646 556 801 610 legibus
824 555 978 593 sacratis
1001 553 1073 592 effe
1094 564 1289 592 armatum
1312 562 1466 605 putaret
1485 572 1495 597 ;
1528 552 1637 590 venit
1665 552 1703 589 in

302 626 502 679 templum
524 624 710 668 Castoris,
732 621 985 661 obnuntiavit
1007 620 1158 658 consuli
1178 635 1186 658 :
1211 634 1304 658 cum
1327 620 1457 657 subito
1479 633 1617 657 manus
1640 618 1709 656 illa

303 692 511 737 Clodiana,
543 692 584 729 in
612 690 715 728 caede
742 689 892 726 civium
914 687 1010 739 saepe
1026 688 1110 739 jam
1131 686 1288 731 victrix,
1319 685 1530 729 exclamat,
1562 685 1706 722 incita-

303 769 368 798 tur
382 789 392 805 ,
425 757 576 796 invadit
591 786 601 802 ‚
634 757 828 794 inermem
849 763 964 805 atque
986 754 1224 805 imparatum
1247 752 1456 790 tribunum
1477 751 1543 789 alii
1565 750 1706 803 gladiis

304 827 550 870 adoriuntur,
573 824 639 862 alii
660 821 895 875 fragmentis
917 820 1118 872 septorum
1139 829 1177 857 et
1199 817 1390 857 fustibus:
1415 833 1436 857 a
1456 818 1602 871 quibus
1624 817 1706 861 hic,

305 893 445 932 multis
474 890 702 930 vulneribus
733 887 904 940 acceptis
920 916 931 932 ,
964 900 1006 925 ac
1029 886 1237 924 debilitato
1259 900 1423 938 corpore
1443 895 1482 923 et
1503 884 1705 923 contruci-

305 960 412 1005 dato,
444 958 481 997 se
500 957 645 1010 abjecit
665 956 912 994 exanimatus
930 973 941 999 ;
976 967 1102 1006 neque
1124 953 1204 991 ulla
1225 953 1300 991 alia
1321 967 1359 991 re
1380 954 1428 991 ab
1454 952 1490 990 se
1521 961 1708 995 mortem,

305 1027 378 1066 nifi
398 1024 586 1078 opinione
607 1023 748 1062 mortis
763 1052 775 1068 ,
807 1021 975 1074 depulit.
1024 1022 1158 1072 Qem
1179 1033 1274 1059 cum
1290 1021 1490 1072 jacentem
1511 1029 1550 1057 et
1571 1019 1709 1056 conci-

305 1093 392 1133 sum
407 1091 592 1146 plurimis
607 1090 852 1134 vulneribus,
869 1097 1049 1129 extremo
1066 1087 1220 1140 spiritu,
1239 1087 1476 1140 exsanguem
1492 1095 1531 1124 et
1547 1085 1711 1124 confec-

306 1168 395 1201 tum
414 1159 592 1197 viderent
609 1176 621 1203 3
655 1156 936 1209 defatigatione
958 1155 1083 1207 magis
1105 1162 1145 1192 et
1165 1167 1308 1199 errore,
1345 1167 1467 1206 quam
1488 1152 1710 1191 misericor-

307 1227 372 1266 dia
389 1234 429 1264 et
449 1225 584 1270 modo,
616 1223 827 1278 aliquando
847 1221 993 1260 caedere
1013 1220 1261 1259 destiterunt.

365 1294 421 1332 Et
440 1291 595 1331 causam
615 1290 714 1329 dicit
736 1290 891 1328 Sextius
913 1288 961 1326 de
982 1288 1020 1326 vi
1039 1289 1053 1326 ?
1084 1287 1181 1340 quid
1203 1287 1257 1325 ita
1275 1288 1289 1325 ?
1321 1286 1413 1339 quia
1433 1286 1546 1324 vivit.
1592 1286 1648 1323 At
1673 1285 1711 1323 id

310 1373 391 1398 non
413 1359 477 1397 sua
495 1358 639 1411 culpa:
672 1357 787 1411 plaga
807 1369 885 1394 una
904 1355 973 1395 illa
994 1363 1170 1393 extrema
1190 1352 1318 1391 defuit
1336 1372 1347 1398 ς
1381 1366 1467 1405 quae
1489 1352 1515 1390 fi
1537 1351 1711 1390 acceflis-

311 1425 380 1472 set,
400 1425 598 1478 reliquum
613 1424 798 1478 spiritum
810 1421 1054 1462 exhaufiffet.
1074 1420 1228 1462 Accusa
1248 1419 1506 1458 Lentidium:
1526 1432 1605 1457 non
1622 1432 1712 1472 per·

310 1490 425 1532 cuffit
445 1492 608 1530 locum:
642 1489 872 1531 maledicito
894 1488 1080 1533 Sabinio,
1110 1486 1270 1525 homini
1304 1486 1474 1524 Reatino
1490 1515 1500 1531 ,
1533 1499 1603 1523 cur
1634 1494 1715 1522 tam

310 1560 483 1613 tempori
503 1559 734 1598 exclamarit
754 1557 945 1596 occisum.
980 1555 1116 1607 Ipsum
1148 1568 1239 1592 vero
1269 1553 1367 1605 quid
1396 1552 1583 1591 accusas?
1616 1565 1716 1590 num

312 1625 442 1663 defuit
461 1624 632 1676 gladiis?
665 1637 764 1661 num
785 1621 1046 1674 repugnavit?
1078 1633 1191 1663 num,
1215 1628 1258 1657 ut
1278 1618 1561 1671 gladiatoribus
1582 1617 1714 1671 impe-

313 1692 389 1730 rari
409 1691 521 1735 solet,
553 1689 702 1728 ferrum
724 1702 804 1726 non
826 1687 973 1739 recepit
992 1687 1004 1724 ?

371 1757 612 1796 XXXVIII.
645 1757 711 1796 An
732 1753 814 1792 haec
837 1753 917 1806 ipsa
937 1753 994 1790 vis
1016 1751 1069 1789 est
1084 1779 1095 1796 ,
1128 1764 1207 1788 non
1230 1749 1333 1802 posse
1355 1751 1479 1788 emori
1500 1752 1512 1787 ?
1535 1763 1592 1787 <an
1622 1749 1689 1786 illa
1704 1779 1713 1793 ‚

315 1823 421 1875 quod
444 1823 624 1860 tribunus
646 1820 774 1873 plebis
797 1818 995 1871 templum
1016 1817 1265 1855 cruentavit?
1284 1830 1347 1861 an,
1371 1815 1493 1869 quod,
1513 1829 1604 1853 cum
1627 1815 1718 1853 efi'et

314 1889 482 1934 ablatus,
506 1888 761 1941 primumque
782 1884 980 1938 refipiffet‚
1005 1897 1085 1922 non
1107 1883 1143 1922 se
1160 1882 1295 1921 referri
1312 1882 1449 1935 jufiit?
1473 1882 1541 1920 ubi
1563 1882 1617 1920 est
1638 1882 1717 1919 cri-

314 1969 424 2001 men,
447 1953 554 2008 quod
575 1952 891 2006 reprehenditis?
924 1951 1007 1989 Hic
1030 1964 1175 2002 quaero,
1198 1949 1374 2001 Judices‚
1399 1948 1424 1986 fi
1447 1948 1518 1986 illo
1539 1948 1602 1986 die
1623 1962 1718 2001 gens

315 2022 385 2061 ista
406 2021 548 2060 Clodia
562 2051 573 2066 ‚
606 2019 713 2073 quod
734 2019 860 2057 facere
881 2017 1009 2056 voluit
1024 2046 1034 2062 ‚
1068 2015 1282 2060 effeciffet;
1316 2015 1342 2053 fi
1365 2016 1410 2053 P.
1436 2015 1590 2053 Sextius
1607 2044 1618 2059 ‚
1651 2015 1719 2066 qui

317 2103 389 2142 pro
410 2087 539 2126 occiso
561 2087 717 2127 reliditus
739 2085 792 2123 est
808 2115 817 2130 ‚
850 2084 1001 2123 occisus
1035 2082 1154 2128 effet;
1186 2081 1364 2121 fuistisne
1393 2080 1440 2118 ad
1465 2095 1572 2119 arma
1592 2080 1686 2118 ituri
1706 2081 1718 2117 ?

317 2154 493 2194 fuistisne
514 2166 581 2191 vos
603 2152 651 2190 ad
672 2152 844 2205 patrium
866 2151 982 2188 illum
1005 2150 1200 2194 animum,
1224 2149 1499 2201 majorumque
1516 2147 1720 2191 virtutem,

317 2220 560 2265 excitaturi?
593 2218 770 2256 fuistisne
797 2216 1009 2269 aliquando
1038 2215 1329 2268 rempublicam
1356 2228 1378 2251 a
1397 2213 1551 2252 funesto
1572 2213 1723 2250 latrone

322 2286 555 2338 repetituri?
589 2298 636 2322 an
651 2285 777 2335 *etiam
800 2294 895 2322 tunc
917 2281 1167 2335 quiesceretis
1185 2312 1194 2327 ,
1227 2279 1529 2324 cunctaremini,
1562 2279 1722 2316 timere-

323 2353 373 2390 tis
393 2382 403 2397 ,
441 2365 533 2389 cum
566 2351 858 2403 rempublicam
890 2364 911 2387 a
943 2348 1274 2388 facinorofiffimis
1307 2347 1451 2385 ficariis
1471 2376 1480 2391 ‚
1518 2355 1556 2384 et
1590 2360 1612 2383 a
1646 2345 1723 2382 ser-

324 2419 381 2457 vis
399 2447 410 2464 ,
444 2416 516 2455 effe
551 2417 766 2468 oppressam
803 2426 919 2468 atque
954 2424 1187 2467 occupatam
1229 2413 1411 2452 videretis
1432 2414 1443 2450 ?
1488 2413 1612 2466 Cujus
1646 2411 1723 2462 igi-

327 2495 390 2524 tur
422 2493 594 2522 mortem
627 2483 914 2522 ulcisceremini
934 2512 945 2527 ‚
978 2482 1002 2520 li
1038 2481 1202 2534 quidem
1236 2481 1350 2519 liberi
1384 2479 1455 2517 effe
1471 2510 1481 2524 ,
1514 2489 1553 2516 et
1583 2477 1726 2515 habere

411 2553 556 2590 ToM.
590 2551 665 2589 VI.
1389 2548 1423 2584 E
