2076 2860
389 211 443 252 74
867 189 1312 230 oRATio

387 291 635 343 interpretes,
652 301 732 326 non
754 287 890 324 bellici
910 285 1063 324 confilii
1083 286 1272 330 audiores,
1291 297 1370 322 non
1392 281 1590 321 ministros
1606 282 1783 321 muneris

386 355 639 408 provincialis
655 383 666 399 ,
698 353 850 390 senatus
880 364 990 389 more
1013 351 1210 403 majorum
1231 349 1402 402 deligere
1422 347 1545 401 poffet
1563 349 1576 385 ?
1609 347 1782 400 Eripue-

387 436 445 460 ras
467 421 615 460 senatui
635 419 846 472 provinciae
867 418 1118 456 decernenda:
1138 416 1385 470 potestatem,
1414 414 1660 469 imperatoris
1682 413 1785 452 deli·-

386 487 506 540 gendi
520 487 738 539 judicium,
760 484 882 523 aerarii
902 483 1231 537 dispensationem
1247 502 1259 528 ;
1282 497 1369 536 quae
1390 495 1597 535 nunquam
1616 480 1689 519 fibi
1709 493 1784 533 po-

385 553 505 605 pulus
526 553 731 589 Romanus
752 550 960 603 appetivit,
990 550 1061 602 qui
1082 562 1288 602 nunquam
1307 548 1391 587 hoec
1412 562 1433 586 a
1457 547 1603 586 summi
1632 545 1786 585 confilii

386 618 673 671 gubernatione
693 616 843 655 auferre
863 624 1026 654 conatus
1048 615 1115 654 est.
1157 617 1244 668 Age
1258 645 1270 661 ‚
1301 614 1451 653 factum
1471 614 1524 653 est
1544 614 1691 653 horum
1710 613 1786 651 ali-

387 684 486 736 quid
507 684 549 722 in
569 683 681 721 aliis:
706 697 789 721 raro
808 698 817 721 ε
841 682 905 720 sed
926 691 1058 720 tamen
1079 680 1228 719 factum
1248 681 1317 726 est,
1340 690 1384 719 ut
1404 680 1788 734 populus‘deligeret

388 750 682 802 imperatorem.
715 748 817 799 Qis
846 748 994 800 legatos
1022 760 1199 799 unquam
1226 746 1377 784 audivit
1406 746 1484 784 fine
1508 747 1786 784 senatus-con·-

389 815 521 853 sulto?
544 816 650 853 Ante
672 824 709 853 te
731 828 871 852 nemo:
896 813 981 866 post
1001 814 1193 851 continuo
1213 812 1310 850 fecit
1330 812 1436 850 idem
1458 812 1499 850 in
1516 811 1670 850 duobus
1691 824 1786 863 pro-

390 881 509 933 digiis
531 881 759 933 reipublicae
782 879 976 918 Clodius:
1010 892 1090 931 quo
1117 879 1235 916 etiam
1258 879 1403 930 majore
1424 892 1462 916 es
1485 877 1590 916 malo
1610 878 1787 915 mactan-

390 946 478 991 dus,
511 947 618 999 quod
639 960 717 984 non
741 946 868 983 solum
888 945 992 983 sueto
1013 954 1095 989 tuo,
1119 944 1182 982 sed
1203 944 1322 982 etiam
1343 944 1540 996 exemplo,
1564 942 1786 996 rempubli-

391 1026 478 1050 cam
498 1012 726 1057 vulnerasti3
747 1025 873 1064 neque
895 1020 1050 1049 tantum
1066 1024 1104 1049 es
1126 1011 1332 1063 improbus
1356 1010 1449 1063 ipse,
1468 1009 1531 1048 sed
1551 1010 1671 1047 etiam
1691 1009 1788 1047 alios

392 1078 530 1116 docere
550 1077 723 1116 voluisti.

447 1145 583 1196 Atque
608 1143 710 1182 illud
729 1143 848 1181 etiam
869 1142 1001 1180 audire
1021 1156 1042 1180 a
1063 1152 1100 1181 te
1121 1142 1254 1195 cupio,
1287 1156 1419 1195 quare,
1451 1156 1545 1180 cum
1565 1155 1638 1194 ego
1659 1141 1789 1193 legem

393 1209 440 1248 de
460 1210 614 1247 ambitu
635 1223 682 1247 ex
705 1208 1064 1247 senatus-consulto
1085 1209 1261 1254 tulerim,
1294 1209 1371 1246 fine
1399 1209 1437 1246 vi
1466 1208 1641 1252 tulerim,
1675 1207 1788 1245 salvis

393 1275 574 1327 auspiciis
598 1275 772 1320 tulerim,
805 1274 904 1312 salva
930 1275 1016 1326 lege
1043 1274 1149 1312 AElia
1175 1284 1213 1312 et
1235 1275 1362 1319 Fufia,
1395 1283 1438 1312 tu
1459 1287 1545 1311 eam
1565 1273 1637 1311 effe
1658 1274 1790 1325 legem

392 1355 473 1379 non
494 1350 634 1393 putes;
653 1341 881 1393 pracsertim,
899 1355 992 1378 cum
1009 1354 1081 1393 ego
1098 1340 1253 1393 legibus
1271 1341 1365 1385 tuis,
1383 1354 1546 1393 quoquo
1562 1339 1682 1378 modo
1702 1339 1790 1377 latae

393 1407 481 1452 flnt,
499 1420 670 1459 paream.
687 1407 793 1444 Cum
810 1420 896 1444 mea
912 1407 974 1444 lex
995 1407 1169 1444 dilucide
1190 1416 1308 1451 vetet,
1334 1419 1544 1451 ΒΙΕΝΝΙΟ,
1569 1419 1657 1455 QJo
1683 1417 1787 1454 Qus

397 1485 576 1517 PETAT,
601 1484 930 1511 PETITURUSVE
957 1486 1048 1517 SIT,
1075 1485 1416 1511 GLADIAToREs
1443 1484 1587 1517 DARE,
1612 1484 1705 1510 NISI
1731 1484 1787 1508 Ex

396 1551 727 1576 TESTAMENTO
753 1551 1079 1577 PRAESTITUTA
1105 1552 1211 1583 D1E;
1232 1553 1317 1591 quae
1339 1547 1445 1576 tanta
1466 1539 1505 1576 in
1528 1547 1566 1576 te
1587 1538 1632 1575 fit
1653 1551 1789 1575 amen·

395 1604 462 1649 tia,
496 1613 539 1641 ut
562 1605 602 1640 in
624 1603 704 1655 ipsa
730 1604 923 1656 petitione
950 1604 1182 1656 gladiatores
1210 1604 1348 1642 audeas
1376 1604 1496 1641 dare?
1531 1604 1648 1642 Num
1670 1616 1792 1656 quem

395 1679 507 1722 putes
535 1669 645 1707 illius
673 1669 732 1708 tui
759 1669 960 1708 certiffimi
987 1669 1214 1721 gladiatoris
1243 1669 1412 1707 similem
1434 1669 1642 1708 tribunum
1664 1669 1793 1721 plebis

394 1735 497 1788 poffe
518 1735 693 1787 reperiri,
711 1736 780 1787 qui
803 1735 839 1773 se
860 1736 1098 1787 interponat,
1117 1749 1197 1787 quo
1218 1736 1351 1773 minus
1374 1749 1460 1773 reus
1478 1749 1564 1774 mea
1583 1735 1670 1788 lege
1690 1735 1758 1774 fias
1775 1736 1789 1773 ?

395 1801 463 1839 Ob
484 1799 596 1838 hasce
617 1814 753 1838 omnes
776 1813 849 1845 res,
872 1800 1014 1837 sciasne
1032 1809 1069 1837 te
1086 1800 1409 1838 severiffimorum
1426 1799 1654 1845 hominum,
1678 1801 1790 1838 Sabi-

395 1879 553 1910 norum,
575 1864 873 1902 fortissimorum
898 1865 1087 1910 virorum,
1111 1864 1340 1903 Marsorum
1360 1874 1398 1903 et
1420 1865 1693 1917 Pelignorum‚
1716 1866 1790 1903 tri-

396 1932 555 1970 bulium
572 1939 747 1975 tuorum,
764 1930 920 1983 judicio
941 1940 1148 1975 notatum;
1183 1945 1253 1969 nec
1274 1930 1359 1983 post
1380 1931 1552 1969 Romam
1572 1931 1789 1977 conditam,

396 2006 534 2049 praeter
556 2006 607 2041 te,
631 1996 820 2034 tribulem
841 2010 1084 2049 quemquam
1106 1997 1256 2035 tribum
1279 1997 1451 2049 Sergiam
1472 1995 1707 2049 perdidiffe?

454 2063 568 2100 XVI.
603 2063 678 2107 Ac,
701 2062 726 2100 fi
749 2061 831 2100 haec
853 2063 987 2101 omnia
1006 2063 1229 2101 contemnis
1251 2076 1293 2100 ac
1315 2062 1494 2115 despicis,
1514 2063 1621 2115 quod
1642 2063 1696 2100 ita
1717 2062 1792 2100 tibi

397 2127 639 2180 persuaseris,
675 2136 717 2165 ut
738 2127 867 2179 palam
895 2127 1064 2173 dictitas,
1097 2138 1149 2174 te,
1183 2128 1272 2166 Diis
1300 2127 1610 2182 hominibusque
1637 2128 1790 2173 invitis,

397 2206 527 2230 amore
550 2193 588 2230 in
612 2202 648 2230 te
670 2193 896 2231 incredibili
917 2194 1089 2246 quodam
1112 2195 1161 2232 C.
1186 2194 1361 2239 Caesaris,
1390 2195 1536 2239 omnia,
1570 2208 1656 2247 quae
1676 2195 1790 2239 velis,

397 2259 721 2304 coiilecutur11n15
740 2260 883 2312 ecquid
899 2260 1080 2306 audieris,
1098 2261 1323 2313 ecquisnam
1341 2262 1415 2299 tibi
1431 2261 1589 2307 dixerit,
1606 2261 1790 2300 C.Caesa-

398 2339 479 2362 rem
497 2339 622 2377 nuper
638 2326 848 2378 Aquileiae,
867 2340 960 2364 cum
976 2327 1022 2364 de
1040 2327 1274 2380 quibusdam
1290 2327 1380 2366 effet
1402 2328 1552 2366 mentio
1568 2327 1681 2373 facta,
1699 2328 1790 2366 dix--

397 2389 477 2433 iffe,
511 2390 559 2428 C.
584 2390 737 2428 Alfium
759 2392 1001 2443 praeteritum
1022 2392 1251 2444 permoleste
1272 2393 1414 2438 tulisse,
1441 2393 1547 2446 quod
1568 2394 1609 2431 in
1629 2392 1799 2431 homine·

401 2455 593 2494 summam
616 2455 734 2496 fidem
756 2457 1073 2511 probitatemque
1094 2458 1317 2511 cognossem
1350 2460 1596 2512 graviterque
1616 2459 1735 2498 etiam
1758 2458 1793 2496 se
