2076 2860
568 158 708 196 PRO
770 156 966 194 REGE
1028 152 1449 204 DEJOTARO.
1633 162 1710 203 273

310 260 483 304 fortuna,
514 268 582 296 aut
601 259 690 312 quis
712 257 836 301 casuS,
868 264 934 293 aut
956 269 1043 307 quae
1065 262 1171 292 tanta
1196 253 1309 306 possit
1337 252 1495 304 injuria,
1527 251 1711 289 omnium

309 330 594 381 imperatorum
625 325 673 362 de
706 325 896 376 Dejotaro
929 322 1083 359 decreta
1114 321 1273 358 delere?
1307 320 1371 357 Ab
1393 319 1580 357 omnibus
1602 319 1711 355 enim

309 394 363 432 est
393 402 568 436 ornatus,
600 392 685 444 qui,
718 390 924 443 postquam
958 388 997 425 in
1027 387 1158 425 castris
1186 386 1257 424 effe
1286 386 1417 439 potuit
1446 399 1513 438 per
1540 392 1709 428 aetatem,

310 460 350 497 in
384 459 494 504 Afia,
528 457 797 510 Cappadocia,
831 456 975 500 Ponto,
1009 454 1172 498 Cilicia,
1206 453 1332 504 Syria,
1366 451 1469 489 bella
1500 451 1709 503 gesserunt.

311 527 473 564 Senatus
495 538 585 563 vero
601 524 753 576 judicia
773 522 819 560 de
842 522 912 560 illo
934 531 1014 559 tam
1032 520 1172 565 multa,
1192 529 1351 571 tamque
1372 517 1606 562 honorifica,
1625 531 1711 569 quae

310 592 483 645 publicis
506 591 645 644 populi
667 589 840 628 Romani
863 589 985 626 literis
1004 586 1350 637 monumentisque
1366 585 1590 636 consignata
1607 583 1710 627 sunt,

312 673 399 711 quae
421 671 597 710 unquam
625 656 790 694 vetustas
812 656 978 700 obruet,
1011 663 1077 691 aut
1105 667 1190 705 quae
1220 661 1326 689 tanta
1352 650 1500 688 delebit
1527 649 1710 688 oblivio?

312 725 423 778 Qid
443 725 490 762 de
511 726 657 762 virtute
677 725 760 776 ejus
783 723 911 761 dicam
932 724 943 759 ?
978 720 1074 774 quid
1096 720 1142 757 de
1163 717 1439 771 magnitudine
1460 717 1598 761 animi,
1621 730 1710 769 gra-

310 792 456 836 vitate,
487 790 733 828 constantia?
766 803 852 841 quae
873 800 1009 825 omnes
1036 785 1141 823 doffi
1169 793 1286 837 atque
1314 783 1503 836 sapientes
1532 782 1710 827 summa,

311 858 473 910 quidam
495 858 615 895 etiam
637 856 740 901 sola,
774 856 877 893 bona
897 854 968 892 effe
997 853 1210 897 dixerunt;
1243 850 1383 902 hisque
1411 864 1490 888 non
1519 849 1639 887 modo
1666 849 1712 887 ad

313 925 432 970 bene,
464 924 528 962 sed
547 924 667 961 etiam
688 922 735 960 ad
757 923 888 966 beate,
920 920 1135 958 vivendum
1156 927 1385 956 contentam
1413 917 1603 956 virtutem
1624 916 1710 954 ess'e.

312 991 412 1029 Haec
433 990 502 1027 ille
523 998 705 1042 reputans
722 1018 732 1033 ,
764 997 802 1025 et
824 987 904 1025 dies
933 996 971 1024 et
999 988 1130 1024 noctes
1159 985 1336 1036 cogitans
1353 1014 1363 1029 ,
1396 997 1475 1021 non
1498 983 1617 1021 modo
1639 983 1714 1021 tibi

312 1071 392 1095 non
409 1055 621 1101 succenset,
643 1054 752 1108 (esset
767 1055 875 1092 enim
893 1067 971 1091 non
989 1052 1117 1091 solum
1133 1052 1325 1104 ingratus,
1346 1050 1407 1088 sed
1423 1051 1542 1088 etiam
1558 1049 1711 1100 amens)

311 1137 449 1162 verum
470 1137 632 1162 omnem
653 1122 984 1175 tranquillitatem
1013 1129 1051 1158 et
1079 1119 1256 1173 quietem
1283 1117 1490 1156 senectutis
1512 1125 1715 1170 acceptam

313 1191 433 1230 refert
453 1190 674 1230 clementiae
695 1199 786 1228 tuae.

368 1259 483 1296 XIV.
517 1259 612 1310 Qo
637 1256 800 1309 quidem
820 1255 954 1293 animo
974 1267 1068 1292 cum
1089 1262 1201 1290 antea
1221 1251 1314 1297 fuit,
1346 1260 1434 1289 tum
1456 1264 1534 1289 non
1557 1250 1714 1296 dubito,

312 1325 411 1377 quin
432 1324 511 1362 tuis
532 1324 672 1367 literis,
703 1335 871 1375 quarum
893 1320 1124 1373 exemplum
1145 1318 1239 1371 legi,
1272 1331 1367 1371 quas
1389 1316 1435 1355 ad
1456 1331 1547 1356 eum
1569 1318 1714 1356 Tarra-

313 1404 412 1429 cone
427 1389 523 1429 huic
541 1389 735 1428 Blesamio
752 1388 904 1434 dedisti,
924 1387 960 1425 se
976 1386 1101 1439 magis
1119 1385 1239 1424 etiam
1256 1384 1436 1430 erexerit,
1455 1384 1502 1422 ab
1523 1384 1717 1436 omnique

313 1456 582 1496 sollicitudine
602 1455 829 1494 abstraxerit
845 1469 853 1493 ε
872 1454 989 1507 jubes
1011 1453 1118 1491 enim
1139 1465 1232 1490 eum
1253 1451 1352 1489 bene
1373 1450 1536 1503 sperare,
1555 1459 1593 1488 et
1609 1450 1718 1487 bono

314 1522 386 1561 effe
418 1524 566 1561 animo.
611 1521 732 1574 Qod
760 1521 839 1559 scio
861 1529 898 1558 te
919 1533 998 1558 non
1020 1518 1160 1557 frustra
1180 1518 1346 1556 scribere
1367 1516 1487 1554 solere
1505 1531 1513 1553 ε
1547 1515 1716 1554 memini

314 1590 422 1628 enirn
443 1588 581 1627 iisdem
602 1587 682 1626 fere
701 1587 830 1627 verbis
851 1586 898 1623 ad
919 1600 982 1624 me
1015 1594 1052 1622 te
1079 1583 1246 1622 scribere
1261 1613 1272 1628 ,
1304 1595 1446 1635 meque
1479 1581 1557 1619 tuis
1590 1581 1715 1620 literis

315 1656 415 1694 bene
447 1655 594 1708 sperare
627 1668 706 1692 non
738 1653 878 1692 frustra
909 1652 981 1691 effe
1008 1651 1170 1704 juffum.
1215 1649 1370 1688 Laboro
1398 1647 1584 1701 equidem
1613 1648 1715 1700 regis

316 1723 494 1776 Dejotari
515 1722 639 1767 causa,
671 1735 848 1774 quocum
869 1718 972 1758 mihi
992 1719 1209 1757 amicitiam
1231 1716 1451 1769 respublica
1470 1715 1715 1760 conciliavit,

314 1789 535 1843 hospitium
556 1790 736 1828 voluntas
759 1787 962 1839 utriusque
978 1785 1203 1838 conjunxit,
1222 1783 1531 1821 familiaritatem
1548 1781 1714 1820 consue-

315 1855 413 1895 tudo
433 1856 568 1895 attulit
583 1885 593 1901 ,
616 1855 821 1894 ‘summam
848 1866 940 1892 vero
968 1850 1291 1891 necessitudinem
1319 1862 1461 1901 magna
1481 1849 1564 1901 ejus
1586 1847 1718 1886 officia

315 1923 357 1961 in
378 1936 457 1968 me,
487 1931 527 1960 et
548 1923 588 1960 in
609 1922 830 1960 exercitum
850 1934 1001 1965 meum,
1024 1917 1265 1956 effecerunt:
1297 1915 1360 1954 sed
1381 1929 1475 1953 cum
1496 1914 1542 1952 de
1563 1914 1634 1952 illo
1656 1914 1715 1952 la-

316 1989 434 2035 boro,
467 1998 555 2027 tum
576 1988 623 2026 de
644 1988 783 2026 multis
805 1985 1052 2039 ampliffimis
1072 1984 1165 2022 viris
1179 2013 1190 2029 ,
1223 1983 1368 2036 quibus
1391 1981 1508 2020 semel
1530 1981 1717 2034 ignotum

315 2069 336 2094 a
356 2064 394 2094 te
413 2055 486 2094 effe
505 2063 683 2108 oportet,
716 2067 786 2091 nec
809 2052 1048 2090 beneficium
1070 2059 1186 2089 tuum
1206 2051 1247 2087 in
1270 2049 1439 2087 dubium
1459 2048 1610 2094 vocari,
1644 2061 1716 2086 nec

316 2120 460 2159 haerere
493 2121 533 2158 in
566 2120 708 2157 animis
736 2119 949 2156 hominum
978 2116 1289 2155 sollicitudinem
1320 2115 1611 2167 sempiternam,
1644 2127 1716 2151 nec

317 2187 491 2225 accidere
507 2216 516 2231 ,
550 2196 594 2223 ut
621 2185 830 2237 quisquam
859 2194 896 2222 te
925 2185 1063 2222 timere
1085 2183 1249 2235 incipiat
1270 2195 1407 2219 eorum
1423 2210 1433 2226 ‚
1467 2180 1535 2232 qui
1557 2179 1675 2217 semel
1696 2193 1717 2217 a

319 2263 357 2291 te
380 2253 452 2290 sint
472 2252 628 2289 liberati
650 2252 806 2289 timore.
849 2251 944 2289 Non
967 2250 1104 2295 debeo,
1139 2250 1187 2287 C.
1213 2247 1352 2292 Caesar,
1386 2247 1492 2299 quod
1514 2246 1597 2283 fieri
1619 2245 1716 2283 solet

321 2319 361 2356 in
385 2318 502 2355 tantis
524 2317 709 2370 periculis
725 2347 736 2362 ‚
768 2326 936 2362 tentare,
969 2330 1142 2369 quonam
1164 2314 1284 2352 modo
1305 2312 1473 2350 dicendo
1493 2311 1716 2350 misericor-

322 2386 427 2422 diam
448 2394 557 2421 tuam
579 2397 828 2421 commovere
850 2383 987 2435 poffim
1007 2398 1015 2420 :
1050 2381 1152 2420 nihil
1173 2394 1271 2433 opus
1293 2379 1346 2416 est
1365 2394 1373 2416 :
1407 2391 1610 2416 occurrere
1638 2376 1718 2429 ipsa

325 2451 421 2490 solet
461 2450 707 2503 supplicibus
747 2460 785 2487 et
827 2449 1059 2487 calamitosis
1078 2477 1089 2493 ,
1131 2447 1280 2485 nullius
1326 2445 1501 2482 oratione
1546 2452 1716 2481 evocata.

1242 2511 1417 2549 Mmz
