2076 2860
628 131 1206 171 PHILIPPICA
1283 132 1400 172 XIII.
1633 145 1713 188 447

317 235 469 273 senatus
493 234 710 288 populique
733 235 905 273 Romani
927 234 1039 272 ardor
1059 235 1256 286 extingui.
1283 235 1480 274 Odimus:
1505 236 1593 274 irati
1610 250 1714 288 pug-

317 313 486 338 namus:
518 300 745 352 extorqueri
777 300 825 337 de
856 300 1040 337 manibus
1073 313 1179 337 arma
1210 313 1288 337 non
1320 300 1504 353 possunt:
1539 302 1715 353 receptui

316 366 487 419 signum,
504 375 572 404 aut
593 367 884 404 revocationem
901 380 921 403 a
941 366 1062 412 bello,
1080 366 1213 404 audire
1234 380 1313 404 non
1335 367 1536 420 poffumus
1554 383 1562 406 ε
1587 367 1715 420 spera-

315 446 405 470 mus
427 433 597 485 optima:
623 433 704 485 pati
724 433 784 471 vel
807 433 1046 480 difficillima
1066 433 1280 478 malumus,
1303 447 1422 486 quam
1445 434 1598 472 servire.
1624 435 1713 472 Cae-

316 498 373 537 sar
393 499 569 537 confecit
589 500 783 538 invictum
809 500 1057 538 exercitum:
1091 499 1171 538 duo
1202 498 1402 538 fortiffimi
1433 501 1612 538 consules
1645 500 1715 539 ad-

315 566 406 604 sunt
427 580 521 604 cum
542 567 668 619 copiis
687 581 695 605 :
730 568 779 605 L.
805 567 941 605 Planci
972 566 1144 604 consulis
1175 566 1363 619 defignati
1393 567 1496 605 varia
1515 576 1554 605 et
1575 581 1718 620 magna

312 633 460 670 auxilia
480 646 560 672 non
581 632 745 671 desunt:
770 633 816 671 de
839 634 893 671 D.
914 633 1026 670 Bruti
1048 632 1168 670 salute
1189 642 1373 670 certatur.
1409 634 1523 671 Unus
1545 633 1715 672 furiosus

314 698 508 750 gladiator
528 712 622 737 cum
652 700 948 737 teterrimorum
979 699 1179 736 latronum
1212 711 1332 736 manu
1364 709 1501 737 contra
1532 701 1714 752 patriam,

315 766 580 802 contra¹Deos
602 774 776 816 penates,
804 775 941 803 contra
961 778 1041 802 aras
1062 772 1100 801 et
1121 763 1246 808 focos,
1270 773 1406 802 contra
1427 773 1597 817 quatuor
1616 779 1714 803 con-

314 830 430 876 sules,
461 831 563 883 gerit
585 830 752 869 bellum.
786 832 897 869 Huic
919 831 1103 869 cedamus
1123 832 1136 868 ?
1167 829 1288 883 hujus
1310 831 1558 869 conditiones
1580 831 1715 870 audia-

317 909 407 934 mus
427 898 440 934 ?
472 910 566 934 curn
587 896 664 934 hoc
686 911 824 950 pacem
845 897 929 935 fieri
949 896 1054 950 posse
1074 896 1278 934 credamus
1299 897 1313 934 ?

370 963 488 1002 VIII.
513 965 569 1001 At
584 964 808 1015 periculum
825 964 893 1009 est,
912 977 960 1001 ne
975 964 1023 1001 ab
1040 963 1117 1001 hoc
1133 964 1420 1016 opprimamur.
1445 964 1540 1002 Non
1562 973 1714 1010 metuo,

314 1042 363 1066 ne
384 1030 431 1074 is,
464 1030 534 1081 qui
554 1029 631 1068 suis
654 1030 900 1081 ampliffimis
922 1030 1110 1075 fortunis,
1142 1030 1213 1068 nifi
1239 1030 1353 1068 bonis
1375 1030 1503 1075 salvis,
1534 1029 1614 1069 frui
1636 1045 1716 1069 non

311 1093 453 1147 potest,
471 1093 611 1147 prodat
627 1094 793 1132 salutem
814 1094 936 1133 suam.
961 1095 1092 1132 Bonos
1109 1095 1213 1132 cives
1230 1096 1407 1147 primum
1424 1104 1561 1134 natura
1575 1096 1713 1143 efficit,

311 1159 470 1212 adjuvat
492 1160 633 1198 deinde
653 1159 827 1199 fortuna.
874 1159 1077 1198 Omnibus
1099 1161 1207 1198 enim
1229 1160 1345 1199 bonis
1365 1161 1540 1213 expedit,
1574 1162 1715 1200 salvam

311 1225 385 1264 effe
407 1225 698 1278 rempublicam
716 1241 725 1264 ε
759 1225 823 1263 sed
843 1226 885 1264 in
907 1226 970 1271 iis,
1003 1226 1074 1278 qui
1094 1226 1287 1264 fortunati
1308 1227 1413 1272 sunt,
1435 1229 1561 1280 magis
1583 1228 1623 1266 id
1644 1242 1715 1281 ap-

313 1299 437 1344 paret.
471 1291 575 1342 Qis
596 1289 836 1329 fortunatior
862 1290 1030 1344 Lepido,
1062 1300 1107 1329 ut
1127 1300 1216 1329 ante
1236 1292 1320 1329 dixi
1340 1293 1353 1330 ?
1386 1293 1474 1345 quis
1497 1293 1635 1332 eodem
1657 1294 1715 1332 sa—

312 1357 400 1396 nior
420 1359 434 1396 ?
467 1357 581 1395 Vidit
602 1359 686 1410 ejus
707 1358 936 1396 moestitiam
957 1367 1075 1410 atque
1096 1358 1285 1410 lacrymas
1307 1360 1480 1411 populus
1508 1361 1714 1399 Romanus

312 1424 626 1476 Lupercalibus:
651 1424 765 1469 vidit,
785 1438 904 1477 quam
925 1424 1113 1476 abjectus,
1132 1438 1251 1477 qua-m
1272 1424 1476 1464 confectus
1497 1426 1602 1472 esset,
1621 1441 1715 1464 cum

313 1489 455 1528 Caesari
488 1489 665 1528 diadema
697 1492 906 1543 imponens
939 1491 1157 1536 Antonius,
1189 1491 1343 1529 servum
1371 1492 1407 1529 se
1437 1492 1561 1538 illius,
1593 1506 1713 1544 quam

311 1556 523 1608 collegam,
554 1556 626 1594 effe
648 1557 832 1595 malebat.
878 1557 976 1608 Qi,
1008 1557 1034 1595 fi
1056 1557 1218 1609 reliquis
1241 1557 1400 1610 flagitiis
1428 1568 1467 1596 et
1500 1559 1709 1597 sceleribus

313 1622 350 1661 se
371 1622 563 1661 abstinere
583 1623 782 1675 potuiffet‚
816 1632 946 1661 tamen
969 1637 1095 1660 unum
1117 1623 1168 1660 ob
1189 1622 1265 1661 hoc
1287 1623 1437 1662 factum
1465 1624 1632 1676 dignum
1660 1625 1713 1663 il-

313 1689 400 1727 lum
423 1690 532 1726 omni
556 1703 670 1741 poena
691 1699 883 1742 putarem.
929 1690 1051 1734 Nam,
1084 1690 1110 1727 fi
1138 1689 1218 1742 ipse
1240 1690 1378 1728 servire
1399 1700 1565 1742 poterat,
1598 1692 1713 1729 nobis

313 1754 524 1792 dominum
547 1768 616 1792 cur
637 1755 898 1808 imponebat?
931 1764 983 1800 et,
1017 1755 1046 1792 fir
1073 1756 1155 1808 ejus
1186 1756 1354 1807 pueritia
1382 1756 1595 1808 pertulerat
1616 1757 1712 1795 libi—

312 1821 423 1858 dines
456 1834 608 1866 eorum,
641 1821 711 1873 qui
743 1831 851 1859 erant
883 1821 924 1858 in
956 1834 1048 1859 eum
1085 1822 1254 1872 tyranni,
1287 1822 1456 1860 etiamne
1489 1823 1531 1860 in
1563 1823 1712 1861 nostros

312 1887 457 1925 liberos
491 1886 702 1924 dominum
735 1896 773 1924 et
805 1896 1018 1939 tyrannum
1047 1887 1332 1939 comparabat?
1364 1888 1516 1939 Itaque,
1549 1889 1620 1926 illo
1648 1889 1712 1926 in-

315 1951 491 1998 terfecto,
524 1952 682 2005 qualem
703 1967 796 1991 eum
817 1954 858 1991 in
881 1966 952 1990 nos
980 1952 1052 1990 effe
1079 1952 1221 1998 volu-it,
1255 1952 1342 1990 talis
1372 1953 1453 2005 ipse
1482 1954 1523 1991 in
1554 1963 1712 1993 caeteros

309 2018 459 2058 extitit.

370 2085 463 2136 Qa
494 2085 602 2122 enim
636 2085 678 2122 in
714 2083 888 2121 barbaria
922 2083 1131 2136 quisquam
1166 2092 1247 2122 tam
1283 2093 1395 2131 teter,
1428 2094 1508 2124 tam
1541 2086 1711 2125 crudelis

313 2158 518 2201 tyrannus,
550 2164 669 2202 quam
689 2150 730 2187 in
752 2149 824 2187 hac
847 2150 943 2187 urbe
964 2150 1082 2187 armis
1104 2150 1358 2189 barbarorum
1389 2151 1550 2205 stipatus
1578 2154 1711 2191 Anto-

314 2216 402 2254 nius
423 2217 436 2253 ?
469 2216 616 2254 Caesare
637 2216 866 2254 dominante
887 2217 1142 2255 veniebamus
1164 2217 1205 2255 in
1227 2218 1419 2264 senatum,
1451 2219 1477 2256 s1
1507 2231 1585 2256 non
1607 2219 1710 2257 libe-

312 2295 366 2327 re,
398 2290 569 2319 attamen
596 2291 710 2321 tuto:
744 2281 820 2321 hoc
853 2282 1101 2335 archipirata,
1137 2283 1253 2336 (quid
1282 2285 1389 2323 enim
1417 2285 1547 2323 dicam
1576 2294 1710 2337 tyran-

312 2361 363 2386 no
383 2347 416 2399 ?)
450 2347 532 2386 haec
555 2347 734 2386 subsellia
754 2349 801 2386 ab
824 2348 993 2400 Ithyreis
1016 2350 1326 2402 occupabantur.
1372 2351 1559 2403 Prorupit
1579 2351 1710 2388 subito

312 2414 594 2459 Brundusium,
628 2423 670 2451 ut
692 2413 798 2459 inde,
831 2415 988 2466 agmine
1016 2415 1219 2467 quadrato,
1252 2416 1298 2453 ad
1320 2416 1458 2454 urbem
1481 2417 1679 2454 accederet
1696 2430 1708 2454 t

312 2479 571 2518 lautiffimum
611 2479 805 2532 oppidum
821 2510 831 2525 ‚
868 2493 976 2518 nunc
1015 2481 1283 2533 municipium
1300 2510 1310 2526 ,
1353 2480 1709 2520 honestiffimorum
