2076 2860
291 265 321 294 p.

558 159 851 201 VARIAE

295 295 350 333 136
375 255 413 333 ²¹4
435 305 465 326 ut
485 308 619 336 nequem
647 299 712 329 HS
736 302 762 330 d.
791 315 812 339 χ
835 314 911 341 neque
934 304 959 338 ψ
980 315 1010 332 ne

374 387 409 415 23
433 348 563 414 polqliirtiittlis
580 378 610 406 Η
626 380 643 407 S
658 392 705 409 non
714 382 833 418 poffimus

371 433 411 438 ——-
431 419 498 445 inde
513 419 539 452 ψ
553 419 579 447 d.

374 466 404 494 3¹
431 458 571 487 retinendi
584 473 606 495 χ
620 462 765 490 remittendi

295 505 349 534 ¹37
394 506 408 534 3
434 506 594 536 etexxcx

286 1820 342 1858 138

368 552 409 558 —
431 538 573 567 Lanuvini
587 553 610 576 χ
626 540 717 568 Latini

391 578 409 604 6
432 578 584 607 civitatem
599 593 622 617 χ
637 583 745 610 civitate

391 619 407 644 8
429 618 570 647 consectti
585 633 607 655 χ
621 622 725 657 afficuti

389 668 406 695 9
433 658 593 687 Insubrium

489 699 618 728 (eticorum

373 747 404 766 11
431 748 526 767 corum
544 740 574 768 H
591 741 607 768 S
622 743 650 770 d.

374 787 383 805 1
394 787 408 806 2
431 788 447 806 a
462 780 543 807 nobis
557 794 580 817 χ
594 782 620 809 d.

373 827 406 855 13
429 818 470 846 ibi
496 819 526 847 H
540 821 608 849 alibi
629 823 704 860 φφ.
720 823 790 861 lm.)
812 824 841 853 T
855 824 902 853 ubi
923 840 945 862 z
959 826 1006 855 ubi

467 869 516 887 non

369 913 410 920 —
430 897 479 926 ubi
496 909 551 927 non
567 901 603 928 est
615 910 765 941 exceptum
782 903 811 931 H
827 904 845 932 S
860 905 889 932 T
902 920 923 942 χ
936 906 963 936 d.

375 946 407 976 15
432 939 477 966 lex
493 940 510 967 S
527 940 578 978 lege

368 993 408 999 —
429 978 458 1006 id
473 992 497 1015 χ
511 991 541 1007 ea

366 1032 409 1039 —
430 1019 528 1047 Gellia
542 1020 573 1048 H
588 1021 605 1048 S
619 1021 726 1058 Agellia

370 1059 406 1085 16
427 1058 544 1087 definite
560 1061 588 1088 H
607 1061 623 1088 S
635 1062 746 1098 diffinita
759 1076 783 1100 χ
796 1065 904 1102 dzffinite

368 1112 410 1119 —
430 1100 593 1135 potestatem
610 1102 626 1128 S
640 1105 674 1140 est

372 1147 407 1174 19
424 1139 490 1174 jura
502 1140 531 1167 H
548 1144 609 1169 vita

369 1187 402 1205 21
428 1178 475 1206 sua
496 1180 523 1208 H
542 1181 559 1208 S
576 1187 624 1208 lua

364 1232 407 1239 —
427 1220 593 1255 repulerunt
606 1235 630 1257 χ
640 1221 782 1251 remlerunt

369 1267 403 1295 23
431 1258 553 1286 Lentulo
570 1260 598 1287 H
614 1261 651 1287 Μ
671 1262 774 1290 Lentulo

366 1313 407 1319 —
428 1298 587 1327 consulibus
603 1301 660 1329 lata
671 1315 695 1338 χ
708 1304 818 1341 corfiata

365 1353 406 1360 —
429 1348 483 1376 qua
499 1339 528 1367 T
543 1351 590 1377 quo

366 1393 406 1399 —
427 1388 579 1416 exceptum
596 1381 626 1409 H
643 1382 660 1410 S
675 1383 703 1410 d.

367 1418 405 1446 26
427 1427 455 1447 et
470 1419 679 1450 consetratione
694 1423 712 1450 S
732 1425 760 1451 d.

367 1468 404 1495 ²7
425 1467 512 1495 caput
527 1474 546 1496 χ
561 1465 644 1498 capite

364 1513 406 1519 ·—-
428 1498 497 1527 facit
513 1501 539 1528 Η
555 1501 658 1540 ψῄτεν
670 1511 680 1530 t
696 1503 811 1540 Sfuerit

366 1539 403 1566 28
425 1538 532 1567 foedere
546 1542 706 1576 ejusmodi?
731 1543 761 1571 H
774 1544 940 1582 Ssooedere?
956 1559 1001 1575 cu·

460 1580 575 1615 jusmod1
587 1584 604 1608 ?

368 1627 406 1655 30
428 1619 463 1646 de
477 1633 500 1657 χ
515 1624 543 1648 in

364 1668 403 1699 32
427 1669 518 1697 neque
530 1671 641 1697 poenam
657 1662 742 1691 latam
757 1661 999 1704 Spoenamgratam

470 1700 499 1727 T
510 1708 613 1738 poenam
625 1713 732 1741 gratam
746 1704 790 1732 vel
807 1714 896 1733 ratam
917 1720 940 1744 χ
953 1719 995 1735 ne-

472 1752 518 1778 que
526 1749 631 1778 prtnam
647 1752 733 1771 ratam
748 1746 790 1781 effi
804 1747 857 1773 dico

368 1789 405 1816 34
425 1779 482 1807 illis
499 1780 592 1809 verbis
608 1783 636 1810 H
652 1785 668 1809 S
681 1798 712 1819 χ,
727 1785 752 1819 ψ
766 1785 836 1812 [llius
848 1786 932 1815 verbis

390 1829 398 1848 1
426 1821 546 1857 populus
565 1823 599 1850 R.
614 1836 634 1858 χ
649 1825 744 1862 Populo
757 1825 812 1854 Rs

385 1862 400 1888 8
423 1860 519 1888 nostra:
533 1875 557 1898 χ
570 1865 662 1899 c'essroe

365 1909 402 1929 1ο
422 1899 516 1928 subito
531 1903 560 1930 in
578 1902 717 1940 Hispania
731 1905 785 1933 Cn.
802 1915 829 1934 et
841 1907 871 1934 P.
887 1907 997 1946 Scipio-

483 1950 530 1968 nes
544 1955 568 1979 χ
581 1945 608 1970 in
621 1943 775 1982 Htspaniam
786 1956 841 1974 cum
855 1957 877 1975 et
893 1948 924 1976 C.
941 1950 997 1976 Sca-

477 1992 543 2009 mms

366 2029 400 2048 12
421 1988 497 2048 iciss'se
511 2022 538 2050 Η
556 2023 664 2060 Sjeciffi
677 2025 705 2051 T
719 2028 836 2064 Zfi‘ff

362 2074 402 2081 —
423 2069 486 2088 cum
498 2074 519 2096 z
533 2070 588 2091 {am

368 2109 378 2128 1
388 2109 401 2136 3
425 2100 511 2128 vestra
526 2103 553 2129 Τ
568 2117 589 2139 χ
602 2105 686 2141 nostra

361 2155 402 2161 —
423 2141 556 2170 vetustate
569 2157 590 2178 z
605 2146 733 2180 venustate

366 2188 403 2216 ¹4
423 2188 450 2208 et
464 2182 571 2218 puolici
584 2183 656 2219 juris
672 2183 754 2220 periti
770 2185 801 2213 H
812 2186 839 2214 d.

365 2222 400 2247 10
423 2220 458 2247 de
475 2221 579 2249 foedere
593 2236 614 2257 χ
627 2224 756 2257 defendere

361 2275 404 2282 —
425 2260 462 2287 est
479 2261 505 2288 H
524 2262 541 2288 S
556 2272 634 2290 mam

363 2311 401 2330 20
424 2301 541 2328 nostram
558 2302 589 2330 H
601 2304 627 2329 d.

362 2350 395 2370 21
423 2341 586 2370 annositate
598 2356 679 2364 -—
689 2343 809 2381 publica
822 2359 842 2383 χ
855 2351 935 2384 αιςέῑα

363 2391 399 2409 22
423 2380 497 2408 abest
511 2395 532 2418 χ
546 2382 622 2410 habet

360 2430 399 2458 24
419 2421 444 2450 se
458 2422 595 2461 nusquam
611 2422 643 2452 H
657 2423 834 2464 Ssmatusque

699 662 885 695 Bai-batorum
902 679 924 701 χ
935 666 1006 694 Heu-

946 162 1512 208 LECTIONES,

1061 274 1121 342 Ι12ςὸ
1145 315 1178 342 2ς
1204 305 1333 343 plurimis
1348 307 1379 335 H
1393 308 1411 335 S
1422 307 1452 338 T
1464 310 1618 348 &pluribus

1144 345 1181 372 26
1203 347 1277 374 enim
1296 346 1323 374 H
1339 348 1355 374 S
1372 349 1400 376 T
1413 351 1442 378 d.

1147 395 1176 422 3¹
1205 386 1291 424 recipi
1304 401 1326 422 χ
1340 391 1447 426 resipere

1145 435 1179 462 33
1205 427 1283 465 Qid
1300 427 1329 454 id
1348 429 1375 456 H
1391 431 1409 457 S
1425 431 1534 468 ,Ξῃοᾶχ
1547 433 1668 470 Qadid

1066 474 1075 493 1
1085 475 1121 502 39
1167 475 1176 493 1
1204 468 1322 494 comiter
1339 468 1367 496 H
1385 470 1402 497 S
1418 475 1557 503 comitesrT
1572 479 1675 503 remim·

1140 521 1181 526 —
1201 507 1382 536 conservanto
1398 510 1429 539 H
1445 511 1462 538 S
1477 513 1623 548 conservant
1638 515 1667 544 T
1683 517 1779 554 confer-J

1249 546 1337 576 vae-it
1352 562 1373 584 χ
1388 551 1548 586 confit-vetur

1166 594 1179 622 3
1202 586 1258 614 hoc
1278 588 1304 615 H
1323 588 1340 616 S
1356 590 1434 627 hujus

1166 635 1179 662 ς
1203 626 1319 656 Deinde
1334 629 1364 656 H
1381 631 1398 656 S
1412 631 1520 660 Demum

1142 679 1183 686 —-
1201 667 1318 702 jubetur
1335 671 1499 705 xvidebitur

1163 714 1181 742 9
1203 710 1392 737 communiter
1406 711 1435 738 T
1450 713 1476 739 d.
1490 726 1512 749 χ
1525 717 1626 744 comiter

1147 753 1182 772 10
1204 746 1347 776 insolitum
1364 762 1387 786 χ
1401 751 1535 788 inftlutum

1147 794 1176 812 11
1204 788 1336 816 monstrat
1352 790 1369 816 S
1384 790 1412 818 T
1424 795 1564 831 monstrant

1147 833 1182 852 12
1204 826 1328 865 benigne
1342 842 1364 865 χ
1379 832 1406 858 d.

1141 879 1183 885 ·-·
1203 874 1230 895 et
1247 867 1274 895 H
1292 869 1309 896 S
1325 869 1354 896 T
1367 884 1390 907 χ
1404 873 1432 899 d.

1143 919 1184 926 -—
1204 908 1393 938 communiter
1407 911 1436 939 T
1451 912 1522 941 Comi

1146 954 1183 982 14
1203 949 1394 978 communiter
1407 965 1428 987 χ
1441 956 1542 984 cemiter-

1146 994 1178 1023 ις
1204 988 1350 1018 Romanus
1366 991 1394 1019 H
1413 993 1429 1019 S
1445 994 1472 1021 d.

1146 1034 1155 1052 1
1165 1030 1180 1054 ί)
1203 1030 1290 1065 potest
1304 1043 1327 1066 χ
1337 1032 1412 1068 pfft

1145 1073 1181 1102 17
1203 1077 1349 1098 caveretur
1363 1084 1386 1108 χ
1399 1081 1523 1102 caveatur

1141 1121 1183 1127 —
1203 1109 1328 1144 majestas
1343 1124 1366 1148 χ
1379 1115 1481 1141 civitas

1139 1161 1180 1168 —
1200 1157 1216 1175 a
1232 1148 1263 1176 H
1278 1149 1306 1176 T
1322 1149 1385 1185 qud.

1143 1197 1177 1224 23
1201 1198 1265 1226 quae
1278 1202 1299 1224 χ
1313 1202 1383 1228 quem

1143 1236 1182 1262 24
1202 1230 1396 1266 repetentibus
1411 1245 1432 1267 χ
1446 1234 1591 1271 repemibux

1144 1276 1181 1304 29
1201 1267 1305 1296 habere
1316 1283 1339 1307 χ
1353 1271 1459 1300 haberet

1143 1316 1180 1344 30
1203 1316 1316 1337 cautum
1329 1318 1461 1346 grumum

1142 1356 1174 1384 3¹
1201 1347 1253 1375 effe
1267 1362 1288 1384 z
1304 1351 1361 1387 fft

1141 1397 1176 1424 32
1200 1397 1263 1425 quae
1278 1403 1300 1425 χ
1313 1393 1382 1428 quod

1162 1436 1177 1454 2
1200 1428 1324 1457 defendo
1339 1431 1369 1459 H
1385 1433 1402 1460 S
1416 1432 1565 1469 dfindendo

1161 1476 1175 1504 3
1199 1478 1231 1495 ac
1246 1469 1276 1496 H
1292 1470 1320 1498 T
1334 1484 1357 1508 χ
1371 1475 1494 1509 acstudio
1509 1475 1621 1513 Sstudio
1633 1483 1658 1505 et

1136 1521 1177 1528 —
1199 1508 1234 1535 ab
1251 1510 1279 1536 H
1294 1511 1335 1538 his
1349 1513 1383 1539 ab
1398 1513 1415 1540 S
1431 1515 1464 1541 ii:
1477 1514 1512 1542 ab

1156 1557 1174 1583 4
1195 1558 1357 1588 nomenque
1373 1553 1402 1580 H
1417 1561 1569 1594 mentemque
1588 1557 1660 1595 (fiap.
1675 1558 1750 1596 lin.)

1158 1597 1173 1624 5
1196 1598 1267 1625 quos
1282 1591 1311 1617 T
1325 1604 1346 1626 χ
1360 1594 1405 1629 qui

1136 1641 1176 1648 ·-
1198 1629 1279 1657 nobis
1296 1631 1323 1659 H
1339 1633 1356 1659 S
1371 1633 1396 1667 ψ
1411 1636 1501 1671 nestris

1135 1683 1176 1688 —
1197 1668 1368 1700 inferrentur
1382 1686 1405 1710 χ
1418 1677 1544 1712 itfirrcnt

1159 1709 1175 1735 8
1198 1718 1260 1738 arce
1276 1711 1305 1739 T
1319 1719 1378 1741 arte
1389 1727 1412 1751 χ
1425 1721 1508 1744 marte

1155 1758 1174 1785 9
1197 1749 1222 1776 se
1238 1751 1266 1778 H
1284 1752 1347 1790 Sfic

1139 1797 1174 1816 10
1197 1798 1227 1818 ut
1248 1791 1276 1818 H
1289 1801 1337 1820 aut

1139 1837 1169 1856 11
1196 1829 1254 1866 ipse
1270 1832 1299 1859 T
1313 1846 1336 1870 χ
1350 1835 1376 1863 d.

1135 1883 1176 1889 —-
1196 1879 1228 1897 ac
1245 1871 1273 1898 H
1290 1873 1307 1900 S
1323 1873 1367 1901 vel
1379 1874 1406 1902 T
1421 1881 1445 1903 et

1137 1918 1170 1945 ¹3
1194 1919 1222 1938 et
1237 1912 1266 1939 H
1283 1914 1300 1940 S
1313 1919 1343 1941 ut

1139 1958 1172 1980 17
1196 1952 1375 1990 pecuniaque
1390 1954 1421 1982 H
1437 1956 1454 1983 S
1465 1962 1577 1994 pecunia

1139 1990 1172 2017 18
1195 1991 1319 2021 fecerant
1335 1995 1492 2032 Hfl’cerunt

1136 2039 1173 2058 20
1195 2031 1225 2058 fit
1242 2032 1268 2059 H
1287 2034 1304 2060 S
1320 2034 1407 2072 qusint
1420 2039 1513 2074 xsive

1135 2079 1166 2098 21
1195 2071 1224 2098 fit
1241 2071 1270 2099 H
1287 2073 1367 2110 Sfint

1130 2125 1170 2131 —-
1192 2110 1223 2138 fit
1239 2112 1318 2150 Sfint

1137 2159 1166 2186 3¹
1188 2151 1347 2182 Gaditanos
1360 2169 1384 2193 χ
1397 2157 1531 2187 Gaditano

1137 2200 1171 2228 3²
1196 2192 1329 2222 excitabo
1341 2209 1374 2231 χ,
1389 2196 1416 2232 ψ
1429 2201 1512 2226 excito

1131 2246 1172 2253 —-
1192 2241 1263 2269 quos
1280 2234 1310 2262 H
1324 2249 1348 2273 χ
1361 2239 1387 2266 d.

1135 2280 1172 2308 34
1192 2273 1312 2309 periculi
1326 2277 1419 2306 mistos
1433 2291 1457 2316 χ
1466 2278 1676 2318 periculofifflmo:

1055 2320 1106 2349 ¹4¹
1158 2321 1167 2339 1
1193 2313 1322 2344 inaudita
1337 2317 1368 2345 H
1381 2318 1473 2356 xlrjam
1486 2321 1581 2348 audita
1593 2334 1615 2357 χ
1628 2321 1751 2351 mendara

1131 2367 1171 2374 —
1194 2361 1223 2380 ut
1240 2355 1269 2382 T
1283 2356 1310 2383 d.

1153 2402 1169 2421 2
1191 2393 1425 2428 senatusconsulta
1447 2399 1478 2428 H
1493 2399 1511 2428 S
1527 2399 1557 2428 T
1570 2412 1602 2437 χ,
1615 2400 1641 2435 ψ
1654 2401 1763 2439 finatus

1231 2438 1351 2465 convitia

1063 1434 1118 1463 140
