2076 2860
650 184 1225 223 PHILIPPICA
1303 183 1376 222 IV.
1632 199 1707 238 349

314 298 431 341 atque
453 286 614 333 nefario,
639 287 702 326 sed
722 301 816 326 cum
837 287 1003 326 immani
1025 296 1200 339 tetraque
1222 287 1374 326 bellua:
1399 301 1500 340 quae‚
1519 289 1708 341 quoniam

316 356 357 393 in
378 354 532 393 foveam
553 355 710 400 incidit,
743 355 944 393 obruatur.
979 355 1018 391 Si
1039 354 1146 392 enim
1168 354 1281 392 illinc
1303 354 1525 401 emerserit;
1558 356 1708 395 nullius

316 420 502 473 supplicii
536 420 744 459 crudelitas
781 421 854 458 erit
890 420 1111 458 recusanda.
1164 420 1235 458 Sed
1276 429 1456 466 tenetur,
1487 423 1707 474 premitur,

317 495 492 538 urgetur,
524 500 631 525 nunc
653 487 699 524 iis
721 487 861 539 copiis,
883 500 978 538 quas
999 486 1216 531 habemus3
1248 500 1343 524 mox
1365 487 1426 532 iis,
1459 501 1553 539 quas
1574 491 1708 540 paucis

316 552 454 590 diebus
476 553 569 591 novi
589 553 766 591 consules
788 553 1088 606 comparabunt.
1113 552 1340 591 Incumbite
1356 554 1397 590 in
1414 554 1582 600 causam,
1601 557 1707 607 Qi-

316 619 424 663 sites,
447 628 491 656 ut
511 617 656 657 facitis.
681 619 903 671 Nunquam
923 618 1044 656 vester
1064 617 1271 656 consensus
1292 620 1417 671 major
1436 619 1477 657 in
1501 620 1580 657 ulla
1600 621 1711 660 causa

315 683 394 722 fuit
413 699 421 722 :
455 698 659 737 nunquam
680 694 761 723 tam
781 684 1035 723 vehementer
1055 698 1148 722 cum
1169 684 1300 722 senatu
1322 685 1534 723 consociati
1564 686 1706 728 fuistis.

316 751 404 788 Nec
426 751 574 789 mirum
593 766 601 789 ε
634 751 764 803 agitur
784 752 891 789 enim
912 765 992 789 non
1013 764 1090 803 qua
1110 749 1340 788 conditione
1360 751 1516 797 victuri,
1540 752 1603 790 sed
1623 755 1707 793 vic-

314 816 446 855 turine
466 817 599 862 simus,
631 831 678 855 an
699 831 793 855 cum
814 817 1009 870 supplicio
1030 817 1329 869 ignominiaque
1351 817 1529 870 perituri.

371 883 612 936 Qanquam
633 893 801 921 mortem
824 883 987 936 quidem
1007 883 1194 920 omnibus
1217 893 1353 921 natura
1368 885 1592 937 proposuit5
1617 900 1708 925 cru-

315 948 517 987 delitatem
537 950 676 987 mortis
698 958 737 987 et
767 949 933 988 dedecus
956 950 1079 987 virtus
1101 949 1326 1002 propulsare
1347 950 1468 996 solet3
1502 966 1587 1004 quae
1614 968 1707 1006 pro-

313 1015 399 1067 pria
428 1014 482 1052 est
513 1015 685 1053 Romani
717 1015 870 1067 generis
905 1024 944 1053 et
979 1015 1152 1054 seminis.
1201 1016 1319 1054 Hanc
1352 1018 1530 1064 retinete,
1563 1020 1706 1072 quaeso,

312 1080 507 1130 Qirites,
539 1094 658 1132 quam
685 1081 797 1118 vobis
826 1090 1014 1133 tanquam
1040 1080 1299 1119 hereditatem
1320 1084 1484 1135 majores
1506 1085 1618 1123 vestri
1647 1100 1708 1124 re·-

311 1145 528 1197 liquerunt.
572 1147 813 1199 Qanquam
834 1147 967 1185 omnia
986 1147 1060 1185 alia
1080 1147 1228 1185 incerta
1249 1147 1352 1194 sunt,
1385 1149 1543 1195 caduca,
1575 1152 1708 1190 mobi-

313 1211 384 1249 lia:
408 1212 531 1250 virtus
549 1212 602 1249 est
619 1227 694 1250 una
710 1213 902 1251 altiffimis
920 1213 1045 1251 defixa
1063 1213 1280 1259 radicibus3
1305 1228 1391 1266 quae
1409 1229 1613 1268 nunquam
1631 1219 1711 1256 ulla

313 1277 352 1315 vi
385 1276 607 1315 labefactari
640 1278 779 1330 potest,
812 1293 1017 1331 nunquam
1050 1279 1248 1317 demoveri
1281 1281 1383 1319 loco.
1423 1282 1511 1320 Hac
1544 1286 1708 1336 majores

313 1343 427 1381 vestri
448 1344 624 1396 primum
646 1344 864 1382 universam
887 1346 1040 1383 Italiam
1063 1345 1313 1385 devicerunt:
1338 1347 1478 1386 deinde
1497 1349 1707 1404 Carthagi-

315 1423 408 1447 nem
429 1410 675 1455 exciderunt,
709 1411 971 1449 Numantiam
999 1421 1236 1457 everterunt,
1268 1415 1555 1465 potentifiimos
1585 1431 1705 1469 reges²

314 1475 618 1513 bellicofiffimas
640 1486 790 1528 gentes,
823 1477 863 1514 in
886 1477 1078 1515 ditionem
1100 1477 1219 1529 hujus
1241 1479 1398 1530 imperii
1419 1481 1666 1533 redegerunt.

372 1541 444 1579 VI.
468 1543 529 1578 Ac
551 1542 765 1593 majoribus
787 1542 949 1592 quidem
970 1542 1117 1586 vestris,
1138 1543 1330 1594 Qirites,
1349 1558 1442 1582 cum
1459 1560 1504 1583 eo
1520 1546 1628 1585 hoste
1651 1562 1707 1587 res

313 1616 407 1652 erat,
440 1607 509 1659 qui
538 1606 698 1645 haberet
720 1609 1022 1660 rempublicam,
1056 1609 1220 1654 curiam,
1253 1610 1445 1656 cerarium,
1478 1613 1709 1652 consensum

313 1680 352 1709 et
383 1671 635 1710 concordiam
666 1673 829 1718 civium,
863 1675 1054 1711 rationem
1087 1674 1274 1725 aliquam,
1308 1675 1333 1712 fi
1368 1689 1425 1712 res
1459 1677 1513 1714 ita
1545 1679 1705 1725 tulifl'et,

313 1739 419 1790 pacis
441 1748 479 1776 et
499 1739 680 1777 foederis:
705 1739 771 1777 hic
793 1740 912 1777 vester
929 1740 1048 1778 hostis
1066 1741 1226 1779 vestram
1244 1742 1530 1794 rempublicam
1549 1758 1706 1798 oppug-

295 1814 395 1849 ‚nat,
419 1803 497 1857 ipse
518 1803 637 1842 habet
658 1805 834 1843 nullam:
860 1806 1051 1850 senatum,
1076 1806 1115 1843 id
1136 1806 1202 1851 est,
1226 1807 1330 1844 orbis
1355 1817 1461 1846 terrae
1483 1810 1706 1858 confilium,

313 1870 441 1908 delere
461 1871 589 1922 gestit,
622 1871 701 1923 ipse
723 1872 930 1910 confilium
953 1872 1161 1925 pubchm
1184 1872 1342 1911 nullum
1363 1872 1505 1914 habet:
1531 1878 1707 1916 aerarium

314 1936 483 1975 vestrum
505 1936 694 1982 exhausit,
726 1937 840 1976 suum
863 1937 1095 1976 nonhabet.
1138 1940 1245 1977 Nam
1277 1941 1528 1979 concordiam
1559 1944 1707 1983 civium

313 2003 384 2055 qui
404 2001 545 2040 habere
572 2003 711 2055 potest,
745 2004 896 2042 nullam
926 2018 1018 2041 cum
1049 2004 1189 2042 habeat
1219 2006 1453 2045 civitatem?
1487 2009 1595 2047 Pacis
1618 2024 1707 2049 vero

313 2082 400 2120 quae
421 2069 545 2121 potest
566 2069 638 2107 effe
659 2083 750 2106 cum
772 2083 817 2107 eo
838 2071 950 2114 ratio,
978 2070 1017 2107 in
1040 2084 1119 2123 quo
1141 2071 1193 2109 est
1213 2071 1458 2111 incredibilis
1481 2075 1705 2123 crudelitas,

315 2133 410 2172 fides
432 2135 541 2172 nulla
559 2136 572 2172 ?

371 2199 439 2237 Est
459 2200 596 2252 igitur,
630 2200 821 2252 QiriteS,
854 2203 1002 2254 populo
1024 2203 1221 2249 Romano,
1245 2205 1382 2243 victori
1404 2207 1584 2244 omniurn
1606 2222 1704 2260 gen-

315 2265 432 2310 tium,
465 2278 582 2302 omne
603 2275 798 2304 certamen
821 2280 912 2305 cum
933 2268 1151 2314 excursore,
1174 2283 1267 2308 cum
1288 2271 1451 2317 latrone,
1475 2286 1567 2310 cum
1591 2274 1704 2326 Spar·

315 2341 415 2369 taco.
440 2331 561 2375 Nam,
580 2331 686 2383 quod
708 2331 742 2369 se
764 2332 929 2371 similem
951 2334 1022 2372 effe
1045 2335 1226 2374 Catilinae
1247 2337 1406 2388 gloriari
1423 2337 1540 2382 solet;
1566 2338 1705 2378 scelere

314 2410 382 2449 par
402 2395 454 2433 est
475 2395 549 2440 illi,
574 2396 760 2434 industria
780 2397 955 2437 inferior.
990 2400 1077 2445 Ille,
1100 2414 1193 2438 cum
1214 2403 1431 2440 exercitum
1453 2404 1611 2441 nullum
1633 2404 1700 2442 ha-

315 2461 468 2508 buisset,
501 2471 658 2515 repente
679 2461 891 2504 conflavit:
923 2462 990 2503 hic
1010 2478 1102 2504 eum
1123 2468 1355 2513 exercitum,
1387 2481 1505 2520 quem
1536 2470 1701 2523 accepit,
