2076 2860
381 205 429 256 98
859 200 1302 239 ORATIO

378 297 541 336 inimica
559 297 731 335 oratione
752 294 955 334 detrahitis
969 325 979 341 ,
1011 304 1055 333 ut
1076 308 1212 333 omnes
1236 294 1317 332 suas
1339 293 1516 332 fortunas
1537 290 1671 330 alienis
1693 291 1773 328 ser-

379 364 436 402 vis
459 363 750 401 committeret?
775 363 830 399 At
851 362 996 413 quibus
1018 361 1131 399 servis
1152 363 1163 398 ?
1188 360 1305 399 refert
1325 360 1431 398 enim
1452 371 1689 411 magnopere
1708 356 1772 394 id-

378 429 508 482 ipsum
527 444 535 467 :
568 428 691 473 hisne,
724 441 821 479 quos
849 427 1095 480 intelligebat
1117 441 1196 466 non
1218 427 1422 465 communi
1445 425 1672 464 conditione
1693 423 1771 461 ser-

379 496 516 534 vitutis
537 495 610 539 uti,
643 494 705 531 sed
726 493 926 538 licentius,
948 494 1126 539 liberius,
1148 493 1395 538 familiarius,
1418 507 1510 530 cum
1532 491 1693 529 domina
1711 489 1773 526 vi-

377 574 466 599 vere
485 561 497 597 ?
531 558 631 610 Qis
659 559 766 596 enim
786 557 862 596 hoc
884 573 963 597 non
983 559 1089 597 videt
1103 588 1114 604 ,
1146 559 1305 610 Judices
1321 589 1332 604 ,
1364 568 1430 596 aut
1450 558 1537 609 quis
1558 555 1634 594 hoc
1655 557 1775 607 igno-

381 635 437 664 rat
452 655 463 670 ‚
494 625 536 663 in
557 625 749 677 ejusmodi
768 625 888 663 domo
902 654 914 670 ,
945 624 986 662 in
1012 638 1089 677 qua
1108 624 1400 663 materfamilias
1423 622 1645 662 meretricio
1666 634 1775 659 more

379 691 503 736 vivat;
526 691 567 729 in
588 704 665 743 qua
684 690 785 729 nihil
805 700 974 743 geratur,
997 690 1104 744 quod
1123 690 1226 730 foras
1246 690 1527 744 proferendum
1549 690 1615 735 fit,
1637 689 1678 726 in
1700 699 1777 739 qua

381 758 513 803 lustra,
534 757 734 802 libidines,
766 757 955 802 luxuries,
986 757 1120 796 omnia
1139 757 1308 809 denique
1328 755 1503 794 inaudita
1522 755 1629 799 vitia,
1661 762 1777 805 atque

381 823 530 876 flagitia
543 823 763 868 versentur3
782 822 847 862 hic
864 823 989 862 servos
1006 837 1085 861 non
1102 823 1174 861 esse
1190 823 1340 861 servos?
1356 823 1501 875 quibus
1516 820 1650 859 omnia
1662 833 1775 858 com-

382 890 607 935 mittantur,
638 903 706 942 per
726 903 824 941 quos
844 898 1041 942 gerantur,
1064 889 1134 941 qui
1154 889 1352 927 versentur
1373 888 1509 926 iisdem
1529 888 1570 925 in
1591 885 1777 938 volupta-

382 955 505 1001 tibus,
537 955 681 1007 quibus
702 955 859 993 occulta
878 955 1100 1000 credantur,
1131 954 1178 992 ad
1198 968 1297 1007 quos
1317 955 1564 1006 aliquantum
1584 952 1703 991 etiam
1730 963 1779 990 ex

382 1021 622 1075 quotidianis
639 1022 861 1075 sumptibus
878 1036 921 1060 ac
937 1022 1093 1060 luxuria
1108 1021 1322 1060 redundet?
1340 1021 1386 1060 Id
1399 1021 1521 1073 igitur
1535 1020 1679 1058 Caelius
1697 1031 1779 1056 non

384 1087 569 1126 videbat?
593 1087 631 1125 Si
652 1088 760 1125 enim
781 1096 860 1126 tam
881 1087 1084 1126 familiaris
1105 1096 1185 1125 erat
1206 1087 1398 1132 mulieris,
1416 1100 1536 1139 quam
1551 1098 1619 1124 vos
1640 1083 1779 1128 vultis,

383 1153 474 1192 istos
495 1167 653 1206 quoque
674 1154 798 1192 servos
818 1154 1027 1192 familiares
1049 1154 1121 1192 effe
1141 1154 1310 1192 dominae
1330 1154 1488 1192 sciebat.
1532 1153 1597 1191 Sin
1618 1152 1652 1190 ei
1674 1159 1781 1189 tanta

385 1220 653 1266 consuetudo,
685 1230 830 1272 quanta
860 1235 881 1258 a
911 1221 1022 1258 vobis
1054 1220 1284 1266 inducitur,
1316 1235 1395 1258 non
1428 1229 1535 1266 erat3
1568 1232 1654 1272 quae
1685 1231 1780 1256 cum

386 1287 499 1325 servis
520 1287 652 1339 potuit
672 1286 913 1325 familiaritas
934 1287 1006 1325 effe
1026 1288 1161 1325 tanta?

440 1354 597 1393 XXIV.
631 1353 753 1406 Ipsius
775 1362 906 1391 autem
926 1353 1067 1391 veneni
1086 1367 1171 1405 quae
1193 1353 1290 1391 ratio
1311 1352 1475 1405 fingitur
1494 1353 1506 1390 ?
1539 1351 1608 1389 ubi
1640 1348 1779 1403 quaefi-

386 1428 473 1457 tum
489 1419 566 1457 est?
588 1419 923 1471 quemadmodum
940 1420 1143 1472 paratum?
1161 1433 1240 1471 quo
1261 1420 1397 1471 paeto?
1419 1418 1499 1463 cui,
1516 1431 1597 1470 quo
1612 1417 1653 1454 in
1674 1416 1780 1460 Ιοςο,

387 1485 576 1523 traditum
593 1486 605 1522 ?
638 1485 828 1523 Habuiffe
848 1485 958 1523 aiunt
978 1485 1101 1531 domi,
1133 1485 1294 1537 vimque
1314 1486 1396 1538 ejus
1417 1484 1489 1522 effe
1509 1491 1717 1536 expertum
1738 1481 1781 1519 in

386 1552 492 1590 servo
513 1551 701 1603 quodam,
723 1551 770 1588 ad
791 1565 873 1589 rem
890 1551 1013 1604 ipsam
1028 1561 1177 1604 parato,
1195 1553 1307 1604 cujus
1325 1550 1512 1604 perceleri
1529 1549 1692 1588 interitu
1708 1547 1781 1586 effe

385 1618 432 1655 ab
452 1616 529 1655 hoc
546 1617 851 1669 comprobatum
866 1630 1077 1655 venenum.
1097 1618 1174 1655 Pro
1190 1617 1262 1655 Dii
1282 1616 1546 1655 immortales!
1566 1629 1636 1654 cur
1655 1615 1781 1652 inter-

386 1683 482 1721 dum
503 1684 543 1721 in
565 1682 776 1721 hominum
799 1683 1007 1721 sceleribus
1028 1683 1213 1721 maximis
1234 1692 1301 1721 aut
1321 1683 1563 1728 connivefis,
1594 1689 1660 1719 aut
1680 1694 1780 1733 prae-

388 1749 505 1787 sentis
535 1749 682 1787 fraudis
712 1763 845 1801 peenas
877 1749 917 1786 in
948 1749 1054 1787 diem
1084 1741 1314 1787 reservatis?
1346 1749 1441 1786 Vidi
1461 1749 1584 1793 enim,
1615 1746 1712 1792 vidi,
1743 1754 1784 1783 et

389 1815 505 1853 illum
526 1814 632 1853 haufi
654 1815 830 1853 dolorem
851 1815 912 1852 vel
933 1815 1222 1852 acerbiffimum
1243 1815 1284 1852 in
1305 1815 1398 1859 vita,
1430 1828 1524 1852 cum
1551 1812 1783 1865 QMetel-

390 1882 449 1919 lus
471 1877 752 1919 abstraheretur
768 1895 788 1918 e
804 1881 887 1919 finu
908 1882 1140 1934 gremioque
1161 1881 1318 1933 patriae;
1338 1894 1512 1933 cumque
1532 1880 1600 1917 ille
1620 1879 1694 1924 vir,
1712 1878 1783 1931 qui

390 1949 425 1987 se
446 1958 584 1987 natum
604 1947 699 1986 huic
721 1948 888 2001 imperio
909 1948 1076 2001 putavit,
1109 1948 1225 1986 tertio
1247 1948 1308 1985 die
1328 1947 1428 2000 post,
1455 1961 1575 2000 quam
1597 1947 1637 1984 in
1659 1946 1783 1990 curia,

391 2028 509 2067 quam
537 2015 578 2052 in
610 2014 775 2060 Rostris,
807 2028 926 2067 quarn
956 2015 997 2052 in
1029 2014 1266 2067 Republica,
1298 2013 1498 2059 floruisset,
1530 2013 1785 2065 integerrima

388 2089 513 2125 aetate,
544 2081 699 2133 optimo
728 2080 882 2126 habitu,
915 2080 1099 2119 maximis
1130 2081 1294 2125 viribus,
1326 2080 1540 2132 eriperetur
1560 2077 1784 2131 indigniffi‘-

392 2159 455 2184 me
477 2146 589 2184 bonis
611 2147 814 2192 omnibus,
845 2156 962 2199 atque
984 2146 1168 2185 universae
1188 2146 1354 2185 civitati.
1379 2147 1473 2198 Qo
1493 2145 1656 2198 quidem
1679 2154 1782 2183 tem-

393 2225 484 2265 pore
505 2212 573 2249 ille
593 2213 764 2250 moriens
780 2242 790 2257 ‚
822 2225 916 2250 cum
931 2213 1015 2264 jam
1036 2213 1184 2251 caeteris
1205 2226 1253 2251 ex
1274 2212 1450 2265 partibus
1471 2211 1646 2265 opprefl‘a
1672 2222 1784 2248 mens

391 2278 481 2315 effer
497 2308 507 2323 ‚
539 2287 762 2316 extremum
793 2278 944 2316 sensum
971 2278 1019 2316 ad
1039 2279 1272 2317 memoriam
1293 2279 1519 2331 reipublicae
1541 2277 1754 2316 reservabat
1772 2291 1781 2314 :

392 2359 484 2382 cum
507 2358 570 2382 me
591 2345 747 2383 intuens
770 2345 930 2383 flentem
952 2345 1192 2397 significabat
1219 2346 1448 2398 interruptis
1470 2354 1588 2398 atque
1608 2344 1784 2383 morien-

394 2411 498 2448 tibus
523 2411 684 2449 vocibus
701 2441 711 2456 ,
743 2421 889 2464 quanta
910 2411 1153 2463 impenderet
1175 2411 1347 2464 procella
1368 2412 1482 2457 urbi,
1514 2420 1660 2464 quanta
1680 2419 1783 2448 tem-

393 2477 513 2530 pestas
534 2477 685 2517 civitati
703 2498 714 2524 ;
746 2490 783 2518 et
805 2492 898 2517 cum
915 2509 924 2524 ,
957 2479 1144 2531 parietem
1167 2479 1261 2531 saepe
1282 2478 1423 2518 feriens
1445 2493 1536 2518 eum
1551 2508 1563 2525 ,
1595 2478 1664 2531 qui
1692 2488 1785 2514 cum
