2076 2860
676 151 758 190 IN
818 148 1261 189 VATINIUM.
1622 163 1669 201 γι

263 258 318 294 ct,
350 248 602 302 posteaquam
624 247 692 286 ille
712 247 767 285 est
788 259 875 284 reus
897 245 1039 291 fadiu&
1072 245 1203 284 statim
1232 245 1368 284 tuleris
1398 246 1439 283 in
1465 258 1573 290 eum,
1606 246 1675 298 qui

267 325 376 354 tuam
396 315 482 368 post
503 315 634 367 legem
656 327 742 352 reus
760 313 885 351 faetus
907 312 1019 358 effet3
1045 322 1089 350 ut
1105 311 1229 351 homo
1245 312 1474 358 consularis,
1494 312 1675 350 exclusus

265 382 383 421 miser
415 383 563 435 pund'oe
598 381 804 434 temporis,
838 379 1071 432 spoliaretur
1103 379 1297 419 beneficio
1330 389 1369 418 et
1401 381 1584 432 aequitate
1617 379 1675 416 le-

267 449 327 502 gis
350 457 426 487 tuae
446 449 459 486 ἓ

324 516 446 553 Dices
468 513 782 552 familiaritatem
805 512 879 551 tibi
907 511 1021 551 fuifl‘e
1043 526 1137 551 cum
1166 513 1445 564 QMaximo.
1492 512 1679 550 Praeclara

268 580 441 620 defensio
468 580 656 619 facinoris
687 580 761 618 tui.
796 580 905 618 Nam
926 579 1103 617 Maximi
1131 579 1294 632 quidem
1322 579 1477 616 summa
1504 579 1586 616 laus
1609 579 1677 622 est,

267 648 436 702 sumptis
466 648 707 692 inimicitiis,
741 646 917 700 suscepta
943 646 1068 691 causa,
1101 646 1304 698 quaefitore
1332 646 1576 698 consilioque
1608 646 1678 684 de-

266 715 370 754 1εὲὶο
385 745 396 761 ,
429 714 746 753 commodiorem
769 714 936 753 inimico
958 712 1027 750 suo
1047 712 1323 750 conditionem
1346 713 1568 765 rejeftionis
1592 712 1681 750 dare

268 781 460 827 noluisse,
493 780 677 833 nihilque
701 780 908 817 Maximus
930 778 1027 816 fecit
1048 778 1224 816 alienum
1245 788 1313 816 aut
1334 778 1400 816 sua
1420 779 1581 823 virtute,
1614 789 1682 817 aut

269 848 350 886 illis
372 848 466 885 viris
488 846 722 890 clarissimis,
748 844 895 890 Paulis,
919 844 1130 890 Maximis,
1153 843 1371 889 Africanis,
1395 859 1567 897 quorum
1590 845 1680 897 glo-

269 914 368 953 riam
384 912 504 966 hujus
522 913 667 950 virtute
684 921 910 949 renovatam
928 925 1007 948 non
1029 910 1150 948 modo
1171 911 1385 964 spemmm,
1402 925 1539 949 verum
1562 913 1682 949 etiam

263 981 351 1034 jam
370 979 552 1018 videmus
572 994 580 1017 :
616 988 682 1016 tua
702 977 823 1024 fraus,
856 988 974 1016 tuum
1000 977 1260 1023 maleficium,
1295 988 1411 1016 tuum
1433 978 1557 1016 scelus
1581 979 1681 1016 illud

269 1047 338 1093 est,
371 1055 409 1085 te
430 1046 485 1092 id,
518 1046 627 1100 quod
647 1045 930 1098 promulgasses
953 1044 1231 1084 misericordi-ee
1259 1046 1437 1090 nomine,
1470 1046 1517 1082 ad
1539 1046 1681 1084 crude-

269 1113 393 1152 litatis
417 1123 574 1166 tempus
597 1112 797 1151 distulisse.
822 1113 884 1150 Ac
906 1126 1013 1150 nunc
1036 1111 1201 1164 quidem
1224 1113 1272 1150 C.
1290 1112 1492 1150 Antonius
1516 1111 1588 1150 hac
1607 1127 1683 1151 una

271 1194 312 1219 re
332 1179 531 1219 miseriam
547 1179 656 1218 suam
672 1178 911 1224 consolatur,
930 1177 1039 1231 quod
1056 1178 1248 1230 imagines
1266 1179 1386 1231 patris
1404 1188 1442 1216 et
1460 1178 1589 1216 fratris
1608 1179 1682 1223 sui,

270 1245 480 1299 fratrisque
501 1246 641 1291 filiam,
664 1259 745 1283 non
767 1246 809 1283 in
830 1244 997 1290 familia,
1030 1244 1093 1283 sed
1115 1244 1157 1282 in
1178 1258 1344 1289 carcere,
1378 1245 1589 1283 collocatas
1611 1259 1683 1283 au-

274 1312 360 1351 dire
379 1312 539 1358 maluit,
570 1325 690 1365 quam
711 1310 858 1351 videre.

330 1380 428 1418 XII.
460 1380 529 1424 Et,
553 1378 744 1431 quoniam
765 1378 951 1432 pecunias
973 1378 1144 1416 aliorum
1166 1377 1349 1430 despicis,
1368 1377 1415 1416 de
1433 1378 1510 1416 tuis
1534 1378 1689 1416 divitiis

274 1445 616 1484 intolerantiffime
643 1445 839 1498 gloriaris,
871 1445 963 1484 volo
994 1445 1054 1483 uti
1084 1444 1188 1483 mihi
1219 1444 1465 1498 respondeas,
1497 1444 1687 1483 fecerisne

273 1512 422 1552 fcedera
443 1513 628 1552 tribunus
650 1512 778 1565 plebis
800 1526 897 1551 cum
916 1512 1164 1557 civitatibus,
1193 1525 1286 1550 cum
1309 1512 1485 1563 regibus,
1508 1525 1602 1549 cum
1625 1521 1685 1549 te-

275 1578 467 1617 trarchis?
486 1578 705 1630 erogarisne
721 1579 908 1630 pecunias
925 1592 973 1616 ex
990 1578 1123 1616 aerario
1146 1577 1224 1615 tuis
1246 1577 1428 1628 legibus?
1447 1576 1688 1628 eripuerisne

276 1654 403 1698 partes
425 1644 498 1683 illo
519 1654 697 1697 tempore
718 1644 928 1682 cariffimas
950 1644 1096 1696 partim
1117 1657 1138 1681 a
1160 1642 1321 1688 Caesare,
1346 1643 1491 1695 partim
1507 1657 1527 1681 a
1547 1643 1686 1696 publi-

276 1712 384 1750 canis
399 1712 412 1749 ?
432 1712 533 1763 Qae
554 1725 648 1748 cum
670 1710 724 1748 ita
740 1710 828 1756 sint,
848 1724 980 1763 quaero
997 1724 1045 1748 ex
1062 1719 1114 1755 te,
1134 1710 1229 1747 fisne
1246 1724 1293 1747 ex
1310 1710 1563 1762 pauperrimo
1580 1710 1687 1748 dives

277 1777 403 1816 &dtus
433 1778 506 1815 illo
537 1776 621 1830 ipso
651 1790 779 1822 anno,
812 1790 893 1829 quo
923 1776 987 1814 lex
1014 1776 1090 1814 lata
1112 1775 1165 1813 est
1187 1775 1234 1813 de
1255 1776 1436 1828 pecuniis
1459 1775 1688 1827 repetundis

277 1845 496 1883 acerrima?
530 1853 574 1882 ut
595 1857 733 1882 omnes
756 1843 979 1897 intelligere
1000 1843 1152 1896 possent
1167 1872 1178 1888 ,
1211 1857 1231 1880 a
1260 1852 1296 1880 te
1318 1857 1397 1880 non
1420 1843 1541 1880 modo
1563 1843 1691 1880 nostra

278 1913 373 1958 adta,
406 1924 505 1964 quos
528 1919 714 1963 tyrannos
736 1925 866 1956 vocas,
899 1910 963 1949 sed
984 1911 1106 1949 etiam
1126 1910 1350 1948 amicissimi
1373 1911 1431 1948 tui
1465 1910 1595 1962 legem
1617 1911 1690 1949 effe

279 1988 552 2032 contemptam
572 1994 581 2017 :
605 1979 709 2031 apud
730 1992 851 2031 quem
875 1988 918 2016 tu
939 1978 1059 2016 etiam
1081 1991 1152 2016 nos
1174 1978 1377 2016 criminari
1400 1977 1512 2022 soles,
1537 1978 1606 2030 qui
1629 1978 1691 2016 illi

280 2046 414 2085 sumus
431 2046 670 2091 amiciffimi,
689 2059 782 2083 cum
802 2055 842 2083 tu
861 2046 896 2083 ei
912 2045 1302 2083 contumeliosissime
1323 2045 1439 2083 toties
1462 2045 1689 2090 maledicas,

281 2113 436 2166 quoties
459 2113 520 2150 illi
542 2112 702 2150 affinem
726 2121 764 2150 te
784 2111 856 2149 effe
877 2111 993 2150 dicis.

337 2181 473 2231 Atque
503 2179 606 2216 illud
636 2179 756 2216 etiam
788 2178 884 2217 scire
913 2192 962 2216 ex
993 2188 1030 2216 te
1061 2179 1196 2231 cupio,
1229 2192 1310 2231 quo
1340 2177 1504 2215 consilio
1526 2187 1591 2215 aut
1613 2191 1691 2230 qua

282 2254 415 2282 mente
436 2243 591 2290 feceris,
625 2253 668 2282 ut
690 2246 731 2282 in
753 2245 872 2297 epulo
893 2245 1095 2297 QArrii,
1127 2245 1334 2283 familiaris
1357 2245 1451 2288 mei,
1484 2258 1577 2281 cum
1602 2254 1693 2296 toga

286 2310 393 2363 pulla
412 2311 692 2349 accumberes?
711 2325 833 2364 quem
855 2325 1033 2364 unquam
1054 2311 1224 2350 videris?
1248 2325 1369 2364 quem
1391 2311 1586 2348 audieris?
1611 2323 1692 2363 quo

284 2376 483 2429 exemplo,
508 2391 588 2428 quo
608 2391 732 2422 more,
755 2377 895 2416 feceris
915 2379 928 2415 ?
952 2378 1089 2423 Dices,
1113 2377 1420 2430 supplicationes
1444 2387 1479 2414 te
1503 2377 1587 2414 illas
1611 2390 1690 2413 non

284 2443 473 2497 probasse.
509 2444 690 2496 Optime.
724 2444 860 2483 Nullae
882 2443 1032 2484 fuerint
1053 2445 1376 2498 supplicationes.
1410 2443 1594 2486 Videsne,
1627 2457 1692 2480 me
