2076 2860
429 225 506 262 244
905 210 1353 249 ORATIO

428 312 530 351 mihi
558 312 737 356 videtur,
770 310 888 362 hujus
917 310 1034 348 curiae
1067 309 1142 348 tibi
1174 309 1316 362 gratias
1349 322 1461 362 agere
1491 307 1691 362 gestiunt,
1722 309 1830 362 quod

428 379 537 417 brevi
559 388 735 429 tempore
756 375 890 414 futura
916 375 963 414 slt
986 376 1056 414 illa
1076 376 1282 414 auctoritas
1304 375 1346 413 in
1366 374 1430 413 his
1452 376 1649 428 majorum
1669 374 1830 414 suorum

426 454 466 482 et
486 444 562 482 suis
584 443 753 481 sedibus.

484 511 557 549 IV.
591 508 806 561 Equidem,
829 521 923 546 cum
945 509 994 547 C.
1018 507 1219 553 Marcelli,
1241 507 1316 545 viri
1337 508 1495 560 optimi,
1517 516 1557 546 et
1577 520 1827 546 commemo-

430 577 544 614 rabili
565 576 709 628 pietate
729 574 906 628 praediti,
938 574 1129 626 lacrymas
1151 573 1271 612 modo
1291 574 1498 612 vobiscum
1517 574 1707 619 viderem,
1739 587 1828 612 om-

430 642 543 680 nium
564 640 852 679 Marcellorum
878 653 1015 678 meum
1042 641 1177 692 pectus
1206 639 1398 677 memoria
1416 638 1571 678 effodit.
1604 638 1764 692 Qibus
1787 647 1831 678 tu

429 708 549 746 etiam
569 707 754 752 mortuis,
786 706 850 744 M.
875 706 1071 744 Marcello
1091 705 1332 750 conservato,
1355 705 1591 757 dignitatem
1611 705 1719 744 suam
1740 703 1830 743 red-

429 773 590 820 didisti3
622 773 984 824 nobilissimamque
1012 771 1221 817 familiam,
1248 773 1333 824 jam
1365 771 1412 809 ad
1444 785 1588 825 paucos
1621 772 1829 816 redactam,

429 853 529 892 pene
549 839 596 876 ab
618 838 783 877 interitu
804 837 1022 876 vindicasti.
1060 838 1185 876 Hunc
1208 846 1251 875 tu
1273 837 1397 889 igitur
1417 837 1524 875 diem
1545 837 1624 875 tuis
1645 836 1833 880 maximis

429 914 469 944 et
488 905 847 943 innumerabilibus
868 903 1199 956 gratulationibus
1216 904 1305 955 jure
1326 912 1554 956 antepones.
1597 903 1697 941 Haec
1723 903 1832 941 enim

430 984 490 1009 res
511 971 628 1009 unius
649 970 704 1008 est
723 970 880 1023 propria
901 971 950 1008 C.
976 969 1134 1007 Caesaris
1152 984 1160 1007 ε
1185 978 1330 1007 caeterae
1351 969 1451 1007 duce
1472 978 1509 1008 te
1528 968 1656 1022 gestae,
1679 982 1831 1021 magnae

431 1037 509 1075 illae
529 1036 706 1090 quidem,
729 1036 793 1074 sed
814 1045 943 1074 tamen
965 1035 1096 1073 multo
1116 1049 1341 1088 magnoque
1361 1036 1569 1074 comitatu.
1602 1036 1738 1087 Hujus
1760 1049 1831 1072 au-

430 1112 513 1141 tem
534 1104 589 1141 rei
610 1113 653 1141 tu
674 1103 779 1140 idem
800 1116 840 1140 es
861 1111 900 1140 et
920 1101 1016 1147 dux,
1039 1111 1078 1140 et
1098 1115 1254 1140 comes:
1279 1116 1364 1154 quae
1385 1101 1548 1154 quidem
1570 1110 1676 1139 tanta
1695 1101 1763 1146 est,
1786 1109 1831 1139 ut

431 1169 587 1222 tropaeis
615 1168 962 1221 monumentisque
990 1168 1068 1205 tuis
1095 1168 1259 1205 allatura
1286 1168 1331 1205 sit
1358 1167 1479 1206 finem
1504 1177 1621 1206 aetas:
1655 1166 1758 1205 nihil
1779 1166 1833 1204 est

431 1237 540 1273 enim
571 1249 687 1288 opere
719 1244 785 1273 aut
817 1249 937 1273 manu
970 1234 1133 1279 saecum,
1166 1234 1273 1287 quod
1300 1234 1512 1286 aliquando
1540 1247 1619 1272 non
1647 1233 1833 1271 conficiat

432 1311 472 1340 et
492 1301 697 1339 consumat
718 1301 881 1339 vetustas
900 1316 908 1339 :
932 1310 970 1338 at
991 1314 1080 1338 vero
1102 1300 1185 1339 haec
1208 1310 1273 1338 tua
1287 1300 1453 1352 justitia,
1473 1309 1510 1337 et
1531 1299 1670 1337 lenitas
1692 1299 1830 1344 animi,

435 1368 608 1407 florescet
639 1367 818 1421 quotidie
845 1368 986 1419 magis,
1018 1368 1072 1404 ita
1103 1376 1162 1412 ut,
1195 1377 1391 1419 quantum
1419 1366 1604 1419 operibus
1634 1366 1712 1404 tuis
1741 1365 1832 1404 diu-

434 1435 599 1473 turnitas
621 1434 812 1479 detrahet,
845 1443 1000 1472 tantum
1022 1433 1155 1471 afferat
1176 1433 1373 1471 laudibus.
1412 1434 1466 1471 Et
1487 1441 1644 1470 caeteros
1667 1432 1831 1485 quidem

432 1515 568 1540 omnes
592 1501 754 1538 victores
777 1500 975 1538 bellorum
996 1500 1177 1537 civilium
1192 1500 1277 1551 jam
1297 1509 1385 1536 ante
1407 1499 1589 1551 aequitate
1609 1507 1648 1536 et
1675 1498 1830 1536 miseri-

432 1567 565 1606 cordia
584 1567 728 1605 viceras
746 1585 758 1612 3
790 1565 984 1604 hodierno
1004 1579 1095 1604 vero
1115 1566 1178 1603 die
1199 1575 1236 1603 te
1257 1565 1387 1618 ipsum
1407 1564 1548 1602 vicisti.
1582 1565 1730 1602 Vereor
1743 1593 1755 1609 ,
1787 1573 1831 1602 ut

432 1634 523 1679 hoc,
556 1633 663 1686 quod
695 1633 839 1678 dicam,
872 1646 952 1671 non
986 1631 1146 1685 perinde
1178 1632 1352 1684 intelligi
1384 1631 1522 1669 auditu
1552 1630 1682 1682 poffit,
1713 1639 1832 1682 atque

432 1714 505 1753 ego
527 1700 606 1752 ipse
626 1700 805 1752 cogitans
827 1699 966 1737 sentio.
1010 1698 1139 1751 Ipsam
1161 1698 1365 1736 victoriam
1385 1696 1679 1736 viciffevideris
1694 1726 1705 1742 ,
1738 1710 1832 1735 cum

433 1780 475 1804 ea
495 1766 588 1818 ipsa,
620 1779 707 1818 quae
728 1765 796 1802 illa
815 1774 896 1802 erat
916 1765 1068 1816 adepta,
1091 1764 1203 1802 victis
1226 1764 1416 1810 remisisti.
1450 1764 1573 1808 Nam,
1596 1777 1689 1801 cum
1711 1763 1831 1815 ipfius

433 1832 602 1870 vietoriae
630 1829 859 1868 conditione
885 1831 975 1881 jure
1001 1842 1139 1866 omnes
1166 1829 1260 1866 victi
1288 1829 1578 1873 occidissemus,
1610 1829 1832 1866 clementiae

435 1907 510 1935 tuae
534 1895 689 1948 judicio
719 1895 934 1932 conservati
961 1894 1110 1946 sumus.
1148 1894 1270 1931 Recte
1296 1894 1420 1945 igitur
1448 1907 1548 1931 unus
1577 1894 1746 1931 invidtus
1774 1907 1829 1938 es,

434 1977 454 2001 a
475 1976 554 2015 quo
575 1962 693 1999 etiam
715 1960 833 2013 ipfius
855 1960 1024 1998 victoriae
1046 1958 1224 1997 conditio
1244 1958 1378 2011 visque
1399 1958 1547 1996 devicta
1567 1958 1634 1996 est.

489 2029 542 2066 V.
575 2028 709 2078 Atque
729 2025 806 2064 hoc
829 2027 878 2063 C.
897 2025 1055 2063 Caesaris
1071 2024 1288 2077 judicium,
1313 2025 1443 2062 Patres
1465 2023 1694 2075 conscripti,
1712 2036 1830 2075 quam

436 2094 511 2132 late
531 2102 680 2146 pateat,
713 2091 917 2130 attendite.
956 2092 1108 2128 Omnes
1130 2091 1258 2136 enim,
1291 2090 1361 2142 qui
1382 2090 1428 2127 ad
1450 2090 1518 2128 illa
1537 2103 1642 2127 arma
1661 2088 1744 2126 fato
1765 2089 1831 2127 su—

435 2173 523 2198 mus
556 2159 686 2197 nescio
718 2171 798 2210 quo
829 2157 1056 2209 reipublicae
1089 2156 1229 2194 misero
1259 2155 1492 2208 funestoque
1523 2155 1730 2207 compulfi,
1762 2155 1829 2193 etsi

434 2227 564 2279 aliqua
595 2226 712 2277 culpa
743 2233 924 2262 tenemur
955 2224 1093 2261 erroris
1126 2222 1313 2268 humani,
1346 2237 1366 2260 a
1387 2222 1528 2260 scelere
1548 2231 1652 2260 certe
1674 2221 1829 2259 liberati

436 2294 584 2333 sumus.
618 2293 741 2336 Nam,
773 2304 867 2329 cum
892 2290 955 2328 M.
981 2289 1237 2335 Marcellum,
1270 2289 1570 2342 deprecantibus
1592 2289 1719 2334 vobis,
1752 2288 1829 2326 rei—

435 2360 605 2413 publicae
627 2358 752 2397 Caesar
770 2356 1009 2394 conservavit
1026 2375 1038 2402 ;
1071 2365 1219 2394 memet
1239 2355 1367 2401 mihi,
1399 2365 1438 2394 et
1458 2357 1555 2395 item
1577 2355 1803 2408 reipublicae
1816 2383 1828 2400 ,
1860 2354 1861 2360 ’

436 2427 547 2465 nullo
577 2425 836 2478 deprecante,
869 2423 1041 2475 reliquos
1077 2422 1333 2475 amplissimos
1364 2423 1466 2461 viros
1497 2432 1535 2461 et
1566 2422 1636 2460 fibi
1672 2421 1761 2473 ipfis
1791 2427 1830 2456 et

435 2493 566 2545 patriae
600 2490 798 2536 reddidit,
831 2503 1003 2542 quorum
1037 2498 1076 2529 et
1110 2488 1374 2542 frequentiam
1410 2498 1448 2527 et
1483 2488 1718 2542 dignitatem
1753 2484 1829 2524 hoc
