2076 2860
680 171 1256 211 PHILIPPICA
1335 174 1389 211 ΙΙ.
1657 188 1732 227 313

331 274 446 328 Qid
466 274 574 313 enim
595 289 771 328 unquam
793 275 934 313 domus
963 274 1031 312 illa
1060 273 1222 319 viderat,
1256 274 1325 312 nifi
1354 273 1561 326 pudicum,
1594 275 1664 312 nifi
1686 290 1734 315 ex

330 343 487 394 optimo
520 355 643 386 more,
675 350 714 379 et
747 341 977 379 san&iffima
1008 340 1247 392 disciplina?
1282 341 1377 378 Fuit
1410 341 1519 378 enim
1553 341 1622 379 ille
1657 342 1731 387 vir,

333 407 465 444 Patres
488 406 717 459 conscripti,
750 407 847 444 ficut
868 406 990 450 scitis,
1023 419 1115 444 cum
1138 405 1234 443 foris
1256 405 1398 450 clarus,
1422 415 1509 444 tum
1530 406 1639 444 domi
1661 407 1730 444 ad-

333 472 558 517 mirandus5
592 487 721 525 neque
742 473 856 510 rebus
879 472 1051 510 externis
1074 472 1198 524 magis
1222 472 1452 517 laudandus,
1476 486 1595 524 quam
1616 472 1730 510 insti-

333 541 430 577 tutis
453 539 691 577 domesticis.
737 539 871 591 Hujus
901 540 941 576 in
970 538 1124 576 sedibus
1154 552 1224 590 pro
1246 539 1443 576 cubiculis
1466 538 1626 584 stabula,
1657 553 1730 592 pro

333 606 518 644 tricliniis
540 606 697 658 popinae
719 605 822 643 sunt.
848 605 929 642 Etfi
946 606 1030 656 jam
1053 613 1182 656 negat.
1208 605 1362 649 Nolite,
1386 605 1510 642 nolite
1530 619 1726 657 quaerere:

332 670 438 723 frugi
472 671 596 709 fac‘tus
629 671 709 709 est:
743 672 908 708 mimam
936 670 1046 708 illam
1074 670 1182 707 suam
1207 669 1289 708 suas
1313 683 1369 707 res
1392 670 1463 707 fibi
1483 669 1625 707 habere
1641 670 1727 722 jus-

332 737 378 774 fit
405 751 452 774 ex
481 737 691 775 duodecim
721 737 894 781 tabuli83
927 736 1053 773 claves
1081 735 1242 779 ademit,
1275 735 1421 786 exegit.
1455 736 1587 786 Qam
1611 749 1728 787 porro

333 803 522 855 spectatus
555 804 666 848 civis,
700 817 819 855 quam
851 803 1067 854 probatus;
1101 802 1214 853 cujus
1243 815 1290 838 ex
1318 802 1430 839 omni
1451 802 1530 838 vita
1551 800 1653 839 nihil
1675 802 1727 839 est

331 867 546 913 honestius,
578 883 697 922 quam
719 868 826 920 quod
848 882 940 905 cum
962 868 1084 904 mima
1104 866 1200 904 fecit
1221 866 1437 905 divortium
1458 867 1470 903 ?

386 937 443 973 At
474 949 593 987 quam
625 935 763 972 crebro
796 934 969 986 usurpat,
1000 942 1036 972 et
1070 933 1198 986 cmfitl,
1230 941 1265 971 et
1301 933 1518 971 Antonius?
1551 934 1642 971 Hoc
1674 933 1728 972 est

330 1001 473 1045 dicere,
505 1010 543 1038 et
565 1001 717 1045 consul,
749 1010 787 1038 et
808 999 1167 1052 impudiciffimus3
1201 1008 1239 1036 et
1260 999 1417 1043 consul,
1450 1008 1488 1036 et
1509 998 1632 1037 homo
1654 1013 1724 1037 ne-

330 1066 551 1119 quiffimus.
598 1066 708 1118 Qid
735 1067 842 1103 enim
870 1065 923 1103 est
950 1065 1057 1102 aliud
1085 1065 1318 1102 Antonius?
1352 1066 1474 1109 Nam,
1507 1065 1533 1102 fi
1555 1065 1725 1117 dignitas

327 1132 612 1184 significaretur
634 1133 672 1169 in
697 1132 884 1175 nomiue;
919 1129 1087 1175 dixisset,
1119 1130 1250 1175 credo,
1273 1129 1483 1181 aliquando
1504 1143 1595 1167 avus
1619 1139 1724 1175 tuus,

328 1207 364 1236 et
391 1199 518 1251 cmfful,
549 1209 584 1237 et
613 1199 808 1236 Antonius.
847 1198 1068 1249 Nunquam
1089 1196 1205 1235 dixit.
1239 1196 1410 1234 Dixiffet
1430 1197 1549 1234 etiam
1571 1196 1724 1248 collega

333 1278 458 1309 meus,
488 1274 652 1317 patruus
676 1274 781 1302 tuus.
816 1264 902 1301 Nifi
926 1272 968 1300 tu
990 1262 1092 1300 solus
1113 1277 1152 1300 es
1175 1264 1391 1301 Antonius.
1426 1262 1499 1300 Sed
1519 1263 1664 1300 omitto
1684 1276 1727 1300 ea

332 1339 503 1383 peccata,
526 1344 612 1382 quae
634 1345 711 1368 non
734 1331 822 1368 sunt
844 1343 976 1367 earum
999 1329 1171 1381 partium
1192 1329 1363 1381 propria,
1387 1329 1533 1381 quibus
1557 1338 1598 1367 tu
1620 1343 1726 1367 rem-

330 1397 534 1450 publicam
556 1397 737 1435 vexavisti
757 1411 765 1434 :
798 1396 845 1433 ad
866 1395 963 1448 ipsas
987 1404 1070 1432 tuas
1091 1403 1217 1447 partes
1240 1394 1369 1440 redeo,
1392 1395 1432 1432 id
1452 1395 1518 1440 est,
1542 1395 1588 1432 ad
1609 1396 1727 1434 civile

329 1462 482 1500 bellum
500 1481 511 1508 ς
545 1461 652 1514 quod
673 1471 824 1506 natum,
857 1460 1088 1505 conflatum,
1122 1459 1344 1512 susceptum
1366 1474 1482 1513 opera
1502 1469 1568 1498 tua
1588 1460 1656 1499 est.

386 1528 543 1566 XXIX.
564 1528 642 1565 Cui
663 1527 768 1565 bello
785 1540 878 1564 cum
899 1535 1058 1578 propter
1074 1525 1330 1563 timiditatem
1352 1535 1475 1570 tuam,
1495 1534 1581 1562 tum
1602 1539 1724 1578 prop-

330 1602 389 1631 ter
408 1592 610 1637 libidines,
642 1592 814 1630 defuisti.
849 1591 1030 1629 Gustaras
1053 1591 1212 1628 civilem
1234 1590 1478 1642 sanguinem,
1509 1590 1569 1628 vel
1590 1591 1724 1642 potius

329 1659 578 1697 exsorbueras
599 1674 606 1696 :
632 1657 758 1695 fueras
782 1659 820 1695 in
843 1658 924 1695 acie
946 1656 1163 1695 Pharsalica
1183 1657 1454 1708 antesignanus
1472 1670 1480 1694 ε
1506 1657 1555 1694 L.
1575 1656 1723 1694 Domi-

331 1725 449 1770 tium,
482 1724 766 1762 nobiliffimum
790 1733 827 1761 et
848 1724 1102 1761 clarisfimum
1125 1724 1268 1767 virum,
1301 1722 1520 1759 occideras:
1554 1721 1723 1759 multos-

327 1804 407 1842 que
427 1800 622 1843 praeterea,
650 1790 717 1841 qui
739 1804 758 1826 e
780 1789 921 1841 proelio
942 1789 1174 1841 effugerant,
1198 1802 1295 1840 quos
1319 1787 1458 1832 Caesar,
1483 1796 1526 1824 ut
1547 1787 1723 1824 nonnul-

330 1857 404 1901 los,
422 1855 575 1894 fortaffe
592 1855 779 1900 icrvaffct,
798 1855 1058 1893 crudeliffime
1075 1855 1298 1908 persecutus
1317 1853 1545 1890 trucidaras.
1563 1853 1723 1904 Qibus

331 1923 445 1961 rebus
477 1923 610 1967 tantis,
644 1923 787 1960 talibus
819 1921 948 1975 gestis,
981 1922 1078 1974 quid
1108 1921 1187 1959 fuit
1216 1920 1351 1965 caustv,
1383 1920 1514 1957 curin
1544 1919 1725 1957 Africam

332 1989 523 2027 Caesarem
545 2003 623 2026 non
646 1989 858 2041 sequerere,
891 2002 983 2025 cum
1006 1988 1216 2040 praesertim
1240 1987 1334 2023 belli
1356 2000 1441 2039 pars
1474 1995 1580 2023 tanta
1607 1985 1723 2023 resta-

331 2056 421 2092 ret?
454 2055 590 2106 Itaque
619 2067 738 2106 quem
767 2054 902 2091 locum
935 2053 1036 2105 apud
1067 2053 1196 2106 ipsum
1228 2052 1417 2089 Caesarem
1447 2051 1532 2104 post
1561 2052 1643 2102 ejus
1676 2064 1724 2089 ex

331 2118 471 2158 Africa
489 2119 661 2157 reditum
682 2119 915 2156 obtinuisti?
939 2132 1019 2170 quo
1040 2132 1205 2156 numero
1226 2117 1360 2155 fuisti?
1386 2119 1511 2169 Cujus
1529 2126 1571 2154 tu
1594 2117 1723 2168 impe-

332 2186 469 2223 fatoris
491 2185 655 2236 quaestor
674 2184 817 2229 fueras,
844 2184 1041 2222 dictatoris
1063 2184 1243 2237 magister
1264 2183 1460 2235 equitum,
1495 2182 1588 2220 belli
1609 2183 1723 2235 prin-

331 2264 444 2303 ceps,
477 2250 719 2288 crudelitatis
751 2252 903 2296 audior,
935 2251 1070 2303 praedae
1103 2251 1250 2296 socius,
1283 2249 1534 2292 testamento,
1567 2256 1611 2285 ut
1642 2248 1725 2300 ipse

332 2317 503 2361 dicebas,
536 2315 664 2361 filius3
698 2317 914 2369 appellatus
935 2330 974 2355 es
995 2317 1042 2355 de
1062 2317 1242 2370 pecunia,
1265 2329 1383 2368 quam
1403 2329 1474 2369 pro
1495 2314 1630 2358 domo,
1652 2326 1724 2365 pro

331 2382 474 2427 hortis,
506 2395 577 2435 pro
599 2381 780 2428 seecione,
812 2372 993 2422 debebas.

388 2449 524 2487 Primo
564 2447 792 2500 respondisti
831 2450 946 2503 plane
984 2447 1192 2488 ferociter:
1236 2457 1300 2493 et,
1338 2460 1386 2484 ne
1424 2446 1558 2485 onmia
1594 2442 1723 2482 videar

415 2515 453 2552 T
468 2526 490 2552 0
507 2526 558 2552 M.
593 2514 665 2553 VI.
1339 2512 1376 2549 R
1406 2525 1424 2549 r
