2076 2860
707 148 848 188 PRO
910 147 975 185 M.
1038 145 1300 184 CAELIO.
1638 156 1710 195 103

360 252 478 292 Dicta
506 251 560 290 est
589 263 610 289 a
641 263 705 288 me
735 247 860 293 causa,
893 246 1070 299 Judices,
1102 254 1142 284 et
1171 252 1361 298 perorata.
1394 244 1486 296 Jam
1516 241 1712 294 intelligi-

302 320 368 366 tis,
399 328 597 372 quantum
611 316 815 370 judicium
836 313 1070 359 sustineatis,
1103 322 1250 366 quanta
1271 325 1328 350 res
1352 311 1397 350 fit
1417 309 1622 349 commissa
1641 323 1712 346 vo-

303 387 379 425 bis.
413 387 476 425 De
497 385 536 424 vi
556 384 757 439 quaeritis:
791 396 878 436 quae
900 381 963 420 lex
984 381 1031 419 ad
1051 380 1283 433 imperium,
1316 378 1363 417 ad
1384 377 1641 431 majestatem,
1668 375 1716 414 ad

301 453 447 492 statum
467 452 615 506 patriae,
643 451 690 489 ad
711 450 878 489 salutem
899 448 1099 493 omnium,
1131 446 1329 500 pertinet:
1363 458 1485 498 quam
1505 444 1636 497 legem
1659 445 1729 496 Q

303 520 472 560 Catulus
488 550 499 566 ,
530 529 679 558 armata
698 517 927 556 diffenfione
948 515 1098 554 civium
1114 545 1125 560 ‚
1158 513 1387 567 reipublicae
1408 526 1508 566 pene
1528 512 1715 551 extremis

302 587 551 641 temporibus
574 587 696 625 tulit:
730 598 898 638 quaeque
928 583 1019 628 lex,
1052 581 1179 620 sedata
1208 580 1277 618 illa
1305 580 1465 618 flamma
1489 579 1716 618 consulatus

302 655 397 701 mei,
420 654 613 694 fumantis
635 653 821 706 reliquias
844 649 1129 704 conjurationis
1150 647 1337 687 extinxit.
1383 648 1473 685 Hac
1500 646 1608 685 enim
1631 646 1717 699 lege

303 723 418 762 Caelii
439 721 700 761 adolescentia
720 734 799 759 non
822 719 869 758 ad
891 717 1119 772 reipublicae
1140 728 1291 769 poenas,
1310 714 1374 752 sed
1394 713 1442 752 ad
1463 713 1641 751 mulieris
1664 714 1713 751 li-

303 789 459 828 bidines
480 798 519 828 et
539 788 713 833 delicias,
746 785 985 840 deposcitur.

361 857 497 895 XXX.
530 857 666 908 Atque
681 853 759 892 hoc
776 852 897 890 etiam
913 850 1003 889 loco
1026 850 1090 888 M.
1109 847 1292 888 Camurti
1314 857 1353 885 et
1375 848 1424 885 C.
1442 846 1579 884 Eserni
1602 846 1714 885 dam-

305 924 412 963 natio
427 923 677 977 praedicatur.
695 922 732 960 O
750 919 1012 958 stultitiamne
1029 917 1174 963 dicam,
1197 930 1245 954 an
1265 914 1559 969 impudentiam
1581 914 1715 968 fingu-

303 992 426 1030 larem
445 991 453 1029 l
487 990 687 1029 audetisne
702 1019 712 1035 ‚
745 1002 840 1027 cum
861 987 909 1025 ab
931 1001 974 1025 ea
994 985 1162 1024 muliere
1181 983 1347 1022 veniatis
1360 1013 1371 1028 ,
1404 981 1532 1020 facere
1553 981 1716 1021 istorum

302 1057 519 1097 hominum
540 1057 786 1096 mentionem
807 1056 820 1093 ?
852 1053 1052 1092 audetisne
1080 1052 1251 1091 excitare
1277 1049 1377 1088 tanti
1398 1048 1538 1102 fiagitii
1560 1062 1714 1087 memo-

304 1125 417 1171 riam,
453 1138 532 1163 non
566 1124 783 1162 extinctam
811 1121 924 1160 illam
956 1119 1137 1174 quidem,
1172 1118 1236 1156 sed
1267 1115 1472 1170 repreffam
1498 1115 1685 1154 vetustate
1702 1117 1715 1154 ἓ

304 1193 399 1244 Qo
415 1192 523 1230 enim
539 1191 600 1229 illi
617 1190 785 1228 crimine
800 1197 1044 1242 peccatoque
1060 1185 1263 1239 perierunt
1279 1185 1291 1222 ?
1311 1196 1469 1236 nempe,
1488 1182 1597 1235 quod
1613 1181 1717 1235 ejus-

305 1258 397 1296 dem
418 1257 596 1296 mulieris
619 1256 798 1295 dolorem
818 1264 857 1293 et
878 1253 1066 1307 injuriam
1088 1251 1276 1290 Vettiano
1297 1248 1448 1288 nefario
1471 1248 1562 1286 sunt
1583 1248 1717 1301 stupro

305 1325 512 1379 persecuti.
530 1326 653 1377 Ergo,
674 1333 717 1362 ut
733 1322 934 1361 audiretur
948 1319 1075 1358 Vettii
1092 1331 1239 1357 nomen
1257 1317 1298 1355 in
1316 1316 1441 1361 causa,
1461 1324 1505 1353 ut
1522 1314 1589 1353 illa
1605 1325 1717 1353 vetus

306 1392 471 1431 Afrania
490 1391 625 1430 fabula
645 1389 908 1434 refricaretur,
938 1387 1087 1426 idcirco
1110 1384 1294 1424 Camurti
1314 1393 1353 1422 et
1374 1382 1513 1422 Eserni
1534 1382 1645 1420 causa
1665 1382 1719 1420 est

306 1468 489 1498 renovata
507 1460 520 1496 ?
552 1458 621 1512 qui
643 1470 873 1511 quanquam
893 1455 980 1507 lege
1002 1454 1049 1492 de
1076 1453 1115 1491 vi
1143 1462 1248 1491 certe
1269 1465 1350 1489 non
1379 1449 1616 1488 tenebantur
1630 1479 1641 1494 ,
1673 1463 1718 1487 eo

306 1527 504 1566 maleficio
535 1536 666 1564 tamen
699 1534 809 1563 erant
841 1521 1064 1575 implicati,
1097 1529 1142 1558 ut
1173 1533 1221 1557 ex
1254 1517 1404 1556 nullius
1437 1516 1535 1569 legis
1569 1516 1717 1568 laqueis

306 1592 516 1632 emittendi
536 1592 778 1630 viderentur.

365 1659 429 1698 M.
453 1671 545 1696 vero
576 1656 722 1695 Caelius
753 1668 824 1693 cur
853 1653 893 1691 in
926 1651 1004 1691 hoc
1031 1650 1235 1704 judicium
1266 1648 1458 1687 vocatur?
1491 1647 1557 1685 cui
1589 1659 1717 1699 neque

308 1724 516 1779 proprium
545 1722 769 1775 quaestionis
800 1719 952 1758 crimen
982 1716 1198 1770 objicitur,
1231 1729 1303 1753 nec
1330 1727 1422 1752 vero
1443 1712 1593 1765 aliquid
1614 1712 1717 1765 ejus-

308 1791 432 1836 modi,
464 1789 571 1842 quod
593 1789 639 1827 fit
659 1802 680 1825 a
700 1788 787 1840 lege
808 1786 1044 1838 sejunftum,
1077 1792 1116 1820 et
1141 1795 1235 1820 cum
1256 1780 1377 1819 vestra
1398 1780 1598 1818 severitate
1619 1792 1716 1816 con-

302 1860 505 1912 junctum.
526 1857 653 1908 Cujus
670 1854 799 1908 prima
814 1862 902 1892 aetas
920 1851 1052 1889 dedita
1068 1848 1286 1902 disciplinis
1304 1846 1397 1892 fuit,
1413 1847 1537 1899 iisque
1552 1845 1717 1890 artibus,

309 1925 456 1979 quibus
487 1922 721 1962 instruimur
751 1919 798 1958 ad
831 1919 940 1957 hunc
976 1917 1091 1956 usum
1125 1915 1337 1960 forensem,
1372 1914 1419 1952 ad
1451 1913 1719 1967 capessendam

308 1991 624 2045 rempublicam,
656 1988 704 2027 ad
736 1987 954 2030 honorem,
987 1984 1182 2037 gloriam,
1215 1981 1467 2034 dignitatem.
1502 1981 1554 2018 Iis
1586 1990 1720 2018 autem

307 2057 387 2096 fuit
407 2056 591 2096 amicitiis
613 2056 809 2107 majorum
831 2061 940 2096 natu,
972 2063 1145 2102 quorum
1167 2048 1313 2087 imitari
1333 2046 1565 2085 industriam
1586 2045 1718 2084 conti-

309 2125 565 2177 nentiamque
586 2121 759 2160 maxime
780 2119 875 2157 velit
893 2137 903 2163 3
936 2117 984 2155 iis
1006 2116 1218 2169 aequalium
1248 2114 1384 2153 studiis
1401 2143 1411 2159 ‚
1444 2122 1489 2151 ut
1519 2112 1690 2150 eundem
1706 2141 1717 2157 ,

310 2205 432 2244 quem
461 2190 606 2243 optimi
638 2202 681 2226 ac
716 2185 961 2230 nobiliffimi,
994 2195 1125 2237 petere
1154 2182 1314 2222 cursum
1346 2181 1472 2220 laudis
1505 2180 1717 2218 videretur.

312 2260 420 2297 Cum
440 2267 573 2295 autem
594 2255 758 2308 paulum
782 2255 866 2307 jam
894 2252 1046 2291 roboris
1074 2250 1280 2290 acceffiffet
1307 2249 1437 2294 aetati,
1469 2248 1510 2286 in
1540 2246 1720 2285 Africam

314 2323 511 2378 profectus
534 2322 601 2367 est,
632 2320 902 2374 QPompeio
922 2317 1151 2373 proconsuli
1171 2315 1482 2360 contubernalis,
1514 2313 1721 2352 castiffimo

313 2392 412 2437 viro,
445 2399 562 2442 atque
584 2389 713 2427 omnis
736 2388 858 2427 officii
879 2386 1178 2439 diligentiffimo
1197 2401 1205 2423 z
1240 2384 1281 2423 in
1303 2398 1381 2437 qua
1404 2381 1605 2436 provincia
1627 2393 1719 2418 cum

313 2473 373 2498 res
408 2466 517 2496 erant
552 2467 590 2494 et
626 2455 870 2508 poffeffiones
908 2462 1104 2506 paternae‚
1146 2461 1234 2490 tum
1266 2452 1386 2489 etiam
1427 2448 1516 2487 usus
1557 2446 1720 2500 quidam
