2076 2860
656 170 1237 212 PHILIPPICA
1316 172 1372 211 Π.

1637 187 1711 227 303

316 290 523 332 nunquam
554 274 596 314 in
627 274 707 314 hoc
738 275 891 320 ordine,
923 274 987 313 vel
1016 274 1150 327 potius
1183 286 1390 326 nunquam
1422 273 1465 311 in
1495 271 1569 312 hac
1602 274 1713 320 urbe,

315 343 525 383 manfiffes..
542 374 545 376 .

373 411 430 448 At
461 422 552 447 vero
584 408 663 446 Cn.
687 406 870 460 Pompeii
901 406 1149 444 voluntatem
1181 419 1202 443 a
1227 419 1291 444 me
1318 405 1563 444 abalienabat
1590 406 1715 444 oratio

315 489 417 514 mea.
449 476 515 513 An
537 474 605 512 ille
625 487 869 526 quemquam
888 472 978 524 plus
1001 472 1140 510 dilexit
1160 472 1172 510 ?
1196 485 1289 509 cum
1311 472 1395 509 ullo
1415 481 1481 509 aut
1503 471 1712 517 sermoneS,

317 550 385 579 aut
406 540 580 585 confina,
612 539 786 577 contulit
807 539 943 592 saepius
964 539 976 575 ?
1008 538 1118 590 quod
1137 537 1301 590 quidem
1330 547 1410 575 erat
1430 551 1637 590 magnum,
1669 539 1715 576 de

318 607 471 646 summa
497 620 537 644 re
564 605 829 644 diffentientes
846 635 857 650 ,
889 605 928 643 in
957 604 1092 642 eadem
1115 604 1399 642 consuetudine
1420 605 1603 642 amicitiae
1625 618 1716 657 per-

315 686 491 711 manere.
537 672 610 710 Sed
630 681 669 710 et
697 685 785 724 ego,
818 671 914 724 quid
936 671 1018 716 ille,
1051 680 1089 708 et
1110 680 1247 708 contra
1265 670 1349 715 ille,
1382 670 1479 722 quid
1500 684 1573 722 ego
1594 670 1715 709 senti-

317 753 401 778 rem
417 750 457 777 et
473 740 698 792 speetarem‚
714 738 885 776 videbat.
905 738 992 790 Ego
1009 737 1278 775 incolumitati
1295 736 1445 773 civium
1461 737 1654 788 primum,
1673 746 1718 776 ut

317 805 450 858 postea
465 805 651 857 dignitati
668 803 883 857 poffemus;
902 803 970 840 iile
986 802 1165 854 praesenti
1182 802 1367 854 dignitati
1383 802 1516 854 potius
1534 802 1716 840 consule-

320 871 402 909 bat.
427 870 548 922 Qod
568 879 701 908 autem
721 868 890 907 habebat
911 877 1076 921 uterque
1097 868 1204 920 quod
1224 868 1463 919 sequeretur,
1481 867 1631 906 idcirco
1652 877 1716 907 to-

319 937 520 976 lerabilior
541 945 620 974 erat
641 935 769 974 nostra
789 934 978 974 diffenfio.
1012 934 1123 986 Qid
1143 948 1234 973 vero
1254 934 1322 972 ille
1343 934 1556 972 consularis
1578 935 1650 981 vir,
1672 949 1717 973 ac

316 1017 418 1057 pene
438 1003 610 1048 divinus,
629 1002 676 1040 de
697 1016 760 1040 me
781 1001 952 1047 senserit,
970 1000 1099 1039 sciunt
1116 1001 1186 1054 qui
1206 1015 1298 1039 eum
1315 1001 1362 1038 de
1383 999 1603 1038 Pharsalica
1621 1001 1717 1054 fuga

318 1069 503 1123 Paphum
524 1069 721 1123 prosecuti
741 1068 845 1107 sunt.
889 1068 1111 1120 Nunquam
1132 1068 1180 1105 ab
1209 1081 1256 1105 eo
1284 1067 1435 1105 mentio
1457 1067 1503 1105 de
1524 1082 1587 1106 me
1603 1097 1614 1113 ,
1645 1069 1716 1106 nisi

317 1135 553 1182 honorifica,
586 1135 656 1174 nifi
677 1135 793 1188 plena
812 1134 1034 1172 amiciffimi
1055 1133 1247 1179 desiderii,
1274 1147 1368 1171 cum
1388 1147 1453 1171 me
1474 1133 1607 1172 vidisse
1627 1134 1718 1186 plus

318 1201 522 1248 fateretur,
554 1202 590 1240 se
611 1201 810 1254 speraviffe
830 1201 1007 1240 meliora.
1049 1201 1104 1238 Et
1123 1201 1206 1252 ejus
1228 1200 1301 1237 viri
1323 1200 1484 1238 nomine
1504 1213 1568 1238 me
1589 1200 1716 1238 insec-

318 1269 393 1307 tari
412 1268 546 1313 audes,
577 1268 690 1320 cujus
711 1281 775 1305 me
796 1267 986 1311 amicum,
1019 1275 1057 1303 te
1077 1265 1280 1311 sedtorem,
1311 1265 1383 1303 effe
1404 1264 1546 1304 fateare
1563 1267 1578 1304 ?

375 1334 492 1375 XVI.
526 1333 599 1372 Sed
620 1333 827 1371 omittatur
848 1332 1000 1370 bellum
1022 1331 1125 1369 illud
1139 1361 1150 1377 ‚
1183 1332 1224 1369 in
1253 1345 1333 1384 quo
1360 1340 1405 1370 tu
1426 1332 1600 1370 nimium
1620 1331 1718 1372 felix

319 1399 444 1440 fuisti.
468 1401 533 1439 Ne
547 1400 651 1453 jocis
674 1399 837 1452 quidem
858 1398 1115 1452 respondebo,
1138 1399 1283 1451 quibus
1305 1412 1368 1437 me
1388 1399 1430 1436 in
1451 1398 1581 1437 castris
1603 1399 1718 1437 usum

318 1467 396 1505 esse
416 1466 562 1505 dixisti.
608 1467 732 1505 Erant
756 1465 919 1518 quidem
940 1466 1009 1503 illa
1027 1464 1146 1503 castra
1165 1465 1282 1517 plena
1300 1478 1402 1503 curae
1420 1480 1429 1504 ε
1461 1474 1717 1504 veruntamen

320 1532 521 1579 homines,
553 1534 734 1586 quamvis
763 1533 804 1570 in
826 1532 995 1570 turbidis
1017 1532 1132 1570 rebus
1154 1531 1242 1577 fint,
1275 1540 1421 1576 tamen,
1454 1532 1480 1569 fi
1501 1532 1621 1569 modo
1640 1531 1717 1569 ho-

321 1600 448 1638 mines
479 1600 594 1644 sunt,
626 1599 827 1636 interdum
857 1598 999 1636 animis
1031 1597 1267 1636 relaxantur.
1312 1596 1433 1647 Qiod
1457 1606 1589 1635 autem
1610 1597 1718 1635 idem

321 1665 550 1704 moestitiam
571 1678 699 1702 meam
721 1663 986 1718 reprehendit,
1010 1664 1115 1702 idem
1130 1665 1270 1716 jocum
1282 1683 1294 1709 ;
1318 1676 1463 1716 magno
1484 1672 1718 1715 argumento

321 1730 389 1776 est,
421 1744 485 1769 me
506 1732 547 1768 in
569 1739 737 1782 utroque
757 1729 869 1768 fuiffe
889 1729 1152 1767 moderatum.

378 1798 628 1835 Hereditates
642 1796 744 1835 mihi
762 1795 907 1848 negasti
921 1796 1065 1833 venire.
1086 1795 1252 1833 Utinam
1266 1790 1343 1832 hoc
1358 1803 1473 1832 tuum
1487 1808 1623 1833 verum
1638 1795 1718 1833 cri-

320 1877 414 1902 men
431 1863 543 1901 effet!
566 1863 698 1916 plures
715 1863 833 1900 amici
855 1863 933 1900 mei
950 1871 988 1900 et
1009 1861 1206 1900 necessarii
1227 1861 1416 1899 viverent.
1441 1860 1513 1898 Sed
1530 1861 1599 1913 qui
1619 1861 1718 1900 istuc

323 1930 399 1967 tibi
415 1930 523 1967 venit
540 1929 581 1967 in
598 1929 801 1967 mentem?
823 1942 897 1981 ego
913 1928 1020 1966 enirn
1036 1928 1206 1980 amplius
1225 1928 1333 1966 H-S.
1357 1927 1560 1966 ducenties
1577 1941 1718 1980 accep-

324 2003 414 2033 tum
433 1994 719 2033 hereditatibus
740 1994 873 2033 retuli.
898 1994 1136 2046 Qanquam
1158 1995 1199 2032 in
1222 1993 1298 2031 hoc
1319 2007 1460 2046 genere
1479 1992 1604 2031 fateor
1623 1992 1717 2031 feli-

324 2062 471 2100 ciorem
491 2062 563 2100 effe
584 2071 636 2100 te.
670 2062 742 2099 Me
763 2074 894 2105 nem0,
929 2061 997 2098 nifi
1019 2061 1184 2106 amicus,
1213 2060 1309 2098 fecit
1329 2059 1529 2106 heredem,
1559 2069 1604 2098 ut
1624 2073 1718 2098 cum

326 2127 396 2165 illo
418 2127 644 2172 commodo,
664 2127 690 2164 fi
712 2126 818 2179 quod
839 2135 932 2170 erat,
951 2126 1073 2164 animi
1094 2126 1256 2179 quidam
1277 2127 1656 2179 dolorjungeretur3
1680 2135 1720 2163 te

326 2193 374 2237 is,
398 2206 518 2245 quem
540 2202 583 2230 tu
603 2192 732 2230 vidisti
754 2205 974 2244 nunquam,
998 2194 1046 2231 L.
1070 2193 1247 2231 Rubrius
1270 2193 1456 2238 Caffinas,
1487 2192 1583 2230 fecit
1603 2191 1717 2229 here-

325 2259 430 2297 dem.
474 2261 527 2297 Et
549 2259 712 2311 quidem
732 2259 840 2304 vide,
873 2273 993 2311 quam
1015 2269 1052 2298 te
1073 2260 1213 2298 amarit
1234 2261 1265 2298 is
1280 2290 1290 2305 ,
1322 2260 1416 2312 qui,
1448 2259 1559 2298 albus
1590 2268 1719 2296 aterve

325 2324 462 2369 fueris,
485 2325 682 2376 ignomm,
706 2323 835 2362 fratris
856 2324 986 2363 filium
1007 2326 1218 2378 praeteriit:
1243 2324 1438 2377 QFufii,
1460 2323 1718 2362 honestissimi

325 2392 470 2444 equitis
493 2391 680 2436 Romani,
704 2391 839 2444 suique
859 2392 1094 2437 amiciffimi,
1119 2406 1238 2444 quem
1260 2393 1388 2445 palam
1409 2391 1592 2429 heredem
1614 2390 1717 2427 sem-

326 2471 395 2510 per
410 2456 616 2503 faetitarat,
635 2471 683 2495 ne
700 2470 843 2496 nomen
861 2458 1022 2510 quidem
1038 2457 1280 2511 perscripsit,
1304 2466 1357 2503 te,
1375 2469 1494 2509 quem
1511 2467 1721 2507 nunquam.
