2076 2860
674 160 1251 202 PHILIPPICA
1330 161 1384 200 ΙΙ.
1651 176 1723 215 311

331 266 529 311 faucibus,
547 264 627 303 istis
645 265 848 311 lateribus,
866 264 934 302 ista
948 263 1179 316 gladiatoria
1196 263 1318 302 totius
1335 263 1509 317 corporis
1526 262 1727 310 firmitate,

333 342 490 371 tantum
511 331 594 370 vini
614 332 656 369 in
678 332 841 384 Hippiae
863 331 1014 383 nuptiis
1036 328 1280 375 exhauseras,
1313 339 1356 368 ut
1378 330 1452 368 tibi
1474 330 1620 368 necesse
1639 330 1731 369 effet

332 399 375 436 in
406 398 546 451 populi
580 398 754 436 Romani
785 397 996 450 conspecffhl
1029 410 1186 434 vomere
1218 396 1418 449 postridie.
1464 398 1500 435 O
1534 411 1616 435 rem
1650 411 1730 436 non

332 463 454 502 modo
473 463 556 502 visu
577 462 740 509 foedam,
773 463 836 501 sed
857 464 976 502 etiam
996 463 1132 501 auditu
1153 463 1159 500 !
1195 463 1234 500 Si
1254 464 1357 501 inter
1377 477 1546 508 coenam,
1579 464 1619 501 in
1641 464 1730 516 ipsis

333 531 413 568 tuis
435 530 678 567 immanibus
700 530 780 567 illis
802 530 972 582 poculis,
990 528 1067 566 hoc
1086 528 1160 566 tibi
1180 528 1391 574 accidisset,
1410 530 1499 582 quis
1520 543 1600 568 non
1618 539 1732 583 turpe

334 595 526 633 duceret?
560 596 606 633 In
636 605 743 634 coetu
773 609 863 633 vero
893 595 1033 648 populi
1064 595 1252 640 Romani,
1285 595 1491 646 negotium
1521 595 1733 648 publicum

335 675 488 714 gerens,
519 662 702 714 magister
723 662 920 714 equitum,
952 661 1017 698 cui
1046 662 1193 698 metare
1216 670 1329 712 turpe
1355 660 1461 706 esset,
1493 661 1525 698 is
1552 675 1730 707 vomens,

335 727 467 767 frustis
496 728 721 774 esculentis,
753 729 892 766 vinum
913 727 1198 771 redolentibus,
1230 727 1429 779 gremium
1450 727 1579 773 suum,
1608 738 1647 767 et
1669 739 1731 767 to-

335 803 424 832 tum
446 794 635 840 tribunal,
658 795 856 847 implevit.
896 793 969 831 Sed
989 792 1066 831 hoc
1087 792 1167 845 ipse
1187 791 1334 831 fatetur
1353 793 1424 831 effe
1445 793 1486 831 in
1509 793 1585 832 suis
1607 794 1731 833 sordi-

337 859 410 898 bus
431 875 439 898 :
473 860 676 898 veniamus
698 860 745 897 ad
766 858 981 912 splendida.

393 927 550 965 XXVI.
584 926 710 964 Caesar
739 926 980 965 Alexandria
1006 925 1042 964 se
1072 926 1236 979 recepit,
1267 925 1380 972 felix,
1413 936 1456 965 ut
1478 927 1549 965 fibi
1570 927 1734 980 quidem

335 992 570 1037 videbatur;
602 1006 689 1030 mea
709 1001 841 1030 autem
863 992 1067 1037 sententia,
1100 993 1126 1030 fi
1148 993 1237 1045 quis
1259 993 1487 1045 reipublicae
1508 994 1553 1032 fit
1575 993 1733 1040 infelix,

336 1057 435 1097 felix
456 1057 528 1096 effe
549 1072 629 1096 non
650 1059 790 1111 potest.
823 1058 945 1096 Hasta
965 1059 1087 1111 pofita
1106 1072 1178 1111 pro
1199 1058 1278 1097 aede
1299 1060 1408 1110 Jovis
1431 1060 1608 1106 Statoris,
1633 1061 1737 1098 bona

338 1126 417 1164 Cn.
434 1125 616 1178 Pompeii
640 1125 855 1178 (Miserum
875 1138 938 1163 me
955 1124 962 1162 Ι
987 1124 1232 1178 consumptis
1254 1126 1362 1164 enim
1382 1126 1584 1177 lacrymis,
1604 1136 1736 1165 tamen

338 1191 485 1230 infixus
506 1191 640 1230 animo
654 1190 776 1229 haeret
797 1190 926 1242 dolor)
948 1191 1063 1236 bona,
1082 1191 1262 1244 inquam,
1281 1192 1360 1231 Cn.
1377 1192 1559 1245 Pompeii
1575 1192 1735 1245 Magni,

338 1257 428 1295 voci
456 1256 706 1295 acerbiffimae
737 1256 908 1308 subjecta
936 1257 1142 1308 praeconis.
1176 1257 1268 1295 Una
1296 1257 1338 1294 in
1368 1257 1437 1296 illa
1467 1271 1507 1296 re
1539 1257 1737 1296 servitutis

340 1322 466 1362 oblita
496 1322 633 1361 civitas
664 1322 891 1374 ingemuit3
924 1321 1259 1375 servientibusque
1289 1323 1447 1369 animis,
1479 1338 1573 1363 curn
1603 1326 1738 1362 omnia

340 1397 451 1427 metu
468 1397 708 1433 tenerentur,
726 1388 898 1440 gemitus
917 1396 1045 1426 tamen
1063 1388 1204 1440 populi
1221 1389 1394 1427 Romani
1416 1389 1517 1428 liber
1532 1390 1624 1429 fuit.
1649 1391 1735 1429 Ex-

340 1456 587 1508 pefitantibus
609 1455 811 1500 omnibus,
844 1455 1024 1507 quisnam
1048 1454 1139 1493 esset
1160 1465 1241 1493 tam
1260 1457 1424 1508 impius,
1457 1466 1538 1496 tam
1559 1458 1736 1502 demens,

340 1531 422 1561 tam
454 1522 544 1560 Diis
576 1521 886 1573 hominibusque
918 1521 1054 1566 hostis,
1086 1522 1155 1573 qui
1187 1522 1235 1560 ad
1266 1522 1368 1560 illud
1399 1523 1523 1561 scelus
1557 1524 1735 1562 seetionis

340 1588 498 1626 auderet
518 1588 714 1633 accedere,
747 1588 931 1626 inventus
952 1587 1005 1625 est
1026 1601 1158 1633 nemo,
1190 1598 1328 1641 praeter
1348 1590 1603 1635 Antoniun15
1636 1603 1736 1642 prae—

342 1654 475 1692 sertim
507 1667 601 1692 cum
633 1663 693 1692 tot
724 1653 844 1692 effent
875 1655 1028 1692 circum
1061 1653 1208 1692 hastam
1240 1655 1366 1699 illam,
1399 1657 1468 1707 qui
1500 1656 1574 1693 alia
1605 1657 1739 1694 omnia

342 1721 542 1760 auderent.
586 1722 700 1758 Unus
729 1721 914 1758 inventus
945 1720 1012 1765 est,
1045 1721 1114 1773 qui
1144 1721 1184 1758 id
1214 1720 1385 1767 auderet,
1417 1722 1524 1774 quod
1554 1723 1737 1761 omnium

343 1786 502 1839 fugisset
521 1796 559 1825 et
580 1786 862 1825 reformidasset
882 1786 1054 1825 audacia.

400 1856 556 1892 Tantus
577 1854 701 1905 igitur
722 1863 759 1892 te
779 1853 913 1906 stupor
933 1853 1132 1906 opprefiit,
1159 1854 1235 1900 vel,
1268 1864 1312 1892 ut
1332 1855 1459 1893 verius
1482 1855 1625 1901 dicam,
1650 1865 1736 1894 tan-

344 1931 408 1958 tus
430 1919 554 1965 furor,
587 1930 631 1958 ut
660 1920 852 1973 primum,
884 1934 977 1958 cum
1008 1920 1129 1958 seC'oer
1159 1920 1204 1958 fis
1235 1921 1306 1958 isto
1328 1921 1416 1959 loco
1438 1931 1566 1967 natus,
1598 1922 1740 1960 deinde

343 2001 438 2025 cum
470 1986 652 2039 Pompeii
683 1986 825 2031 sector,
857 2000 937 2024 non
971 1995 1008 2023 te
1039 1986 1318 2025 exsecrandum
1350 1988 1500 2041 populo
1534 1989 1737 2034 Romano,

345 2066 424 2090 non
454 2051 738 2097 detestabilem,
769 2066 849 2090 non
879 2065 1016 2089 omnes
1048 2052 1122 2090 tibi
1153 2053 1274 2098 Deos,
1307 2067 1443 2092 omnes
1472 2053 1669 2100 homines,
1701 2064 1739 2093 et

345 2117 418 2155 effe
438 2118 623 2156 inimicos
651 2128 689 2156 et
709 2116 864 2155 futuros
893 2117 1014 2155 scias?
1050 2119 1106 2156 At
1127 2132 1246 2170 quam
1269 2119 1480 2158 insolenter
1500 2120 1628 2158 statim
1649 2120 1737 2158 hel-

346 2183 414 2220 luo
435 2183 571 2220 invafit
599 2183 638 2219 in
661 2184 744 2234 ejus
767 2183 840 2220 viri
866 2182 1072 2229 fortunas3
1105 2185 1218 2236 cujus
1246 2186 1392 2223 virtute
1420 2186 1634 2224 terribilior
1661 2196 1739 2224 erat

347 2248 518 2300 populus
541 2249 744 2286 Romanus
765 2249 907 2286 exteris
928 2250 1130 2301 gentibus,
1157 2250 1309 2302 justitia
1328 2252 1453 2289 carior
1471 2253 1484 2289 ?

405 2314 582 2352 XXVII.
616 2314 662 2351 In
683 2315 766 2367 ejus
787 2315 910 2367 igitur
930 2317 1061 2369 copias
1083 2331 1177 2355 cum
1198 2317 1234 2355 se
1255 2317 1386 2355 subito
1406 2318 1738 2370 ingurgitaviffet‚

348 2380 566 2419 exsultabat
597 2380 766 2432 gaudio,
797 2381 959 2434 persona
990 2382 1037 2420 de
1068 2384 1220 2428 mimo,
1252 2383 1373 2422 modo
1406 2397 1549 2436 egens,
1583 2393 1740 2436 repente

344 2448 471 2489 dives.
506 2446 592 2492 Sed,
622 2456 664 2484 ut
684 2446 736 2485 est
757 2447 860 2500 apud
879 2457 1037 2501 poetam
1059 2449 1189 2488 nescio
1210 2463 1344 2502 quem,
1377 2450 1481 2488 Male
1492 2457 1622 2501 parta,
1653 2448 1741 2488 male
