2076 2860
459 237 539 278 394
812 220 890 259 IN
949 220 1014 258 Μ.
1076 220 1503 259 ANTONIUM

459 325 565 363 Saxae
599 332 736 368 cavet3
768 335 884 375 qu03,
916 322 1167 361 centuriones
1200 336 1398 376 pugnaces
1430 332 1469 362 et
1500 322 1724 369 lacertosos,
1755 324 1859 362 inter

458 391 676 429 mimorum
696 398 734 427 et
755 389 970 427 mimarum
989 402 1126 442 greges
1147 389 1374 429 collocavit.
1403 389 1577 428 Postulat
1598 399 1793 443 praeterea,
1815 398 1859 429 ut

457 456 779 509 chirographorum
798 464 834 494 et
852 456 1184 495 commentariorum
1187 456 1279 509 fita,
1308 457 1595 510 collegaequestci,
1616 457 1759 497 decreta
1777 471 1858 496 ma-

459 532 582 560 neant.
672 521 740 559 uid
761 521 926 567 laborat,
959 531 1003 560 ut
1027 521 1183 567 habeat,
1214 522 1324 575 quod
1353 522 1520 576 quisque
1549 532 1744 562 mercatus
1773 523 1827 562 est
1843 542 1855 569 ς

460 588 501 633 fi,
524 588 633 641 quod
652 588 819 641 accepit,
851 586 991 627 habeat
1012 588 1083 641 qui
1103 588 1281 627 vendidit
1298 590 1310 627 ?
1342 590 1397 627 Et
1416 602 1460 628 ne
1478 598 1685 642 tangantur
1703 590 1861 629 rationes

458 653 510 692 ad
526 654 643 707 Opis.-
675 654 716 692 id
745 654 813 700 est,
845 667 894 692 ne
921 654 1061 708 septies
1092 654 1239 693 millies
1268 664 1533 709 recuperetur.
1576 657 1636 695 Ne
1648 655 1791 709 fraudi
1801 655 1861 708 stt

445 721 693 774 fiptemviris‚
723 720 818 774 quod
830 720 985 774 egff‘nt.
1024 721 1186 760 Nucula
1205 720 1298 767 hoc,
1329 722 1460 768 credo,
1482 721 1717 762 admonuit:
1749 735 1860 762 vere-

464 786 577 825 batur
597 786 766 833 fortasse,
799 801 848 825 ne
867 788 1067 826 amitteret
1089 797 1213 826 tantas
1235 788 1453 827 clientelas.

518 853 658 891 Caveri
689 854 810 892 etiam
842 854 928 892 vult
959 854 1015 899 iis,
1051 853 1116 907 qui
1127 855 1252 907 stcum
1267 855 1377 908 fimt,
1413 853 1587 909 quidquid
1610 863 1738 894 contra
1770 854 1861 908 leges

459 919 706 973 cornmg'sbrint.
748 920 930 959 Mustelae
950 930 989 959 et
1009 921 1154 959 Tironi
1175 921 1392 974 prospicit:
1426 922 1474 960 de
1501 922 1537 960 se
1562 921 1665 960 nihil
1693 922 1859 961 laborat.

463 986 575 1037 Qid
604 987 712 1024 enim
743 987 942 1025 commisit
972 989 1180 1040 unquam?
1214 1002 1311 1026 num
1332 997 1398 1026 aut
1425 989 1635 1042 pecuniam
1654 988 1860 1041 publicam

462 1054 610 1106 attigit,
642 1064 708 1092 aut
729 1054 937 1093 hominem
958 1055 1121 1101 occidit,
1153 1065 1219 1093 aut
1241 1055 1373 1093 secum
1393 1055 1533 1094 habuit
1554 1065 1721 1094 armatos
1742 1058 1754 1093 ?
1788 1055 1862 1094 Sed

462 1121 561 1173 quid
582 1120 650 1166 est,
681 1121 789 1174 quod
820 1121 866 1159 de
897 1122 944 1159 iis
966 1122 1117 1159 laboret
1136 1123 1149 1159 ?
1182 1121 1356 1160 Postulat
1377 1122 1499 1167 enim,
1530 1121 1862 1175 nesuajudiciaria

461 1187 518 1226 lex
535 1186 760 1240 abrogetur.-
792 1201 873 1241 quo
899 1188 1126 1240 impetrato,
1158 1187 1256 1240 quid
1285 1188 1338 1225 est
1366 1188 1473 1241 quod
1503 1190 1685 1227 metuat?
1717 1202 1780 1234 an,
1813 1202 1861 1227 ne

465 1253 625 1291 suorum
646 1253 788 1306 aliquis
810 1268 830 1291 a
851 1254 976 1305 Cyda,
1009 1253 1186 1305 Lyfiade,
1220 1254 1358 1298 Curio,
1390 1254 1678 1292 condemnetur
1697 1256 1709 1292 ?

520 1319 666 1373 Neque
687 1329 817 1358 tamen
836 1333 906 1357 nos
925 1328 1037 1372 urget
1054 1319 1246 1357 mandatis
1263 1319 1469 1372 pluribus:
1494 1320 1663 1358 remittit
1678 1320 1862 1373 aliquan-

464 1395 568 1431 tum,
589 1394 629 1424 et
649 1386 809 1424 relaxat.
843 1386 1014 1431 Galliam,
1044 1385 1190 1438 inquit,
1222 1395 1385 1438 togatam
1404 1385 1561 1431 remitto,
1590 1395 1763 1425 comatam
1775 1387 1861 1440 pff-

463 1453 567 1492 tulo:
598 1452 745 1492 otiosus
773 1453 959 1491 videlicet
985 1452 1058 1491 effe
1085 1453 1264 1491 mavult:
1297 1467 1376 1492 cum
1382 1453 1452 1506 fix
1470 1453 1674 1506 legionibus,
1711 1447 1860 1507 inquit,

462 1519 569 1572 ig'sque
573 1518 753 1571 suppletis
772 1534 815 1558 ex
833 1519 892 1558 D.
915 1519 1036 1558 Bruti
1051 1519 1224 1564 exercitu,
1258 1533 1337 1557 non
1365 1518 1485 1557 modo
1512 1533 1560 1557 ex
1588 1519 1740 1558 delectu
1762 1519 1831 1557 suo
1849 1535 1858 1558 :

462 1583 667 1638 tamdiuque
695 1593 738 1623 ut
766 1583 938 1629 obtineat,
971 1584 1138 1638 quamdiu
1166 1586 1229 1623 M.
1252 1586 1410 1630 Brutus,
1445 1585 1489 1623 C.
1514 1584 1662 1637 chfflus,
1697 1586 1860 1639 confides,

454 1660 573 1704 prove
591 1651 797 1705 cwficlibus,
822 1651 1036 1706 provincias
1053 1651 1275 1691 obtinebunt.
1316 1652 1453 1704 Hujus
1474 1652 1650 1690 comitiis
1673 1653 1723 1691 C.
1745 1651 1864 1691 frater

460 1719 573 1770 ejus:
606 1718 660 1755 est
691 1719 799 1756 enim
831 1732 971 1764 annus,
1004 1728 1048 1757 ut
1080 1718 1275 1772 repulsam
1307 1719 1416 1757 tulit.
1457 1719 1535 1772 Ipst
1552 1728 1671 1757 autem
1691 1727 1733 1757 ut
1752 1718 1860 1773 quin—

463 1784 665 1837 quennium,
697 1785 843 1836 inquit,
875 1785 1063 1824 obtineam.
1110 1787 1165 1823 At
1193 1785 1295 1823 istud
1315 1795 1419 1824 vetat
1441 1785 1504 1824 lex
1526 1778 1715 1832 Caesarisg
1747 1795 1787 1824 et
1817 1795 1861 1825 tu

464 1852 546 1887 acia
566 1849 726 1887 Caesaris
747 1849 927 1888 defendis
948 1852 960 1888 ?

522 1916 574 1953 X.
610 1916 708 1953 Haec
731 1924 772 1953 tu
795 1916 990 1962 mandata,
1023 1917 1072 1955 L.
1098 1916 1200 1962 Piso,
1223 1926 1261 1954 et
1283 1925 1341 1962 tu,
1364 1917 1414 1955 L.
1439 1916 1640 1969 Philippe,
1661 1916 1861 1970 principes

463 1982 652 2027 civitatis,
685 1995 763 2020 non
785 1982 876 2021 dico
896 1983 1030 2021 animo
1057 1981 1171 2029 ferre,
1203 1996 1340 2022 verum
1371 1983 1530 2022 auribus
1563 1983 1754 2036 accipere,
1785 1997 1860 2036 po-

465 2047 626 2086 tuistis?
659 2048 747 2093 Sed,
780 2058 823 2087 ut
845 2049 1032 2102 suspicor,
1064 2058 1187 2087 terror
1217 2059 1296 2087 erat
1330 2049 1520 2102 quidam:
1555 2063 1626 2087 nec
1647 2063 1715 2088 vos
1737 2058 1781 2087 ut
1802 2050 1861 2088 le-

464 2114 547 2166 gati
578 2113 681 2167 apud
713 2114 830 2153 illum
862 2114 1006 2161 fuistis,
1039 2129 1110 2153 nec
1143 2124 1186 2154 ut
1213 2115 1461 2154 consulares:
1494 2129 1567 2154 nec
1594 2129 1661 2154 vos
1682 2115 1860 2162 vestram,

466 2193 538 2217 nec
572 2179 814 2232 reipublicae,
845 2181 1082 2234 dignitatern
1115 2192 1245 2220 tenere
1276 2182 1486 2235 potuistis:
1520 2190 1710 2220 ettamen
1732 2181 1863 2220 nescio

466 2259 549 2298 quo
579 2247 706 2298 pactO,
738 2246 925 2300 sapientia
954 2247 1139 2300 quadam,
1173 2248 1304 2293 credo,
1336 2248 1443 2302 quod
1477 2261 1550 2301 ego
1584 2262 1663 2286 non
1698 2247 1861 2301 poffem,

468 2325 547 2349 non
581 2312 700 2350 nimis
733 2313 821 2351 irati
854 2314 1076 2352 revertistis.
1114 2314 1239 2353 Vobis
1268 2315 1332 2353 M.
1357 2316 1557 2354 Antonius
1580 2314 1682 2353 nihil
1704 2314 1859 2360 tribuit,

467 2377 685 2416 clariffimis
721 2379 835 2425 viris,
868 2379 1005 2432 legatis
1041 2380 1180 2433 populi
1215 2381 1416 2419 Romani:
1449 2395 1519 2419 nos
1554 2380 1653 2434 quid
1687 2393 1766 2418 non
1801 2379 1860 2417 le-

464 2452 558 2495 gato
579 2443 643 2482 M.
668 2444 837 2482 Antonii
860 2445 1012 2497 Cotylae
1033 2445 1290 2484 conceffimus
1311 2447 1324 2485 ?
1356 2447 1421 2484 cui
1449 2455 1579 2499 portas
1605 2446 1724 2498 hujus
1750 2444 1859 2482 urbis

466 2518 595 2561 patere
612 2510 677 2561 jus
699 2524 777 2549 non
799 2520 894 2557 erat,
926 2511 1021 2550 huic
1043 2510 1118 2550 hoc
1142 2512 1339 2565 templum
1360 2514 1488 2565 patuit
1507 2528 1515 2551 :
1549 2512 1644 2550 huic
1669 2510 1796 2549 aditus
1818 2510 1860 2548 in
