2076 2860
475 208 551 249 302
828 192 906 232 IN
965 190 1031 229 M.
1091 190 1519 231 ANTONIUM

474 297 577 336 illud
598 296 761 350 quidem
782 293 861 332 fuit
876 323 887 339 ‚
919 302 964 332 ut
992 302 1035 332 tu
1056 292 1212 332 dicebas
1227 322 1239 339 ,
1271 294 1458 332 omnibus
1481 295 1610 340 bono,
1643 295 1713 348 qui
1733 295 1873 336 servire

475 364 691 407 nolebant;
725 361 799 399 tibi
821 370 951 398 tamen
973 360 1184 413 praecipue,
1216 361 1287 413 qui
1308 374 1387 399 non
1408 360 1528 399 modo
1550 374 1630 399 non
1651 361 1783 408 servis,
1809 363 1874 401 sed

473 430 592 468 etiam
624 441 757 480 regnas
778 442 787 466 :
821 426 892 480 qui
921 427 1098 464 maximo
1129 435 1166 464 te
1191 440 1262 464 aere
1283 426 1411 464 alieno
1431 426 1478 464 ad
1499 427 1623 465 cedem
1646 428 1746 481 Opis
1768 428 1873 467 libe-

476 496 589 534 rasti:
623 494 694 546 qui
723 507 791 546 per
821 492 973 531 easdem
1001 492 1151 531 tabulas
1178 493 1512 531 innumerabilem
1532 494 1744 546 pecuniam
1765 495 1873 534 diffi-

473 561 633 615 pavisti:
657 560 705 598 ad
725 574 846 612 quem
861 573 881 598 e
902 560 1022 598 domo
1045 559 1204 597 Caesaris
1228 568 1306 596 tam
1328 559 1456 597 multa
1475 559 1602 598 delata
1622 560 1734 600 sunt:
1759 562 1872 613 cujus

473 628 614 666 domus
645 626 961 680 quaestuosiffima
987 625 1040 663 est
1067 624 1257 662 falsorum
1277 626 1656 664 commentariorum
1677 636 1716 664 et
1736 626 1871 665 chiro-

472 692 716 746 graphorum
737 692 917 737 officina,
941 704 1141 744 agrorum,
1164 690 1420 743 oppidorum,
1438 691 1758 738 immunitatum,
1779 706 1873 731 vec-

475 760 673 812 tigalium,
706 758 1006 812 flagitiofiffimae
1037 757 1238 796 nundinae.
1281 758 1445 795 Etenim
1466 770 1552 809 quae
1573 771 1632 796 res
1654 758 1811 811 egestati
1833 768 1873 798 et

473 827 537 864 aeri
559 827 687 864 alieno
710 835 794 871 tuo,
827 834 966 879 praeter
986 833 1157 862 mortem
1180 823 1355 868 Caesaris,
1387 824 1592 862 subvenire
1613 824 1798 877 potuiffet
1817 826 1830 862 ἓ

529 893 676 931 Nescio
709 892 807 945 quid
839 891 1098 930 conturbatus
1131 890 1202 929 effe
1235 890 1394 929 videris.
1432 891 1634 944 Nunquid
1665 891 1871 937 subtimes,

473 973 521 997 ne
542 959 589 996 ad
611 968 648 996 te
669 957 746 996 hoc
766 959 918 996 crimen
939 958 1135 1011 pertinere
1154 956 1333 995 videatur
1351 958 1364 994 ?
1401 957 1549 995 Libero
1571 966 1608 995 te
1629 966 1739 995 metu
1757 973 1767 997 :
1799 971 1871 996 ne·

471 1024 538 1063 mo
560 1025 691 1064 credet
713 1038 889 1077 unquam
907 1039 916 1063 ε
950 1038 1030 1062 non
1060 1023 1114 1062 est
1143 1032 1260 1062 tuum
1286 1023 1333 1061 de
1354 1023 1557 1076 republica
1577 1024 1676 1062 bene
1696 1025 1837 1062 mereri
1856 1039 1867 1063 ε

471 1092 591 1131 habet
612 1092 720 1130 illius
738 1090 999 1144 pulcherrimi
1020 1089 1112 1128 fasti
1133 1089 1360 1128 clariffimos
1378 1090 1480 1128 viros
1498 1089 1719 1142 respublica
1733 1092 1870 1129 audio-

472 1173 531 1198 res
551 1174 559 1197 ε
583 1172 656 1211 ego
678 1168 716 1196 te
737 1167 893 1196 tantum
912 1157 1081 1210 gaudere
1101 1156 1217 1202 dico3
1247 1155 1378 1194 feciffe
1400 1170 1478 1194 non
1500 1170 1635 1209 arguo.
1669 1156 1872 1209 Respondi

472 1226 658 1264 maximis
680 1224 917 1263 criminibus
937 1239 946 1263 ε
981 1237 1086 1262 nunc
1108 1224 1228 1262 etiam
1250 1223 1412 1276 reliquis
1434 1223 1751 1276 respondendum
1772 1223 1841 1262 est.

529 1293 622 1330 XV.
657 1291 788 1330 Castra
808 1289 910 1329 mihi
932 1290 1129 1342 Pompeii,
1152 1298 1269 1341 atque
1290 1288 1392 1326 illud
1413 1302 1531 1327 omne
1553 1299 1726 1342 tempus,
1755 1290 1869 1342 obje-

472 1359 572 1397 cisti.
597 1360 690 1410 Qo
711 1357 874 1410 quidem
891 1365 1068 1408 tempore
1085 1356 1126 1401 fi,
1145 1364 1189 1393 ut
1206 1355 1304 1399 dixi,
1322 1369 1457 1393 meum
1473 1355 1683 1394 confilium
1699 1355 1871 1394 auetori-

472 1425 606 1478 tasque
626 1423 826 1468 valuiffet5
851 1430 895 1460 tu
915 1420 1034 1460 hodie
1054 1435 1201 1473 egeres,
1220 1434 1290 1459 nos
1312 1420 1428 1458 liberi
1449 1420 1628 1466 effemus,
1651 1421 1872 1474 respublica

472 1505 552 1530 non
575 1500 633 1529 tot
654 1490 771 1528 duces
792 1499 831 1527 et
851 1489 1047 1527 exercitus
1068 1487 1262 1526 amisiffet.
1287 1488 1428 1525 Fateor
1448 1487 1571 1533 enim,
1594 1501 1672 1533 me,
1695 1501 1790 1525 cum
1809 1501 1867 1534 ea,

471 1573 558 1611 quae
579 1556 806 1596 acciderunt
822 1586 833 1601 ,
864 1554 1112 1608 providerem
1139 1553 1274 1592 futura
1287 1583 1298 1599 ‚
1331 1563 1438 1591 tanta
1461 1553 1503 1591 in
1523 1553 1710 1592 moestitia
1728 1552 1842 1592 fuisse
1855 1583 1868 1600 ,

471 1633 618 1677 quanta
638 1623 766 1662 caeteri
787 1622 931 1675 optimi
953 1622 1072 1666 cives,
1096 1621 1122 1659 fi
1143 1620 1250 1658 idem
1271 1619 1540 1673 providissent,
1571 1619 1745 1658 fuiffent.
1779 1621 1869 1659 Do-

471 1690 617 1735 lebam,
635 1689 833 1734 dolebam,
857 1689 988 1726 Patres
1010 1687 1239 1739 conscripti,
1258 1686 1563 1739 rempublicam,
1580 1685 1713 1724 vestris
1736 1698 1868 1738 quon·

469 1757 561 1795 dam
580 1756 757 1808 meisque
776 1755 948 1793 consiliis
969 1754 1234 1793 conservatam
1248 1783 1258 1799 ‚
1291 1753 1400 1791 brevi
1423 1762 1599 1805 tempore
1619 1752 1692 1790 effe
1712 1752 1866 1806 peritu-

470 1837 568 1862 ram.
612 1823 757 1873 Neque
778 1834 868 1859 vero
888 1833 993 1858 eram
1013 1829 1095 1857 tam
1125 1819 1305 1856 indoctus
1321 1848 1333 1863 ,
1364 1819 1601 1871 ignarusque
1630 1832 1760 1856 rerum
1775 1847 1787 1864 ,
1819 1827 1865 1857 ut

472 1889 671 1940 frangerer
701 1888 833 1924 animo
865 1895 1025 1941 propter
1055 1886 1144 1922 vitae
1175 1884 1464 1937 cupiditatem5
1498 1898 1583 1936 quae
1615 1898 1678 1922 me
1705 1898 1867 1922 manens

471 1954 684 1994 conficeret
704 1952 933 2005 angoribus,
951 1951 1104 1990 dimissa
1121 1950 1310 1988 molestiis
1332 1950 1518 1988 omnibus
1540 1949 1747 1989 liberaffet.
1771 1950 1868 1989 Illos

472 2035 546 2074 ego
574 2019 900 2074 praestantiffimos
922 2017 1042 2065 viros,
1073 2017 1226 2055 lumina
1246 2016 1488 2069 reipublicae,
1520 2016 1649 2054 vivere
1669 2016 1867 2062 volebam,

472 2096 533 2126 tot
553 2085 788 2131 consulares,
821 2094 880 2124 tot
900 2084 1116 2137 praetorios,
1150 2092 1209 2121 tot
1228 2082 1514 2121 honestiffimos
1537 2081 1744 2128 senatores,
1776 2096 1867 2121 om-

471 2167 565 2193 nem
585 2161 768 2206 praeterea
787 2151 924 2190 florem
946 2150 1166 2189 nobilitatis
1187 2163 1230 2187 ac
1245 2149 1484 2202 juventutis,
1513 2157 1599 2186 tum
1621 2149 1870 2201 optimorum

469 2221 621 2260 civium
641 2219 864 2258 exercitus:
897 2218 968 2271 qui
996 2217 1022 2255 fi
1043 2218 1232 2262 viverent,
1264 2216 1443 2269 quamvis
1472 2216 1609 2269 iniqua
1637 2215 1868 2254 conditione

471 2287 593 2341 pacis,
629 2284 749 2338 (mihi
770 2285 877 2323 enim
897 2284 1028 2323 omnis
1054 2297 1130 2336 pax
1157 2297 1249 2321 cum
1277 2281 1432 2320 civibus
1461 2282 1567 2320 bello
1594 2281 1704 2319 civili
1731 2281 1870 2320 utilior

469 2351 694 2403 videbatur)
730 2350 1018 2404 rempublicam
1049 2348 1169 2388 hodie
1200 2359 1437 2388 teneremus.
1485 2349 1585 2400 Qae
1618 2347 1809 2386 sententia
1838 2346 1865 2384 fi

469 2418 647 2460 valuiffet
661 2448 673 2465 ,
704 2432 748 2457 ac
770 2431 849 2456 non
877 2417 906 2456 ii
932 2416 1106 2457 maxime
1128 2415 1255 2461 mihi,
1288 2430 1461 2469 quorum
1481 2428 1554 2467 ego
1574 2415 1663 2453 vitae
1683 2413 1865 2452 consule-

472 2486 578 2533 bam,
610 2485 675 2539 spe
695 2484 867 2525 vidtoriae
885 2483 992 2531 elati,
1023 2482 1257 2523 obstitiffent
1270 2500 1284 2530 5
1316 2491 1362 2522 ut
1381 2481 1456 2521 alia
1474 2481 1674 2526 omittam,
1698 2488 1740 2518 tu
1762 2486 1868 2517 certe
