2076 2860
627 210 1202 250 PHILIPPICA
1279 210 1396 253 x111.
1627 229 1704 268 443

312 313 464 359 licebit,
497 314 538 351 in
559 312 742 352 faucibus
762 328 771 352 ε
805 313 950 366 quibus
972 315 1080 353 enim
1101 314 1218 368 septis
1240 325 1319 356 tam
1340 317 1532 360 immanes
1558 317 1706 357 belluas

312 379 608 417 continebimus
628 380 641 417 ?

366 447 422 483 At
443 446 617 484 incertus
638 446 767 484 exitus
790 446 886 484 belli
907 446 973 485 est.
1018 447 1086 486 Est
1118 448 1284 487 omnino
1316 448 1483 489 fortium
1514 451 1704 497 virorum,

310 512 442 565 quales
465 525 533 550 vos
554 512 626 550 effe
647 512 813 558 debetis,
845 514 1035 552 virtutem
1055 514 1229 567 praestare
1248 530 1257 553 ε
1291 525 1447 554 tantum
1479 518 1586 555 enim
1614 518 1704 570 pos-

305 578 394 616 sunt
413 593 422 617 :
454 577 624 617 fortunae
645 579 803 632 culpam
826 592 906 618 non
927 581 1194 620 extimescere.
1229 581 1316 627 Sed,
1348 583 1539 635 quoniam
1559 584 1606 621 ab
1626 583 1704 622 hoc

307 645 445 683 ordine
466 658 546 683 non
578 644 774 684 fortitudo
806 646 948 691 solum,
980 660 1117 685 verum
1149 648 1268 686 etiam
1300 648 1499 701 sapientia,
1531 650 1703 703 postula-

306 720 400 756 ταῖς
434 725 658 764 quanquam
690 713 756 750 vix
789 712 973 751 videntur
1003 712 1088 751 haec
1120 713 1224 766 poffe
1255 713 1422 767 sejungi,
1455 715 1704 768 sejungamus

307 786 454 815 tamen.
508 778 719 816 Fortitudo
740 778 1074 831 dimicarejubet,
1100 779 1253 831 justum
1273 780 1411 819 odium
1433 781 1625 827 incendit,
1656 782 1704 820 ad

306 843 605 897 confligendum
625 844 814 896 impellit,
846 854 960 883 vocat
989 845 1035 883 ad
1064 846 1304 898 periculum.
1351 847 1463 899 Qid
1484 847 1702 899 sapientia?

305 910 548 948 cautioribus
585 910 711 948 utitur
742 911 930 956 confiliis,
962 911 1004 948 in
1037 911 1236 964 posterum
1270 912 1472 965 providet,
1503 913 1558 952 est
1591 916 1702 953 omni

306 976 456 1013 ratione
483 977 710 1028 protectior.
755 977 866 1028 Qid
898 978 1022 1029 igitur
1052 978 1214 1016 censet?
1246 978 1468 1017 Parendum
1489 979 1542 1017 est
1562 982 1699 1026 enim3

304 1050 423 1093 atque
453 1042 494 1079 id
528 1042 729 1094 optimum
759 1043 1038 1094 judicandum,
1070 1044 1179 1096 quod
1213 1045 1259 1083 fit
1293 1045 1567 1098 sapientiffime
1601 1061 1700 1086 con-

301 1106 501 1146 stitutum.
547 1108 586 1145 Si
606 1106 684 1146 hoc
704 1108 900 1161 praecipit‚
933 1123 981 1147 ne
1000 1109 1097 1162 quid
1127 1110 1208 1148 vita
1233 1111 1455 1150 existimem
1481 1113 1700 1166 antiquius,

304 1186 352 1210 ne
373 1173 581 1211 decernam
601 1174 741 1226 capitis
764 1174 956 1226 periculo,
988 1173 1142 1228 fugiam
1172 1189 1290 1215 omne
1319 1176 1559 1224 discrimen3
1591 1193 1702 1232 quae-

301 1252 385 1276 ram
417 1253 466 1277 ex
498 1252 555 1284 ea,
586 1240 759 1277 etiamne
790 1240 817 1277 fi
849 1240 938 1285 erit,
971 1253 1065 1279 cum
1097 1241 1139 1279 id
1170 1241 1316 1288 fecero,
1348 1242 1629 1284 serviendum?
1661 1247 1701 1285 Si

300 1306 513 1351 annuerit3
547 1318 604 1344 nae
633 1319 707 1358 ego
737 1305 967 1358 sapientiam
998 1306 1124 1353 istam,
1155 1309 1335 1360 quamvis
1357 1310 1402 1348 fit
1422 1311 1587 1357 erudita,
1619 1325 1701 1352 non

301 1370 473 1410 audiam.
507 1372 574 1409 Sin
595 1371 852 1424 responderit,
879 1373 947 1410 Tu
967 1385 1057 1411 vero
1078 1373 1134 1410 ita
1152 1374 1275 1413 vitam
1295 1376 1515 1430 corpusque
1536 1377 1697 1425 servato,

300 1436 355 1475 ita
374 1436 568 1482 fortunas,
599 1437 653 1475 ita
685 1451 768 1475 rem
799 1436 1051 1484 familiarem,
1084 1448 1128 1478 ut
1159 1437 1244 1478 haec
1276 1441 1486 1493 posteriora
1516 1443 1699 1483 libertate

300 1503 419 1541 ducas
437 1523 448 1549 ς
481 1504 613 1556 itaque
634 1502 696 1541 his
718 1504 777 1542 uti
802 1504 914 1548 velis,
947 1503 972 1542 s1
994 1504 1117 1543 libera
1136 1506 1339 1559 republica
1356 1508 1500 1560 poffis;
1532 1524 1605 1549 nec
1625 1524 1699 1563 pro

299 1568 362 1608 his
383 1570 623 1615 libertatem,
656 1570 719 1608 sed
740 1584 811 1624 pro
832 1571 1014 1609 libertate
1034 1570 1132 1618 haec,
1163 1574 1362 1625 projicias,
1396 1583 1583 1628 tanquam
1602 1577 1696 1630 pig-

297 1649 392 1673 nora
412 1636 592 1688 injuriae:
626 1645 713 1674 tum
744 1636 939 1689 sapientiae
970 1651 1108 1676 vocem
1137 1639 1269 1677 audire
1300 1639 1442 1686 videar,
1474 1642 1603 1694 eique,
1636 1643 1696 1682 uti

299 1702 401 1747 Deo,
432 1715 602 1755 paream.
650 1704 787 1755 Itaque
820 1702 862 1747 fi,
895 1704 1063 1756 receptis
1094 1704 1190 1750 illis,
1221 1705 1423 1758 poffumus
1454 1707 1526 1745 effe
1561 1708 1693 1755 liberi,

298 1768 503 1807 vincamus
524 1769 677 1815 odium,
700 1783 918 1822 pacemque
938 1771 1161 1822 patiamur:
1194 1771 1249 1809 fin
1271 1773 1400 1811 otium
1420 1773 1694 1815 incolumibus

295 1833 358 1872 his
380 1835 540 1873 nullum
561 1834 633 1873 effe
653 1835 806 1888 potest,
840 1835 1020 1874 laetemur
1050 1836 1276 1875 decertandi
1306 1838 1481 1878 oblatam
1508 1839 1580 1878 effe
1606 1840 1692 1880 for-

296 1909 450 1940 tunam.
483 1902 567 1939 Aut
587 1901 710 1947 enim,
740 1902 852 1940 victis
874 1901 950 1948 his,
983 1901 1163 1941 fruemur
1183 1904 1342 1943 victrice
1363 1906 1593 1958 republica;
1625 1917 1692 1946 aut

295 1966 476 2018 oppreffi,
512 1966 638 2019 (quod
659 1981 776 2005 omen
796 1977 943 2006 avertat
964 1969 1122 2021 Jupiter
1141 1968 1170 2019 !)
1203 1969 1229 2007 fi
1251 1983 1330 2008 non
1353 1970 1508 2023 spiritu,
1541 1981 1579 2011 at
1608 1974 1689 2012 vir-

296 2032 392 2069 tutis
414 2032 542 2077 laude,
575 2034 767 2071 vivemus.

352 2098 423 2136 IV.
457 2100 512 2136 At
532 2100 640 2137 enim
662 2113 731 2136 nos
760 2100 823 2137 M.
850 2100 1040 2152 Lepidus,
1073 2102 1286 2154 imperator
1315 2103 1475 2150 iterum,
1507 2105 1689 2158 pontifex

294 2165 506 2209 maximus,
538 2167 689 2217 optime
721 2166 905 2217 proximo
932 2168 1041 2205 civili
1074 2168 1178 2206 bello
1206 2169 1253 2207 de
1280 2171 1483 2223 republica
1507 2174 1687 2220 meritus,

294 2231 339 2268 ad
362 2244 497 2283 pacem
519 2232 761 2271 adhortatur.
786 2234 951 2272 Nullius
972 2235 1075 2288 apud
1097 2250 1174 2281 me,
1194 2237 1324 2275 Patres
1346 2239 1573 2291 conscripti,
1592 2254 1687 2279 auc-

294 2299 430 2335 toritas
463 2299 587 2349 major
619 2298 685 2343 est,
718 2313 835 2351 quam
869 2301 932 2339 M.
958 2302 1115 2354 Lepidi,
1147 2303 1207 2341 vel
1240 2314 1400 2357 propter
1420 2305 1537 2358 ipsius
1558 2307 1684 2345 virtu-

292 2372 389 2408 tem,
421 2364 481 2401 vel
504 2373 664 2416 propter
684 2364 844 2404 familiae
866 2366 1117 2418 dignitatem.
1163 2370 1371 2407 Accedunt
1398 2371 1534 2409 eodem
1560 2373 1686 2410 multa

293 2430 470 2482 privata;
509 2444 650 2483 magna
681 2433 762 2484 ejus
797 2432 837 2469 in
870 2447 933 2470 me
965 2436 1118 2479 merita,
1154 2449 1240 2472 mea
1271 2436 1448 2487 quaedam
1483 2438 1611 2474 officia
1643 2439 1683 2476 in

295 2495 427 2534 illum.
480 2497 709 2536 Maximum
745 2511 834 2536 vero
868 2499 950 2549 ejus
985 2499 1222 2538 beneficium
1257 2514 1435 2547 numero,
1467 2502 1573 2555 quod
1607 2501 1683 2541 hoc

1197 2565 1381 2605 Kkkz
