2076 2860
450 223 520 260 168
914 220 1356 258 ORATIO

500 320 591 357 XX.
626 320 701 357 His
724 333 794 370 ego
816 319 930 356 rebus
951 318 1097 371 pascor,
1120 318 1182 357 his
1204 319 1386 364 delector,
1409 318 1470 357 his
1493 318 1695 372 perfruor:
1719 319 1826 372 quod

443 384 489 422 de
507 385 615 422 vobis
638 384 702 421 hic
718 384 813 421 ordo
833 384 1017 436 opinatur
1031 398 1110 422 non
1132 385 1254 429 secus,
1272 398 1314 422 ac
1336 385 1382 422 de
1400 385 1608 423 teterrimis
1624 384 1800 423 hostibus
1813 404 1826 430 ς

444 451 547 501 quod
571 464 635 487 vos
657 450 806 501 equites
829 451 1000 487 Romani
1015 480 1026 495 ,
1058 450 1165 502 quod
1186 452 1314 489 caeteri
1340 451 1495 489 ordines
1511 480 1521 496 ,
1553 451 1660 503 quod
1689 452 1829 489 cuneta

445 517 578 552 civitas
600 515 709 559 odit,
743 515 848 566 quod
870 529 987 552 nemo
1008 516 1134 554 bonus
1150 546 1160 561 ,
1193 530 1310 554 nemo
1330 517 1498 568 denique
1525 517 1621 554 civis
1649 516 1727 561 est,
1759 515 1830 568 qui

444 580 561 617 modo
583 581 617 617 se
639 580 764 617 civem
786 581 856 618 effe
878 582 1117 626 meminerit,
1149 582 1217 632 qui
1247 596 1313 619 vos
1339 596 1417 619 non
1439 582 1565 620 oculis
1586 581 1727 634 fugiat,
1759 595 1828 618 au-

444 646 550 682 ribus
573 645 736 697 respuat,
756 647 887 684 animo
903 647 1139 698 aspernetur,
1158 647 1422 685 recordatione
1443 648 1612 699 denique
1632 647 1713 700 ipsa
1731 660 1829 684 con-

444 712 589 749 sulatus
611 712 721 749 vestri
744 712 1020 764 perhorrescat.
1055 713 1152 750 Haec
1173 726 1246 764 ego
1267 712 1416 765 semper
1435 714 1482 750 de
1503 714 1613 751 vobis
1634 712 1829 765 expetivi,

445 777 527 814 haec
549 779 694 830 optavi,
727 778 807 816 haec
833 788 1010 830 precatus
1032 778 1132 816 sum.
1166 779 1283 816 Plura
1303 780 1420 816 etiam
1441 779 1682 823 acciderunt,
1713 791 1833 829 quam

447 843 587 880 vellem
608 859 615 881 z
650 857 760 888 nam,
794 854 835 881 ut
856 845 1086 882 amitteretis
1108 844 1326 882 exercitum
1340 874 1350 889 ,
1383 858 1586 896 nunquam
1608 843 1833 882 mehercule

446 910 591 960 optavi.
638 910 741 947 Illud
771 910 889 947 etiam
918 909 1062 947 accidit
1090 918 1228 962 praeter
1247 919 1427 962 optatum
1449 924 1608 955 meum,
1641 909 1704 947 sed
1724 909 1834 947 valde

446 988 493 1011 ex
526 974 753 1012 voluntate:
786 974 887 1012 mihi
917 975 1023 1012 enim
1054 989 1131 1012 non
1162 984 1316 1012 venerat
1344 975 1384 1011 in
1406 963 1581 1012 mentem
1600 974 1775 1012 furorem
1796 982 1835 1011 et

448 1039 634 1077 insaniam
650 1050 781 1092 optare
798 1041 924 1085 vobis,
943 1041 981 1078 in
1000 1054 1118 1092 quam
1134 1040 1338 1078 incidistis.
1358 1041 1485 1093 Atqui
1500 1040 1578 1078 fuit
1593 1039 1832 1093 optandum:

448 1119 510 1142 me
544 1115 672 1144 tamen
700 1105 867 1158 fugerat,
900 1107 1079 1144 Deorum
1105 1106 1391 1144 immortalium
1419 1105 1486 1144 has
1515 1106 1586 1144 effe
1618 1107 1658 1143 in
1692 1105 1836 1158 impios

448 1181 485 1208 et
507 1172 786 1210 consceleratos
808 1185 940 1225 poenas
962 1172 1186 1210 certiffimas
1208 1172 1451 1210 constitutas.
1476 1172 1615 1210 Nolite
1635 1172 1742 1209 enirn
1758 1184 1836 1223 pu-

450 1247 542 1282 tare,
563 1238 691 1275 Patres
708 1238 934 1291 conscripti,
951 1248 993 1276 ut
1010 1239 1049 1276 in
1064 1238 1175 1276 scena
1189 1238 1344 1282 videtis,
1362 1237 1542 1275 homines
1557 1237 1837 1275 consceleratos

451 1305 622 1357 impulsu
641 1306 817 1343 Deorum
835 1306 967 1343 terreri
984 1305 1192 1343 Furiarum
1210 1304 1317 1342 taedis
1333 1304 1574 1342 ardentibus.
1599 1304 1674 1341 Sua
1693 1316 1837 1355 quem-

450 1384 526 1421 que
542 1370 661 1416 fraus,
680 1371 792 1409 suum
808 1370 974 1416 facinus,
994 1371 1107 1409 suum
1123 1371 1262 1416 scelus,
1280 1370 1344 1409 sua
1358 1370 1530 1415 audacia,
1548 1370 1595 1408 de
1615 1370 1775 1408 sanitate
1795 1382 1839 1407 ac

453 1445 583 1474 mente
600 1436 799 1475 deturbat:
818 1436 877 1474 hae
895 1437 983 1475 sunt
999 1437 1216 1489 impiorum
1231 1435 1356 1481 furiae,
1375 1435 1434 1474 hae
1448 1435 1627 1480 flammae,
1642 1434 1703 1473 hae
1717 1433 1837 1472 faces.

509 1502 596 1553 Ego
618 1511 654 1539 te
676 1516 753 1540 non
774 1503 980 1540 vecordem
996 1532 1006 1547 ,
1039 1516 1118 1540 non
1145 1501 1338 1539 furiosum
1352 1531 1363 1546 ,
1396 1514 1474 1539 non
1496 1510 1628 1539 mente
1649 1509 1811 1553 captum
1825 1528 1838 1545 ,

453 1580 531 1603 non
554 1567 701 1618 tragico
721 1568 792 1605 illo
815 1568 963 1613 Oreste,
995 1576 1061 1605 aut
1088 1566 1342 1611 Athamante,
1375 1566 1659 1604 dementiorem
1686 1574 1839 1617 putem,

453 1631 522 1682 qui
554 1632 599 1670 fis
632 1629 752 1670 ausus*
764 1634 939 1685 primum
960 1632 1085 1670 facere
1109 1634 1219 1685 (nam
1246 1631 1286 1669 id
1309 1631 1362 1669 est
1382 1631 1517 1684 caput)
1553 1630 1693 1668 deinde
1724 1629 1843 1683 paulo

454 1707 556 1742 ante,
579 1699 798 1749 Torquato,
822 1699 1042 1750 graviffimo
1062 1707 1100 1736 et
1121 1697 1353 1736 san&iffimo
1373 1697 1470 1742 viro,
1494 1705 1710 1749 premente,
1742 1709 1842 1734 con-

456 1762 571 1807 fiteri,
599 1772 635 1800 te
657 1764 900 1814 provinciam
922 1764 1215 1808 Macedoniam,
1247 1764 1288 1801 in
1308 1777 1427 1814 quam
1449 1772 1603 1800 tantum
1623 1762 1844 1801 exercitum

457 1828 755 1880 transportaffeS,
773 1829 850 1866 fine
866 1829 949 1866 ullo
965 1829 1093 1866 milite
1110 1828 1329 1879 reliquisse?
1354 1829 1480 1866 Mitto
1496 1828 1543 1866 de
1563 1828 1694 1865 amissa
1713 1828 1842 1865 maxi-

457 1907 520 1930 ma
541 1903 646 1944 parte
667 1894 859 1931 exercitus
879 1913 889 1937 ;
923 1894 967 1931 fit
993 1892 1070 1930 hoc
1097 1892 1342 1930 infelicitatis
1368 1902 1443 1932 tuae
1462 1908 1471 1930 ε
1504 1891 1733 1930 dimittendi
1754 1905 1845 1930 vero

457 1959 650 2000 exercitus
666 1972 784 2010 quam
800 1968 909 2011 potes
925 1949 1059 1997 afferre
1075 1958 1251 1996 causam?
1269 1971 1387 2009 quam
1403 1957 1631 2009 potestatem
1647 1956 1842 1994 habuisti?

458 2038 577 2077 quam
598 2025 725 2076 legem
742 2026 754 2062 ?
773 2025 878 2077 quod
895 2024 1296 2062 senatus-consultum
1314 2025 1326 2061 ?
1345 2024 1452 2076 quod
1466 2025 1531 2075 jus
1549 2025 1561 2060 ?
1580 2022 1687 2075 quod
1707 2036 1844 2060 exem-

459 2091 604 2143 plum?
637 2090 746 2142 Qid
779 2090 831 2127 est
861 2090 967 2127 aliud
999 2089 1140 2135 furere,
1173 2103 1250 2127 non
1279 2088 1510 2141 cognoscere
1537 2087 1734 2132 homines,
1766 2101 1845 2126 non

459 2143 692 2208 cognoscere
712 2156 831 2207 leges,
855 2169 932 2193 non
954 2155 1143 2200 senatum,
1166 2169 1244 2192 non
1267 2155 1466 2192 civitatem
1484 2155 1496 2191 ?
1521 2155 1733 2192 Cruentare
1755 2167 1844 2191 cor-

462 2238 534 2276 pus
556 2224 693 2261 suum?
711 2223 835 2274 major
854 2220 937 2260 haec
957 2221 1010 2259 est
1026 2222 1128 2267 vitae,
1146 2221 1273 2266 famae,
1296 2221 1427 2258 salutis
1449 2220 1537 2265 suae,
1556 2219 1788 2258 vulneratio.
1809 2220 1848 2257 Si

462 2290 655 2328 furnillam
677 2299 784 2326 tuam
805 2288 1018 2333 dimififfes,
1050 2287 1157 2339 quod
1178 2288 1223 2324 ad
1245 2287 1459 2331 neminem,
1484 2286 1552 2324 nisi
1574 2286 1620 2323 ad
1641 2285 1770 2338 ipsum
1792 2294 1843 2331 te,

464 2357 688 2409 pertineret,
711 2353 826 2391 amici
849 2363 886 2391 te
907 2353 965 2391 tui
986 2351 1332 2404 constringendum
1349 2360 1550 2404 putarent:
1570 2350 1789 2404 praefidium
1807 2359 1849 2389 tu

463 2422 601 2476 populi
625 2420 819 2463 Romani,
851 2418 1067 2457 custodiam
1088 2418 1321 2471 provinciae,
1354 2417 1496 2468 injussu
1519 2416 1657 2470 populi
1678 2414 1848 2454 senatus-

466 2501 542 2542 que
562 2485 778 2530 dimisisses,
811 2486 836 2522 sl
860 2495 934 2523 tuae
954 2484 1098 2523 mentis
1119 2497 1281 2536 compos
1303 2481 1432 2521 fuiffes
1453 2483 1466 2520 ?
