2076 2860
711 165 852 204 PRO
914 166 958 203 R
1023 162 1316 202 SEXTIQ
1693 180 1715 215 9

310 274 353 303 et
380 265 427 303 ad
457 263 727 317 integritatem
755 265 953 316 majorum
982 263 1046 316 spe
1075 263 1139 301 sua
1160 263 1368 301 hominem
1391 265 1598 309 vocabant,
1632 278 1717 302 ma—

313 333 416 370 terni
448 332 602 384 generis
635 331 768 370 obliti.
815 332 903 384 Ego
935 340 1068 369 autem
1104 334 1210 382 (vere
1243 330 1320 369 hoc
1353 331 1498 377 dicam,
1534 332 1715 384 Judices)

313 407 472 437 tantum
492 399 565 437 effe
585 399 628 437 in
649 397 815 436 homine
836 398 1004 443 sceleris,
1029 398 1212 443 audaciae,
1236 397 1497 445 crudelitatis,
1521 409 1718 452 quantum

311 465 393 518 ipse
413 480 508 504 cum
530 466 734 519 republica
754 465 864 510 senfi,
884 479 1090 518 nunquam
1112 466 1270 518 putavi:
1295 479 1467 519 nequam
1487 467 1559 505 effe
1580 466 1715 506 homi·

311 545 420 577 nem,
451 541 491 570 et
511 532 654 578 levem,
677 541 716 570 et
736 531 831 570 falsa
849 531 1053 584 opinione,
1086 546 1214 570 errore
1235 531 1464 579 hominum,
1497 533 1544 571 ab
1566 534 1715 572 adoles-

307 599 442 637 centia
473 599 816 644 commendatum,
854 598 1038 637 sciebam.
1078 599 1242 637 Etenim
1274 600 1430 637 animus
1466 601 1550 652 ejus
1586 601 1716 645 vultu,

307 665 460 718 flagitia
479 666 696 719 parietibus
720 666 977 718 tegebantur:
1012 665 1076 703 sed
1096 664 1180 703 haec
1201 665 1416 703 obstructio
1438 680 1509 704 nec
1532 667 1717 706 diuturna

308 731 380 777 est,
412 747 484 771 nec
506 733 677 771 obducta
697 734 765 777 ita,
800 741 842 770 ut
864 732 1025 769 curiofis
1047 731 1174 769 oculis
1196 731 1365 784 perspici
1388 746 1468 770 non
1492 734 1619 786 poffit.

367 800 422 838 X.
456 799 701 838 Videbamus
723 811 847 851 genus
870 798 973 841 vitae‚
992 796 1193 843 defidiam,
1211 798 1421 837 inertiam:
1441 799 1610 838 inclusas
1632 803 1715 854 ejus

311 865 513 911 libidines,
538 866 608 918 qui
628 865 747 918 paulo
769 864 931 916 propius
954 863 1200 909 accesserant,
1225 864 1511 904 intuebantur:
1545 867 1717 920 denique

307 932 429 970 etiam
451 931 639 969 sermonis
661 930 767 969 ansas
789 930 919 975 dabat,
952 929 1100 982 quibus
1126 931 1350 969 reconditos
1379 933 1462 984 ejus
1494 933 1622 973 sensus
1656 945 1715 974 te-

306 1012 400 1037 nere
439 999 650 1051 poffemUS.
698 997 903 1036 Laudabat
942 996 1066 1036 homo
1106 998 1243 1036 doetus
1284 998 1544 1053 philosophos
1585 1002 1716 1042 nescio

304 1079 409 1119 quos
429 1081 438 1104 ε
472 1079 601 1118 neque
622 1079 761 1104 eorum
783 1074 914 1103 tamen
937 1065 1100 1103 nomina
1120 1074 1273 1118 poterat
1298 1066 1427 1105 dicere
1446 1084 1454 1106 ι
1488 1068 1552 1106 sed
1584 1077 1714 1108 tamen

307 1146 374 1171 eos
395 1132 579 1170 laudabat
600 1133 789 1178 maxime,
808 1132 879 1185 qui
900 1131 1091 1170 dicuntur
1106 1141 1245 1186 praeter
1265 1142 1424 1172 caeteros
1446 1134 1519 1172 esse
1539 1138 1714 1176 auctores

306 1208 347 1238 et
367 1199 586 1238 laudatores
608 1199 823 1252 voluptatis
841 1189 866 1238 :s
883 1200 1013 1252 cujus,
1036 1208 1074 1238 et
1096 1213 1176 1252 quo
1199 1209 1391 1253 tempore,
1415 1210 1453 1239 et
1475 1216 1555 1254 quo
1577 1204 1713 1250 modo,

305 1279 390 1304 -non
411 1266 638 1319 quaerebat;
671 1266 839 1305 verbum
869 1265 1001 1319 ipsum
1030 1266 1220 1305 omnibus
1251 1267 1382 1306 modis
1410 1269 1535 1306 animi
1556 1279 1594 1308 et
1624 1284 1714 1309 cor-

308 1333 413 1386 poris
435 1333 673 1372 devorabat:
707 1333 944 1387 eosdemque
965 1334 1148 1386 praeclare
1179 1334 1308 1373 dicere
1338 1335 1479 1381 aiebat,
1514 1337 1715 1390 Sapientes

307 1401 441 1439 omnia
461 1401 527 1439 sua
547 1401 659 1439 causa
678 1400 830 1446 facere3
865 1401 1158 1454 rempublicam
1183 1401 1372 1454 capessere
1402 1401 1611 1442 hominem
1643 1405 1713 1443 be-

307 1481 356 1506 ne
377 1468 515 1507 sanum
536 1483 616 1507 non
638 1478 847 1522 oportere3
881 1468 985 1507 nihil
1015 1468 1088 1507 effe
1118 1469 1375 1522 praestabilius
1406 1471 1529 1509 otiosa
1549 1472 1642 1518 vita,
1675 1482 1713 1511 et

306 1535 423 1587 plena
442 1544 481 1573 et
503 1535 681 1574 conferta
701 1535 974 1589 voluptatibus
995 1553 1003 1574 :
1037 1550 1101 1574 eos
1124 1546 1272 1581 autem,
1305 1537 1375 1589 qui
1397 1537 1589 1584 dicerent,
1621 1539 1712 1592 dig-

306 1602 423 1639 nitati
444 1602 516 1640 effe
544 1602 807 1647 serviendum,
839 1602 1069 1654 reipublicae
1099 1603 1402 1648 consulendum,
1436 1604 1559 1642 officii
1590 1607 1711 1645 ratio-

306 1680 400 1705 nem
428 1668 468 1705 in
502 1668 613 1705 omni
647 1668 740 1713 vita,
774 1681 854 1705 non
887 1668 1106 1713 commodi,
1139 1668 1211 1706 effe
1242 1668 1478 1716 ducendam,
1511 1670 1713 1711 subeunda

306 1748 379 1787 pro
401 1735 524 1787 patria
543 1734 733 1787 pericula,
763 1734 926 1772 vulnera
944 1734 1193 1787 excipienda,
1226 1745 1397 1775 mortem
1419 1738 1710 1790 oppetendam;

304 1801 509 1840 vaticinari
529 1810 648 1854 atque
669 1801 835 1839 insanire
857 1800 1027 1840 dicebat.

362 1868 425 1905 Ex
446 1866 508 1905 his
531 1867 685 1906 affiduis
715 1869 799 1920 ejus
829 1867 1150 1921 quotidianisque
1171 1868 1434 1914 sermonibus,
1458 1880 1496 1908 et
1518 1871 1627 1923 quod
1648 1873 1710 1910 vi-

303 1933 461 1978 debam,
494 1934 640 1986 quibus
662 1947 756 1972 curn
777 1933 1012 1972 hominibus
1034 1934 1076 1972 in
1098 1934 1284 1973 interiore
1304 1936 1450 1974 aedium
1473 1945 1581 1990 parte
1601 1939 1709 1976 vive·

307 2009 378 2045 ret,
411 2009 449 2038 et
471 2000 579 2052 quod
601 2000 654 2038 ita
675 2000 817 2039 domus
840 2000 920 2054 ipsa
948 2000 1144 2047 fumabat,
1178 2011 1221 2039 ut
1251 2003 1380 2041 multa
1406 2004 1489 2056 ejus
1520 2003 1709 2044 sermonis

305 2066 451 2105 indicia
467 2067 682 2113 redoleret,
706 2067 921 2105 statuebam
939 2068 1004 2113 fic,
1024 2068 1119 2106 boni
1136 2067 1240 2107 nihil
1257 2069 1304 2107 ab
1322 2069 1401 2107 illis
1425 2071 1542 2123 nugis
1564 2085 1707 2124 expec-

306 2134 486 2179 tandum,
516 2134 611 2172 mali
634 2134 797 2187 quidem
819 2144 923 2173 certe
945 2134 1047 2173 nihil
1068 2135 1445 2189 pertimescendum.
1471 2137 1544 2175 Sed
1566 2138 1621 2177 ita
1640 2139 1708 2184 est,

306 2201 468 2251 Judices
484 2230 494 2246 ‚
528 2211 571 2238 ut
587 2231 597 2246 ,
631 2202 657 2238 fi
690 2202 869 2254 gladium
901 2216 1021 2255 parvo
1054 2216 1176 2255 puero
1191 2232 1202 2248 ,
1234 2213 1301 2240 aut
1323 2203 1348 2241 si
1371 2203 1578 2242 imbecillo
1600 2205 1679 2243 seni
1697 2236 1707 2251 ,

305 2276 371 2304 aut
393 2267 515 2305 debili
538 2267 704 2313 dederis,
743 2268 822 2320 ipse
844 2268 997 2321 impetu
1020 2268 1087 2307 suo
1110 2269 1262 2307 nemini
1285 2279 1451 2314 noceat;
1486 2269 1541 2308 lin
1562 2271 1611 2308 ad
1632 2286 1707 2310 nu-

303 2333 403 2370 dum
435 2333 495 2370 vel
530 2332 728 2372 fortissimi
762 2334 832 2372 viri
868 2348 1010 2388 corpus
1044 2335 1255 2380 accesserit,
1288 2335 1402 2389 pofiit
1431 2337 1511 2374 acie
1545 2337 1639 2389 ipsa,
1671 2348 1709 2377 et

304 2399 398 2438 ferri
415 2400 582 2445 viribus,
600 2401 818 2440 vulnerari:
840 2401 906 2447 ita,
926 2416 1020 2440 cum
1037 2401 1272 2440 hominibus
1289 2404 1480 2441 enervatis
1498 2413 1616 2455 atque
1637 2418 1708 2442 ex—

304 2466 518 2519 sanguibus
538 2466 782 2513 consulatus,
816 2477 1004 2521 tanquam
1025 2468 1197 2522 gladius.
1229 2469 1319 2507 effer
1341 2468 1469 2514 datus,
1492 2470 1561 2522 qui
1586 2483 1651 2521 per
1676 2470 1708 2507 se

389 2535 426 2572 T
442 2546 465 2572 ο
480 2546 533 2572 M.
569 2533 642 2572 VI.
1376 2538 1405 2573 Β
