2076 2860
739 151 878 189 PRO
942 150 985 188 P.
1049 151 1343 190 SEXTIO.
1698 166 1743 205 17

340 252 542 296 nolebant,
576 250 718 302 suaque
751 250 822 288 fibi
856 250 1040 303 propiora
1066 250 1241 302 pericula
1273 249 1360 295 effe,
1393 263 1513 302 quam
1546 264 1646 295 mm,
1680 251 1741 288 lo-

338 319 575 371 quebantur.

396 385 469 423 Sed
501 393 631 422 tamen
663 392 701 421 et
728 382 881 421 Craffus
903 396 924 420 a
943 382 1173 421 consulibus
1197 397 1326 422 meam
1348 383 1501 421 causam
1524 384 1741 436 suscipien-

339 451 430 490 dam
450 451 523 489 effe
545 451 701 488 dicebat
716 481 726 495 ,
759 459 797 488 et
827 463 964 488 eorum
991 450 1112 488 fidem
1135 451 1348 503 Pompeius
1371 451 1637 503 implorabat3
1672 464 1741 488 ne—

339 532 417 571 que
438 518 474 556 se
494 518 695 571 privatum
715 516 877 570 publice
894 516 1078 569 susceptae
1094 516 1214 555 causae
1231 517 1465 556 defuturum
1481 518 1553 556 effe
1570 518 1741 556 dicebat.

339 587 474 638 Qem
495 586 626 624 virum
647 584 865 623 studiosum
887 584 982 629 mei,
1014 584 1314 637 cupidiflimum
1336 585 1564 638 reipublicae
1585 585 1742 623 conser—

336 652 485 698 vandae,
509 652 619 690 domi
635 666 730 690 meae
748 652 845 690 certi
861 651 1044 689 homines
1062 651 1109 689 ad
1129 665 1216 689 eam
1237 666 1318 689 rem
1341 653 1551 704 compofiti
1573 666 1743 690 monue-

339 729 447 764 runt,
471 729 515 758 ut
536 720 627 758 effet
649 719 824 763 cautior;
849 718 1009 770 ejusque
1025 718 1114 755 vitae
1130 731 1150 755 a
1165 731 1229 756 me
1246 718 1402 756 infidias
1424 719 1528 771 apud
1550 733 1612 756 me
1634 719 1745 757 domi

340 787 481 839 politas
514 786 587 824 effe
619 786 805 824 dixerunt
825 800 833 823 :
867 794 985 836 atque
1017 784 1119 822 hanc
1152 785 1188 822 ei
1221 785 1486 838 suspicionem
1518 786 1585 824 alii
1619 786 1744 824 literis

341 853 564 898 mittendis,
596 852 663 890 alii
696 852 863 896 nuntiis,
895 852 963 888 alii
992 865 1125 890 coram
1147 852 1234 904 ipfi,
1265 853 1561 898 excitaverunt;
1595 862 1638 890 ut
1660 854 1743 898 ille,

339 933 432 957 curn
453 933 475 956 a
494 933 558 957 me
579 928 684 956 certe
706 917 809 956 nihil
841 918 1013 964 tImerct,
1046 919 1093 956 ab
1126 918 1221 964 illis,
1255 933 1303 957 ne
1333 919 1430 972 quid
1460 934 1550 958 meo
1582 921 1745 958 nomine

337 986 575 1024 molirentur
590 1015 601 1030 ,
635 985 705 1023 fibi
727 984 946 1023 cavendum
967 995 1137 1038 putaret.
1181 985 1266 1039 Ipse
1287 995 1419 1024 autem
1442 986 1568 1025 Caesar
1583 1017 1593 1032 ,
1626 1000 1747 1039 quem

338 1053 513 1091 maxime
529 1052 713 1091 homines
731 1053 857 1106 ignari
874 1054 1048 1092 veritatis
1066 1052 1167 1091 mihi
1184 1053 1257 1091 effe
1274 1053 1418 1092 iratum
1435 1055 1642 1107 putabant,
1665 1064 1746 1093 erat

338 1120 386 1158 ad
406 1129 552 1173 portas,
576 1129 656 1158 erat
677 1134 770 1158 cum
792 1120 986 1173 imperio;
1005 1130 1087 1158 erat
1107 1121 1149 1158 in
1166 1121 1281 1159 Italia
1295 1122 1378 1174 ejus
1395 1123 1606 1167 exercitus,
1626 1122 1747 1174 inque

339 1200 385 1226 eo
405 1188 581 1225 exercitu
598 1187 715 1240 ipsius
733 1188 886 1226 tribuni
903 1187 1031 1240 plebis
1049 1188 1206 1226 inimici
1222 1189 1302 1226 mei
1318 1187 1481 1228 fratrem
1502 1188 1743 1242 praefecerat,

397 1255 513 1293 XIX.
548 1255 647 1292 Haec
668 1268 741 1308 ego
763 1269 857 1293 cum
878 1255 1068 1301 viderem,
1088 1269 1214 1308 neque
1230 1256 1340 1294 enim
1361 1266 1470 1295 erant
1491 1257 1663 1302 occulta,
1687 1259 1746 1295 se-

342 1330 494 1366 natum,
512 1321 591 1360 fine
607 1335 687 1374 quo
708 1322 846 1360 civitas
868 1322 963 1361 stare
984 1336 1064 1361 non
1086 1322 1223 1376 poffet,
1241 1323 1409 1362 omnino
1426 1323 1473 1362 de
1493 1325 1653 1363 civitate
1674 1324 1748 1364 effe

342 1387 568 1435 sublatum;
603 1389 796 1435 consules,
829 1390 899 1443 qui
930 1390 1084 1443 publici
1114 1390 1269 1429 confilii
1299 1390 1416 1429 duces
1447 1391 1520 1430 effe
1541 1391 1746 1439 deberent,

341 1454 556 1507 perfecisse,
589 1465 633 1494 ut
662 1470 732 1508 per
761 1457 865 1509 ipsos
896 1457 1108 1510 publicum
1138 1458 1348 1496 confilium
1379 1457 1561 1497 funditus
1585 1460 1746 1498 tollere-

341 1531 435 1566 tur3
465 1534 546 1567 eos,
569 1523 640 1574 qui
660 1523 882 1575 plurimum
904 1524 1069 1576 poffent,
1101 1525 1252 1577 opponi
1272 1526 1460 1564 omnibus
1482 1526 1746 1566 concionibus

344 1587 441 1625 falso
456 1617 467 1632 ‚
500 1589 564 1626 sed
592 1589 850 1628 formidolose
881 1600 1012 1628 tamen
1029 1620 1040 1635 ‚
1072 1593 1246 1629 auetores
1277 1592 1324 1629 ad
1346 1593 1564 1644 perniciem
1585 1607 1715 1632 meam
1732 1613 1746 1639 3

343 1653 554 1691 conciones
576 1652 713 1692 haberi
735 1654 914 1706 quotidie
934 1665 1072 1693 contra
1092 1670 1184 1701 me3
1217 1671 1356 1695 vocem
1387 1672 1457 1710 pro
1488 1672 1553 1696 me
1567 1689 1579 1704 ,
1611 1673 1655 1698 ac
1676 1674 1748 1713 pro

344 1720 562 1772 republica,
580 1721 783 1758 neminem
804 1722 986 1766 mittere3
1006 1722 1159 1760 intenta
1180 1723 1284 1774 figna
1307 1724 1512 1776 legionum
1534 1726 1749 1765 existimari

344 1787 563 1824 cervicibus
585 1800 629 1824 ac
651 1787 766 1825 bonis
787 1787 936 1832 vestris,
960 1786 1072 1833 falso,
1096 1788 1160 1826 sed
1181 1791 1309 1842 putari
1333 1800 1463 1829 tamen
1485 1811 1494 1835 ;
1519 1794 1748 1846 conjurato-

344 1866 433 1891 rum
449 1853 580 1906 copias
597 1862 761 1899 veteres,
779 1864 818 1892 et
834 1854 996 1892 effusam
1017 1855 1129 1894 illam
1150 1870 1193 1894 ac
1216 1857 1434 1909 superatam
1457 1860 1641 1898 Catilinae
1662 1874 1748 1899 ma-

344 1933 442 1958 num
462 1920 760 1973 importunam,
794 1935 897 1960 novo
924 1921 1024 1960 duce
1054 1931 1093 1961 et
1124 1923 1317 1976 insperata
1345 1927 1661 1965 commutatione
1687 1942 1748 1966 re-

343 1999 432 2024 rum
453 1986 525 2024 effe
547 1997 774 2025 renovatam
793 2003 802 2026 :

399 2053 498 2090 Haec
520 2067 614 2091 cum
634 2054 825 2099 viderem,
858 2054 956 2107 quid
976 2068 1147 2108 agerem,
1170 2056 1332 2107 Judices
1350 2058 1362 2095 ?
1396 2058 1485 2097 Scio
1506 2060 1630 2105 enim,
1664 2070 1750 2099 tum

344 2132 424 2156 non
446 2119 548 2157 mihi
570 2120 742 2158 vestrum
762 2120 935 2158 studium
951 2151 962 2166 ,
994 2122 1058 2160 sed
1088 2136 1224 2161 meum
1244 2137 1367 2176 prope
1388 2125 1513 2163 vestro
1527 2155 1539 2171 ,
1571 2125 1748 2166 defuisse.

345 2186 639 2224 Contenderem
661 2197 797 2225 contra
819 2188 1028 2227 tribunum
1045 2189 1173 2242 plebis
1196 2191 1371 2242 privatus
1388 2192 1535 2230 armis?
1560 2193 1753 2232 Viciffent

345 2252 549 2304 improbos
571 2253 682 2298 boni,
714 2252 836 2292 fortes
857 2254 1001 2294 inertes
1022 2270 1030 2293 :
1056 2255 1285 2295 interfectus
1308 2257 1399 2296 effet
1419 2258 1467 2303 is,
1491 2259 1560 2311 qui
1581 2258 1655 2298 hac
1678 2274 1755 2298 una

344 2317 543 2356 medicina
563 2319 643 2357 sola
662 2321 795 2372 potuit
816 2335 836 2358 a
857 2322 1086 2373 reipublicae
1107 2322 1211 2375 peste
1239 2323 1400 2376 depelli.
1435 2325 1547 2377 Qid
1577 2326 1718 2364 deinde
1738 2328 1752 2364 ?

345 2383 444 2435 quid
466 2385 721 2436 reliquiarum
739 2387 921 2425 restaret?
945 2388 1043 2440 quid
1063 2389 1234 2442 denique
1255 2400 1336 2428 erat
1358 2390 1543 2437 dubium,
1566 2394 1662 2444 quin
1686 2393 1755 2430 ille

347 2450 501 2503 sanguis
525 2450 773 2499 tribunitius,
805 2454 918 2492 nullo
945 2455 1160 2507 praesertim
1182 2457 1347 2509 publico
1369 2458 1532 2497 confilio
1554 2458 1751 2510 profusus,

431 2518 468 2555 T
484 2532 506 2555 o
523 2530 575 2557 M.
613 2518 683 2557 VI.
1416 2526 1449 2562 C
