2076 2860
403 160 483 199 490
735 135 1461 183 ORATIONUM

462 251 640 301 Q1NT.
667 246 728 286 lib.
755 258 818 284 lx.
841 252 921 297 cap.
948 242 1005 297 3.]
1039 243 1121 295 Qi
1137 241 1434 294 judicabantur,
1456 253 1520 279 eos
1542 239 1686 286 vocari,
1709 239 1799 279 cus-

409 316 542 361 todiri,
574 314 621 352 ad
642 314 817 352 senatum
838 310 980 348 adduci
995 309 1085 362 juffi
1104 328 1115 354 3
1148 308 1189 345 in
1211 307 1343 346 senatu
1366 307 1454 346 sunt
1475 307 1605 360 positi.

755 562 836 599 DE
889 570 1278 598 CONSULATU
1333 569 1457 595 suo.

470 685 668 730 Nomos,
693 682 858 737 Censtcs.]
889 684 1073 734 Qorum
1095 679 1270 718 luxuries
1292 678 1491 717 fortunata
1510 677 1622 716 censa
1640 676 1807 731 peperit.

678 919 735 955 IN
784 918 1074 955 CLODIUM
1120 922 1159 952 et
1204 914 1555 952 CURIONEM.

476 1038 618 1092 NoN.]
657 1040 724 1077 Tu
758 1053 849 1077 vero
883 1037 1070 1082 festivus,
1102 1045 1147 1074 tu
1180 1035 1363 1087 elegans,
1396 1044 1439 1073 tu
1475 1035 1577 1073 solus
1614 1034 1812 1080 urbanus,

419 1118 540 1158 quem
575 1105 686 1142 decet
721 1104 927 1142 muliebris
963 1110 1143 1146 ornatus,
1177 1114 1297 1153 quem
1331 1099 1497 1138 inceffus
1532 1100 1713 1153 psaltriae,
1744 1101 1816 1152 qui

421 1172 556 1209 laevare
577 1170 750 1215 vultum,
782 1170 938 1208 mollire
960 1180 1113 1211 vocem,
1146 1175 1272 1219 potes.

478 1237 601 1275 NON.
632 1236 796 1288 Longus.
829 1232 1047 1287 Speculum]
1082 1233 1169 1276 Sed,
1199 1231 1329 1276 credo,
1351 1230 1560 1283 postquam
1581 1230 1657 1268 tibi
1677 1230 1817 1283 specu-

424 1303 511 1342 lum
531 1302 695 1339 allatum
717 1301 783 1346 est,
816 1301 933 1353 longe
955 1309 991 1337 te
1012 1312 1032 1336 a
1052 1297 1230 1350 pulchris
1252 1296 1375 1334 abeffe
1396 1296 1553 1334 senfisti.

480 1366 622 1419 NON.]
655 1369 716 1406 Ac
741 1366 843 1412 vide,
874 1380 922 1404 an
952 1364 1068 1403 facile
1098 1372 1142 1403 tu
1172 1363 1257 1402 fieri
1285 1363 1477 1417 potueris,
1509 1376 1603 1402 cum
1631 1363 1664 1401 is
1694 1362 1819 1402 factus

426 1448 505 1473 non
527 1434 587 1480 fit,
619 1434 685 1471 cui
707 1442 748 1471 tu
770 1432 998 1471 concessisti.

482 1500 604 1539 NON.
637 1498 866 1551 Calantica]
899 1500 1019 1537 Tunc
1040 1510 1134 1535 cum
1154 1496 1400 1535 vincirentur
1419 1494 1536 1548 pedes
1557 1494 1701 1541 fasciis,
1727 1509 1823 1534 curn

428 1567 662 1606 calanticam
681 1566 802 1620 capiti
823 1564 1155 1609 accommodares,
1186 1577 1281 1602 cum
1309 1562 1485 1616 strophio
1514 1571 1692 1601 accurate
1721 1575 1822 1615 prae-

428 1634 641 1685 cingerere.

485 1701 664 1752 QlNT.
696 1699 757 1738 lib.
784 1712 890 1738 v111.
921 1708 1001 1751 cap.
1026 1696 1087 1750 6.]
1120 1697 1329 1749 Integritas
1351 1706 1418 1735 tua
1438 1704 1476 1734 te
1496 1695 1693 1749 purgavit,
1719 1693 1823 1734 mihi

430 1766 557 1811 crede,
589 1766 716 1818 pudor
736 1766 896 1818 eripuit,
927 1766 1008 1803 vita
1027 1765 1199 1803 anteacta
1219 1763 1395 1802 servavit.

486 1834 666 1884 Q1NT.
697 1830 759 1869 lib.
786 1845 849 1870 1x.
881 1839 960 1883 cap.
987 1829 1047 1882 2.]
1080 1830 1239 1882 Qibus
1260 1829 1343 1874 iste,
1375 1828 1446 1882 qui
1474 1829 1609 1867 omnia
1638 1827 1826 1867 sacrificia

433 1898 569 1943 noffet,
601 1896 717 1934 facile
736 1909 757 1933 a
777 1896 813 1934 se
834 1897 941 1934 Deos
962 1896 1106 1951 placari
1127 1895 1230 1948 poffe
1250 1895 1524 1932 arbitrabatur.

491 1961 691 2015 Quum]
724 1963 818 2014 Qo
838 1976 886 2000 ex
901 1961 1071 2015 judicio,
1093 1961 1202 2008 velut
1221 1974 1269 1999 ex
1290 1960 1490 2005 incendio,
1517 1958 1645 1998 nudus
1666 1957 1823 2011 effugit.

492 2030 670 2067 ClcERo
691 2027 742 2066 ad
756 2027 904 2080 Attia]
937 2029 1067 2073 Erras,
1100 2027 1247 2066 Clodi:
1280 2040 1360 2064 non
1389 2036 1425 2064 te
1442 2025 1596 2078 judices
1627 2024 1732 2071 urbi,
1764 2024 1829 2063 sed

436 2096 595 2140 carceri,
627 2094 892 2133 reservarunt:
925 2108 1052 2147 neque
1084 2103 1122 2132 te
1153 2093 1319 2132 retinere
1348 2093 1390 2130 in
1418 2092 1591 2136 civitate,
1623 2091 1686 2129 sed
1707 2091 1829 2130 exilio

438 2163 613 2215 privare,
644 2160 868 2199 volucrunt.
915 2160 1213 2210 Qamobrem,
1251 2160 1382 2198 Patres
1422 2158 1660 2211 conscripti,
1691 2158 1832 2210 erigite

438 2229 604 2272 animos,
636 2228 800 2265 retinete
820 2226 982 2265 vestram
1004 2226 1267 2279 dignitatem:
1300 2234 1433 2264 manet
1461 2225 1531 2263 illa
1561 2224 1603 2262 in
1628 2223 1832 2277 republica

439 2296 636 2332 bonorum
656 2293 881 2331 consenfio:
916 2292 1027 2332 dolor
1055 2293 1208 2331 acceffit
1237 2292 1351 2330 bonis
1382 2292 1490 2337 viris,
1522 2291 1646 2329 virtus
1675 2304 1756 2328 non
1776 2289 1831 2328 est

439 2361 675 2399 imminuta:
709 2358 811 2397 nihil
832 2359 884 2398 est
905 2359 1041 2398 damni
1059 2358 1209 2398 faenum
1230 2358 1346 2397 novi:
1380 2358 1487 2411 quod
1508 2366 1602 2403 erat,
1624 2357 1832 2395 inventum

438 2427 506 2465 est.
532 2427 577 2465 In
594 2426 710 2464 unius
728 2424 902 2464 hominis
919 2425 1062 2478 perditi
1077 2425 1232 2479 judicio
1248 2425 1379 2479 plures
1398 2425 1539 2463 fimiles
1561 2423 1704 2476 reperti
1725 2422 1828 2473 sunt.
