2076 2860
619 162 1382 201 CONSULARIBUS.
1631 176 1703 216 123

294 256 367 294 fibi
402 255 557 295 fortasse
592 255 793 309 providit:
828 256 854 294 fi
887 256 1008 295 etiam
1043 266 1326 309 oppugnatus,
1360 265 1404 294 ut
1439 257 1604 310 quidam
1640 268 1707 295 aut

293 332 463 376 putant,
499 332 566 361 aut
600 322 770 368 volunt3
812 321 957 360 violata
991 323 1168 360 amicitia
1201 323 1280 368 est,
1319 324 1453 377 accepi
1489 324 1704 376 injuriam,

293 389 483 427 inimicus
515 388 590 427 effe
622 388 768 433 debui,
807 402 886 427 non
921 402 1038 442 nego.
1087 388 1186 434 Sed,
1220 389 1246 427 1'1
1279 389 1386 428 idem
1420 390 1488 429 ille
1522 400 1609 429 tum
1642 404 1707 428 me

292 455 445 494 salvum
477 455 550 495 effe
582 455 725 501 voluit,
762 469 857 494 cum
890 469 957 494 vos
991 469 1055 494 me
1088 464 1132 493 ut
1165 456 1407 495 cariffimum
1440 457 1572 497 filium
1606 457 1705 496 defi-

293 521 486 563 derabatis
503 542 515 569 ς
547 531 587 561 et
608 522 634 560 fi
657 536 724 560 vos
747 522 870 560 iidem
892 522 1087 575 pertinere
1109 521 1155 560 ad
1177 522 1332 561 causam
1354 523 1466 562 illam
1488 525 1704 578 putabatis,

292 589 541 629 voluntatem
565 590 614 628 C.
640 588 800 628 Caesaris
822 603 843 627 a
862 589 985 627 salute
1007 602 1095 627 mea
1115 603 1195 627 non
1216 588 1426 628 abhorrere
1443 611 1454 636 5
1489 600 1527 629 et
1548 591 1575 629 fi
1596 591 1706 629 illius

293 656 509 696 voluntatis
541 669 734 709 generum
767 656 850 708 ejus
883 654 1012 693 habeo
1044 655 1196 700 testem,
1229 656 1301 708 qui
1333 656 1441 694 idem
1475 657 1632 696 Italiam
1665 658 1707 695 in

293 724 543 777 municipiis,
576 723 774 776 populum
806 724 1040 761 Romanum
1071 723 1113 760 in
1140 723 1350 769 concione,
1382 737 1467 769 vos,
1499 725 1579 763 mei
1601 725 1704 763 sem-

292 803 363 842 per
393 789 681 843 cupidiffimos,
714 789 756 827 in
789 789 1018 841 Capitolio,
1051 788 1098 826 ad
1130 802 1261 827 meam
1293 789 1461 828 salutem
1493 790 1676 830 incitavit
1694 812 1704 835 ;

294 857 321 895 fi
343 857 515 910 denique
548 858 626 896 Cn.
650 856 866 909 Pompeius
899 856 1007 894 idem
1027 854 1132 894 mihi
1165 856 1270 895 testis
1298 857 1347 896 de
1379 858 1584 897 voluntate
1616 860 1706 898 Cae-

295 923 401 969 saris,
432 934 472 962 et
495 923 665 976 'sponsor
695 922 750 960 est
782 922 844 960 illi
877 922 925 960 de
955 936 1070 961 mea:
1105 937 1237 962 nonne
1266 924 1378 962 vobis
1408 924 1543 964 videor
1569 936 1609 964 et
1642 927 1707 964 ul-

294 990 387 1029 timi
420 990 612 1043 temporis
648 988 948 1034 recordatione,
984 999 1024 1028 et
1058 990 1235 1042 proximi
1270 993 1488 1037 memoria,
1526 992 1707 1031 medium

292 1056 396 1096 illud
436 1056 698 1095 tristiffimum
739 1065 898 1108 tempus
935 1055 1105 1102 debere,
1139 1057 1165 1094 fi
1200 1070 1249 1095 ex
1285 1071 1419 1096 rerum
1454 1067 1592 1097 natura
1626 1073 1707 1098 non

294 1123 443 1177 pofi‘em
463 1123 629 1162 evellere
644 1153 655 1168 ,
687 1137 736 1161 ex
763 1123 898 1161 animo
918 1123 1084 1176 quidem
1105 1132 1211 1161 certe
1231 1123 1413 1163 excidere
1433 1126 1445 1162 ?
1479 1127 1568 1178 Ego
1589 1140 1681 1164 vero
1694 1155 1707 1172 ‚

292 1189 321 1228 fi
353 1187 459 1227 mihi
494 1202 575 1227 non
611 1189 707 1227 licet
741 1202 810 1241 per
844 1188 999 1242 aliquos
1035 1189 1091 1227 ita
1121 1189 1309 1241 gloriari,
1342 1204 1405 1228 me
1437 1190 1617 1229 dolorem
1647 1200 1707 1229 at-

292 1269 371 1308 que
391 1256 624 1294 inimicitias
650 1269 755 1294 meas
787 1255 1017 1308 reipublicae
1047 1256 1295 1302 concefiiss'e,
1331 1258 1439 1310 quod
1469 1259 1606 1311 magni
1635 1272 1708 1297 cu-

288 1322 447 1376 jusdam
486 1321 691 1368 hominis,
723 1331 762 1360 et
802 1322 1085 1376 persapientis,
1119 1323 1304 1369 videtur;
1337 1334 1424 1363 utar
1463 1324 1568 1371 hoc,
1601 1326 1709 1379 quod

293 1403 375 1428 non
408 1399 489 1428 tam
521 1390 569 1428 ad
601 1389 759 1428 laudem
791 1389 1100 1442 adipiscendam,
1133 1403 1254 1443 quam
1287 1391 1333 1428 ad
1367 1391 1568 1430 vitandam
1599 1393 1708 1431 vitu-

293 1457 563 1510 perationem,
596 1457 723 1502 valet,
754 1455 965 1495 hominem
991 1471 1057 1495 me
1083 1456 1156 1495 effe
1189 1466 1371 1509 gratum,
1404 1468 1443 1496 et
1476 1473 1556 1496 non
1589 1458 1710 1497 modo

294 1525 414 1562 tantis
437 1523 668 1569 beneficiis,
701 1523 765 1562 sed
795 1524 915 1561 etiam
945 1523 1139 1562 mediocri
1169 1523 1385 1579 hominum
1409 1525 1707 1571 benevolentia,

294 1591 556 1629 commoveri.

352 1657 470 1695 XIX.
503 1658 540 1694 A
554 1656 648 1694 viris
665 1654 886 1694 fortiffimis
907 1664 946 1693 et
968 1655 1014 1693 de
1036 1669 1100 1693 me
1120 1656 1273 1708 optime
1295 1657 1447 1695 meritis
1470 1658 1709 1710 quibusdam

295 1733 414 1776 peto,
447 1732 515 1768 ut,
548 1723 575 1761 fi
610 1736 684 1775 ego
719 1722 810 1761 illos
845 1736 1029 1760 meorum
1064 1722 1249 1761 laborum
1281 1733 1319 1761 et
1356 1724 1707 1764 incommodorum

294 1790 507 1843 participes
530 1788 602 1827 effe
623 1788 762 1833 nolui,
796 1803 845 1826 ne
874 1788 936 1826 illi
962 1802 1025 1826 me
1048 1788 1205 1826 suarum
1226 1790 1533 1829 inimicitiarum
1556 1791 1709 1829 socium

294 1855 420 1894 velint
451 1854 550 1900 effe,
582 1854 798 1908 praesertim
831 1868 926 1893 cum
958 1854 1062 1892 mihi
1094 1854 1217 1893 iidem
1251 1856 1311 1893 illi
1345 1857 1630 1903 concefferint,
1665 1867 1708 1896 ut

294 1924 415 1962 etiam
446 1924 529 1961 acta
559 1922 629 1960 illa
662 1922 837 1967 Caesaris‚
870 1936 957 1975 quae
990 1936 1119 1975 neque
1151 1925 1380 1976 oppugnavi
1413 1934 1547 1970 antea,
1582 1939 1710 1977 neque

293 1989 469 2035 defendi,
501 2002 591 2028 meo
618 1990 704 2042 jam
730 1991 820 2041 jure
852 1989 993 2042 poffim
1027 1988 1250 2028 defendere.
1284 1991 1393 2028 Nam
1428 1991 1573 2029 summi
1607 1993 1708 2029 civi-

295 2058 386 2096 tatis
417 2057 520 2103 viri,
551 2070 724 2109 quorum
755 2070 828 2108 ego
864 2056 1028 2094 confilio
1065 2058 1357 2110 rempublicam
1389 2059 1638 2104 conservavi,
1671 2069 1710 2096 et

293 2139 468 2177 quorum
487 2124 718 2162 auctoritate
739 2123 851 2161 illam
872 2124 1199 2176 conjuncffionem
1223 2125 1382 2163 Caesaris
1405 2125 1557 2178 defugi,
1581 2127 1707 2178 Julias

294 2191 400 2244 leges
419 2221 432 2237 ‚
461 2200 502 2230 et
535 2200 691 2229 caeteras
710 2220 721 2235 ,
754 2190 825 2228 illo
860 2190 1022 2228 consule
1058 2200 1209 2244 rogatas
1229 2221 1238 2236 ‚
1265 2193 1355 2244 jure
1392 2192 1487 2231 latas
1530 2202 1706 2245 negant:

295 2258 419 2296 iidem
453 2257 566 2296 illam
595 2256 927 2310 proscriptionem
960 2258 1102 2310 capitis
1137 2259 1232 2303 mei,
1266 2268 1404 2296 contra
1433 2259 1598 2297 salutem
1630 2260 1708 2297 rei-

295 2324 494 2376 publicae,
526 2322 590 2361 sed
625 2323 738 2362 salvis
770 2324 981 2377 auspiciiS,
1014 2334 1191 2376 rogatam
1223 2324 1296 2363 effe
1329 2325 1529 2364 dicebant.
1570 2327 1708 2378 Itaque

296 2390 357 2428 vir
397 2389 551 2428 summa
589 2385 845 2435 auctoritate,
883 2390 1038 2428 summa
1075 2390 1331 2444 eloquentia,
1369 2391 1472 2429 dixit
1511 2392 1706 2443 graviter,

297 2457 433 2496 casum
461 2456 582 2495 illum
611 2470 748 2495 meum
778 2455 899 2495 funus
931 2455 1006 2494 effe
1038 2457 1283 2509 reipubhcae,
1316 2456 1380 2494 sed
1410 2456 1530 2496 funus
1556 2456 1708 2509 justum

1306 2525 1399 2576 Qz
