2076 2860
415 201 491 227 212
890 192 1336 230 ORATIO

413 289 674 329 contendisse:
707 290 954 329 tribunatum
975 291 1090 329 suum
1111 291 1157 329 ad
1179 292 1343 329 salutem
1364 305 1507 337 meam,
1539 305 1626 345 quae
1647 292 1723 331 tibi
1742 306 1808 331 ca-

413 355 557 394 riffima
575 355 719 401 fuisset,
751 357 922 395 consiliis
944 357 1022 395 tuis
1043 357 1308 410 gubernatum
1326 373 1334 395 :
1365 358 1401 396 se
1421 372 1441 395 a
1463 368 1500 396 te
1519 358 1649 411 postea
1669 357 1807 397 defen-

412 420 500 459 sum
521 422 562 459 in
582 421 759 473 periculo
783 422 939 474 capitis,
971 422 1152 475 adjutum
1182 424 1222 460 in
1252 425 1445 476 petitione
1474 434 1677 476 praeturae:
1711 425 1808 463 duos

413 486 450 524 se
480 486 622 524 habere
653 486 804 539 semper
835 487 1086 526 amiciffimos
1120 488 1276 541 speraffe
1293 508 1304 533 3
1339 498 1375 527 te
1404 498 1472 527 tuo
1504 489 1713 535 beneficio,
1745 504 1809 528 me

414 551 495 590 suo.
520 553 619 603 Qae
641 552 666 590 fi
688 566 767 590 non
788 553 993 605 probaret;
1017 553 1043 591 fi
1066 554 1139 591 tibi
1161 554 1214 592 ita
1235 554 1392 606 penitus
1415 554 1618 594 inhaefiffet
1638 555 1708 594 ista
1727 556 1808 594 sus-

413 618 533 670 picio,
566 617 679 655 nullo
698 627 744 656 ut
762 618 878 657 evelli
898 619 1018 657 modo
1039 619 1188 672 posset,
1221 619 1248 657 sl
1278 620 1446 672 denique
1468 621 1580 659 Italia
1600 635 1620 659 a
1640 621 1808 667 delectu,

414 684 507 722 urbs
528 684 576 722 ab
596 685 730 730 armis,
762 685 840 723 fine
861 685 1032 724 Milonis
1053 685 1162 724 clade
1185 699 1389 738 nunquam
1409 686 1500 725 effet
1520 687 1780 740 conquietura
1797 702 1808 726 ε

414 763 472 788 nae
501 749 571 788 iste
598 749 706 789 haud
733 750 918 790 dubitans
949 751 1107 791 ceffiffet
1126 752 1264 805 patria,
1297 752 1344 798 is,
1376 753 1446 805 qui
1468 753 1521 791 ita
1540 762 1652 792 natus
1673 753 1741 799 est,
1772 762 1812 792 et

414 816 470 854 ita
502 816 704 856 consuevit
721 836 733 863 ς
771 826 808 856 te
823 847 834 863 ‚
871 818 1021 872 Magne
1035 847 1046 864 ,
1084 828 1214 858 tamen
1248 818 1500 858 antestaretur
1514 848 1525 865 ,
1562 819 1671 873 quod
1704 832 1811 859 nunc

415 883 536 921 etiam
555 882 667 922 facit.

471 950 626 990 XXVI.
660 951 776 997 Vide,
808 966 926 1004 quam
960 953 1004 991 fit
1036 953 1139 991 varia
1170 952 1258 992 vitae
1290 953 1665 1006 commutabilisque
1696 955 1811 1000 ratio,

415 1030 536 1069 quam
556 1031 650 1069 vaga
670 1018 934 1072 volubilisque
956 1019 1128 1065 fortuna,
1147 1029 1301 1072 quantae
1322 1020 1573 1058 infidelitates
1596 1022 1636 1058 in
1657 1021 1810 1065 amicis,

416 1096 536 1135 quam
556 1083 602 1121 ad
625 1093 779 1137 tempus
802 1095 898 1138 aptae
920 1086 1184 1124 simulationes
1201 1115 1211 1131 ,
1243 1096 1397 1139 quantae
1425 1087 1465 1124 in
1493 1086 1679 1139 periculis
1707 1085 1812 1139 fugae

415 1150 705 1201 proximorum,
728 1161 882 1203 quantae
905 1152 1150 1190 timiditates.
1174 1152 1277 1197 Erit,
1296 1153 1369 1190 erit
1390 1152 1490 1190 illud
1510 1151 1687 1204 profecto
1708 1161 1811 1190 tem-

416 1228 504 1267 pus,
536 1225 575 1253 et
596 1216 797 1254 illucescet
816 1217 1027 1270 aliquando
1048 1218 1116 1255 ille
1146 1217 1242 1262 dies,
1274 1231 1368 1255 cum
1399 1227 1456 1262 tu,
1489 1218 1735 1263 salutaribus,
1769 1226 1813 1255 ut

417 1279 525 1333 spero
541 1311 551 1326 ‚
584 1282 698 1319 rebus
726 1283 801 1320 tuis
818 1313 829 1327 ‚
861 1283 924 1321 sed
945 1282 1097 1321 fortaffe
1118 1293 1230 1321 motu
1251 1283 1385 1336 aliquo
1406 1283 1685 1322 communium
1708 1291 1814 1321 tem-

416 1361 559 1400 porum
580 1349 815 1394 immutatis,
851 1350 937 1402 (qui
959 1363 1078 1402 quam
1099 1350 1236 1388 crebro
1256 1351 1420 1394 accidat,
1452 1350 1603 1402 experti
1624 1349 1814 1388 debemus

417 1412 530 1465 scire)
563 1424 601 1452 et
628 1415 847 1453 amicifiimi
876 1415 1216 1461 benevolentiam,
1248 1426 1286 1453 et
1313 1415 1523 1467 graviffimi
1555 1414 1730 1454 hominis
1761 1415 1812 1453 fi-

416 1478 521 1524 dem,
544 1490 581 1517 et
603 1481 718 1518 unius
740 1481 825 1533 post
845 1480 1026 1519 homines
1049 1491 1158 1520 natos
1180 1481 1378 1520 fortiffimi
1400 1482 1472 1520 viri
1493 1481 1814 1534 magnitudinem

416 1546 562 1591 animi,
592 1546 792 1586 desideres.

473 1613 713 1664 Qanquam
741 1614 829 1666 quis
857 1612 934 1651 hoc
960 1614 1104 1659 credat,
1138 1615 1215 1652 Cn.
1241 1615 1492 1667 Pompeium,
1518 1615 1620 1667 juris
1641 1613 1811 1666 publici,

418 1679 536 1716 moris
558 1680 768 1731 majorum,
801 1680 853 1717 rei
883 1679 1053 1734 denique
1073 1680 1244 1733 publicae
1265 1681 1555 1733 peritissimum,
1588 1693 1681 1719 cum
1702 1680 1812 1717 sena-

417 1755 479 1782 tus
500 1745 536 1782 ei
557 1746 798 1783 commiserit
813 1775 823 1791 ,
857 1756 900 1784 ut
924 1747 1073 1785 videret
1087 1776 1099 1792 ,
1132 1748 1190 1786 Ne
1210 1747 1297 1800 quid
1311 1747 1505 1800 respublica
1524 1746 1733 1786 detrimenti
1747 1760 1812 1785 ca-

410 1820 541 1863 peret5
574 1826 653 1863 quo
675 1826 754 1849 uno
774 1813 962 1851 versiculo
983 1813 1071 1850 satis
1093 1815 1230 1850 armati
1252 1813 1402 1865 semper
1422 1814 1598 1852 consules
1620 1813 1783 1851 fuerunt
1798 1842 1809 1858 ,

418 1878 548 1914 etiam'
569 1877 688 1914 nullis
719 1878 836 1915 armis
870 1878 994 1923 datis;
1026 1877 1135 1916 hunc
1167 1879 1356 1923 exercitu,
1389 1878 1497 1916 hunc
1525 1879 1677 1916 delectu
1705 1879 1809 1923 dato,

414 1943 614 1995 judicium
635 1944 931 1995 expectaturum
953 1943 1063 1981 fuisse
1085 1945 1125 1981 in
1147 1944 1229 1996 ejus
1251 1944 1422 1982 consiliis
1448 1944 1709 1989 vindicandis,
1742 1944 1813 1997 qui

420 2009 478 2047 vel
496 2008 647 2060 judicia
667 2009 747 2061 ipsa
768 2009 922 2047 tolleret
941 2011 953 2047 ?
987 2010 1084 2047 Satis
1107 2009 1332 2062 judicatum
1354 2010 1407 2047 est
1427 2023 1446 2047 a
1467 2010 1673 2063 Pompeio,
1705 2009 1810 2055 satis,

420 2073 514 2112 falso
536 2073 603 2111 ista
624 2073 792 2112 conferri
816 2075 855 2112 in
877 2075 1076 2113 Milonem
1096 2090 1104 2113 :
1138 2076 1208 2127 qui
1240 2076 1367 2127 legem
1390 2076 1507 2120 tulit,
1541 2090 1641 2128 qua,
1674 2085 1718 2113 ut
1739 2089 1812 2127 ego

422 2140 558 2184 sentio,
582 2141 783 2178 Milonem
804 2141 949 2180 absolvi
970 2155 991 2179 a
1011 2141 1122 2179 vobis
1144 2150 1367 2195 oporteret,
1395 2152 1436 2180 ut
1456 2135 1592 2181 omnes
1614 2141 1810 2180 confiten-

421 2217 497 2251 tur,
529 2206 677 2245 liceret.

476 2272 595 2324 (Qod
617 2287 706 2311 vero
727 2275 766 2311 in
795 2274 864 2312 illo
885 2275 999 2320 loco,
1031 2284 1148 2327 atque
1170 2275 1249 2313 illis
1270 2275 1526 2327 publicorum
1545 2275 1812 2329 praesidiorum

421 2340 544 2391 copiis
567 2338 844 2385 circumfusus,
862 2340 985 2386 sedet3
1005 2340 1093 2379 satis
1115 2341 1297 2386 declarat,
1316 2341 1351 2379 se
1368 2356 1446 2380 non
1465 2352 1651 2380 terrorem
1669 2340 1812 2379 inferre

424 2407 547 2451 vobis,
569 2406 683 2459 (quid
703 2407 810 2444 enim
833 2407 903 2445 illo
919 2408 1052 2446 minus
1069 2408 1251 2460 dignum,
1270 2422 1387 2461 quain
1406 2423 1558 2461 cogere,
1578 2419 1619 2447 ut
1638 2423 1702 2447 vos
1720 2421 1810 2445 eum

423 2472 707 2518 condemnetis,
739 2475 779 2512 in
813 2488 931 2526 quem
963 2474 1267 2515 animadvertere
1294 2475 1372 2528 ipse
1399 2486 1438 2514 ct
1465 2489 1573 2514 more
1601 2476 1809 2526 majorum,
