2076 2860
428 215 502 255 252
901 192 1345 233 ORATIO

427 301 636 354 legatione,
655 308 692 337 et
714 297 866 336 civibus
888 304 927 333 et
948 295 1062 334 sociis
1085 295 1138 332 ita
1159 294 1194 332 se
1216 292 1412 346 probavit,
1437 300 1482 330 ut
1503 290 1693 330 decedens
1717 291 1827 329 Con-

428 369 545 407 fidius
566 365 769 420 provincia
789 361 1006 401 satisfacere
1027 360 1260 399 hominibus
1284 372 1362 398 non
1385 358 1520 411 posset,
1539 359 1566 396 fi
1587 370 1829 411 quemquam

428 434 552 472 alium
573 431 784 485 provinciae
806 427 1049 481 praefeciffet.
1084 428 1221 479 Itaque
1244 425 1530 477 QLigarius,
1563 438 1656 462 cum
1677 423 1745 461 diu
1767 436 1828 460 re-

431 499 567 538 cusans
600 497 702 535 nihil
734 494 982 548 profecisset,
1014 493 1260 546 provinciam
1291 491 1444 543 accepit
1473 491 1649 529 invitus:
1683 489 1749 528 cui
1781 489 1830 527 fic

432 563 589 618 praefuit
612 563 652 600 in
675 575 783 615 pace,
817 569 860 598 ut
889 568 927 597 et
949 559 1103 597 civibus
1125 567 1163 596 et
1185 558 1298 596 sociis
1320 556 1532 610 gratifiima
1551 555 1642 594 effet
1662 556 1745 608 ejus
1766 555 1831 593 in-

433 629 607 682 tegritas,
639 636 677 666 et
709 626 819 665 fides.
854 624 1012 664 Bellum
1040 624 1170 662 subito
1199 622 1365 661 exarfit:
1399 621 1521 674 quod,
1553 621 1623 674 qui
1652 628 1761 658 erant
1791 620 1833 658 in

432 694 584 739 Africa,
616 702 705 731 ante
736 692 945 730 audierunt
977 690 1075 743 geri,
1107 703 1227 742 quam
1259 688 1397 742 parari.
1436 689 1529 739 Qo
1561 687 1711 732 audito,
1742 699 1832 739 par-

434 763 508 801 tim
529 760 745 814 cupiditate
767 758 1061 803 inconfiderata,
1085 757 1229 810 partim
1251 769 1353 794 caeco
1374 754 1549 807 quodam
1570 755 1726 799 timore,
1749 753 1833 806 pri-

433 843 501 868 mo
522 828 655 866 salutis
671 857 681 872 ,
714 826 798 879 post
825 827 943 864 etiam
965 825 1081 862 studii
1104 823 1161 862 sui
1176 854 1187 869 ‚
1220 822 1446 876 quaerebant
1466 821 1641 874 aliquem
1662 819 1804 858 ducem
1823 835 1832 858 :

434 910 529 935 cum
547 895 745 947 Ligarius,
764 894 929 932 domum
946 892 1134 945 spectans,
1153 900 1191 928 et
1209 890 1254 928 ad
1276 890 1362 928 suos
1380 888 1504 927 redire
1520 888 1700 942 cupiens,
1723 887 1837 926 nullo

436 963 472 1001 se
493 962 690 1015 implicari
721 961 882 1013 negotio
906 959 1030 1012 pafl‘us
1053 958 1119 996 est.
1155 957 1321 996 Interim
1353 957 1398 994 P.
1423 957 1559 994 Attius
1582 956 1734 1001 Varus,
1767 954 1839 1007 qui

436 1039 578 1083 praetor
599 1027 779 1066 Africam
800 1027 1040 1070 obtinuerat,
1064 1025 1228 1063 Uticam
1248 1024 1355 1062 venit
1375 1039 1383 1061 z
1406 1022 1453 1060 ad
1473 1036 1565 1060 eum
1587 1021 1717 1060 statim
1738 1034 1837 1059 con-

438 1095 596 1134 cursum
617 1094 684 1132 est.
727 1094 862 1146 Atque
883 1092 951 1130 ille
972 1105 1050 1129 non
1073 1090 1265 1129 mediocri
1286 1088 1504 1141 cupiditate
1524 1088 1689 1141 arripuit
1709 1088 1838 1140 impe-

439 1163 559 1207 rium,
591 1161 617 1199 fi
639 1159 741 1198 illud
764 1159 978 1212 imperium
998 1157 1070 1196 effe
1090 1156 1238 1210 potuit,
1270 1155 1378 1209 quod
1398 1154 1445 1192 ad
1466 1155 1664 1208 privatum
1686 1154 1838 1192 clamo-

440 1243 479 1268 re
500 1225 773 1266 multitudinis
795 1225 1008 1276 imperitae,
1041 1223 1153 1261 nullo
1173 1222 1338 1275 publico
1358 1221 1542 1266 confilio,
1575 1219 1837 1258 deferebatur.

441 1297 578 1347 Itaque
611 1293 818 1345 Ligarius,
850 1291 920 1343 qui
952 1304 1069 1328 omne
1103 1289 1177 1327 tale
1211 1288 1417 1340 negotium
1449 1296 1611 1339 cuperet
1642 1286 1838 1339 effugere,

441 1360 603 1414 paulum
625 1359 794 1397 adventu
817 1357 910 1394 Vari
931 1355 1175 1407 conquievit.

498 1428 553 1465 II.
586 1425 748 1469 Adhuc,
773 1425 821 1462 C.
843 1422 982 1468 Caesar,
1006 1421 1263 1473 QLigarius
1286 1420 1396 1458 omni
1418 1420 1535 1472 culpa
1555 1428 1678 1458 vacat.
1707 1419 1842 1457 Domo

443 1494 497 1532 est
516 1492 683 1546 egreffus
707 1505 784 1528 non
808 1489 927 1527 modo
949 1488 1107 1526 nullum
1128 1486 1175 1525 ad
1196 1487 1348 1524 bellum
1365 1516 1375 1531 ,
1409 1486 1471 1523 sed
1497 1500 1544 1526 ne
1566 1486 1612 1523 ad
1633 1486 1843 1524 minimam

445 1559 608 1612 quidem
631 1557 891 1609 suspicionem
915 1555 1010 1592 belli
1030 1569 1038 1592 z
1072 1554 1223 1607 legatus
1246 1554 1285 1590 in
1308 1566 1401 1606 pace
1423 1551 1621 1605 profectus
1636 1581 1647 1598 ,
1680 1552 1721 1589 in
1749 1564 1843 1604 pro-

446 1625 574 1664 vincia
607 1623 844 1677 pacatiflima
876 1622 930 1659 ita
962 1621 997 1659 se
1029 1620 1165 1673 geffit,
1198 1628 1242 1658 ut
1277 1620 1312 1657 ei
1348 1633 1484 1672 pacem
1520 1618 1592 1657 effe
1626 1618 1843 1671 expediret.

447 1690 643 1730 Profectio
664 1698 768 1728 certe
788 1689 969 1727 animum
991 1695 1106 1725 tuum
1128 1700 1207 1724 non
1229 1685 1345 1724 debet
1366 1684 1578 1724 offendere.
1621 1685 1736 1723 Num
1766 1684 1845 1736 igi-

449 1769 510 1796 tur
533 1757 750 1796 remansio?
776 1755 913 1793 Multo
934 1755 1091 1793 minus:
1117 1767 1207 1791 narn
1228 1751 1420 1805 profectio
1442 1752 1687 1791 voluntatem
1708 1750 1848 1789 habuit

450 1838 528 1862 non
551 1833 722 1875 turpem,
753 1821 940 1858 remanfio
961 1821 1080 1857 etiam
1103 1818 1365 1856 neceffitatem
1386 1817 1603 1856 honestam.
1636 1819 1744 1869 Ergo
1765 1816 1848 1855 haec

449 1891 528 1928 duo
547 1898 722 1941 tempora
738 1896 870 1925 carent
891 1886 1079 1924 crimine:
1105 1897 1245 1928 unum,
1264 1897 1357 1921 cum
1379 1883 1431 1921 est
1452 1884 1602 1935 legatus
1623 1883 1845 1936 profectus5

451 1957 633 2000 alterum,
666 1969 773 1999 curn,
806 1952 1040 2005 efflagitatus
1064 1946 1083 1988 a
1103 1951 1319 2004 provincia,
1351 1950 1576 2002 praepofitus
1599 1948 1744 1987 Africae
1765 1949 1832 1987 est.

508 2022 694 2060 Tertium
716 2020 769 2058 cst
791 2029 961 2072 tempus,
995 2031 1074 2070 quo
1097 2016 1179 2070 post
1201 2016 1413 2054 adventum
1434 2016 1527 2053 Vari
1549 2016 1589 2053 in
1612 2014 1749 2054 Africa
1770 2015 1848 2053 res-

454 2090 550 2127 titit.
585 2086 705 2139 Qod
728 2086 751 2123 sl
773 2085 825 2123 est
846 2084 1118 2129 criminosum,
1153 2083 1383 2121 neceffitatis
1405 2083 1556 2120 crimen
1578 2082 1644 2127 est,
1678 2095 1756 2120 non
1778 2095 1849 2119 vo—

454 2155 634 2193 luntatis.
674 2154 736 2190 An
761 2152 849 2196 illc,
883 2151 907 2189 s1
929 2150 1112 2204 potuisset
1134 2150 1246 2187 illinc
1269 2149 1351 2187 ullo
1373 2149 1492 2187 modo
1512 2149 1689 2194 evadere,
1723 2149 1852 2186 Uticae

456 2222 602 2274 potius,
625 2232 743 2272 quam
766 2219 925 2261 Romae;
949 2231 1041 2255 cum
1065 2217 1108 2254 P.
1134 2216 1262 2261 Attio,
1285 2229 1405 2268 quam
1425 2229 1519 2254 cum
1540 2214 1851 2253 concordiffimis

457 2286 672 2330 fratribu83
706 2298 798 2322 cum
820 2284 956 2321 alienis
977 2283 1069 2327 effe,
1102 2296 1221 2335 quam
1242 2296 1335 2320 cum
1358 2282 1454 2327 suis,
1487 2281 1679 2320 maluiffet
1699 2282 1711 2318 ?
1746 2282 1853 2319 Cum

460 2353 538 2406 ipsa
573 2351 716 2403 legatio
752 2350 867 2403 plena
901 2348 1076 2387 defiderii
1111 2361 1153 2386 ac
1189 2347 1469 2386 sollicitudinis
1505 2347 1634 2386 fuiffet
1651 2377 1662 2393 ,
1695 2355 1855 2400 propter
1911 2375 1920 2383 .

462 2417 735 2457 incredibilem
757 2415 955 2469 quendam
977 2414 1143 2453 fratrum
1164 2428 1337 2452 amorem
1356 2433 1366 2459 ;
1399 2413 1465 2453 hic
1487 2428 1600 2468 atquo
1624 2414 1757 2453 animo
1783 2411 1854 2451 effe

464 2485 607 2540 potuit,
640 2483 733 2522 belli
757 2482 920 2522 discidio
942 2481 1141 2520 distractus
1162 2495 1183 2520 a
1203 2480 1389 2520 fratribus
1412 2482 1423 2518 ?
