2076 2860
633 154 1207 199 PHILIPPICA
1283 155 1335 192 v.
1606 154 1676 206 361

286 264 562 309 collaudastis;
595 262 781 316 quodque
811 260 880 298 ille
910 258 1064 297 bellum
1093 257 1246 310 privato
1266 254 1429 295 confilio
1450 254 1680 307 susceperat,

284 332 326 371 id
346 346 414 371 vos
435 326 663 369 auctoritate
684 327 846 381 publica
865 323 1163 378 comprobastis.

342 398 452 450 Qid
485 397 608 450 igitur
639 395 710 433 illo
743 394 806 432 die
839 391 947 430 aliud
979 390 1125 443 egistis,
1157 389 1228 428 nisi
1263 398 1308 427 ut
1338 387 1491 427 hostem
1520 387 1678 440 judica--

285 465 376 503 retis
398 463 625 502 Antonium
644 463 657 500 ?
689 460 751 498 his
771 459 904 498 vestris
927 457 1109 502 decretis,
1141 465 1207 494 aut
1227 455 1295 493 ille
1315 468 1382 494 vos
1404 467 1516 507 aequo
1546 453 1679 490 animo

285 531 480 584 adspicere
500 529 660 583 poterit,
692 536 760 566 aut
788 539 855 565 vos
886 525 1004 563 illum
1024 524 1102 562 fine
1129 523 1284 562 summo
1305 521 1440 560 dolore
1461 519 1644 559 videbitis
1664 520 1677 556 ἓ

285 597 466 636 Exclufit
498 596 616 634 illum
650 608 671 632 a
705 593 921 646 republica,
953 590 1146 635 distraxit,
1177 588 1404 642 segregavit,
1436 600 1516 626 non
1552 585 1681 624 solum

285 663 409 702 scelus
430 662 565 716 ipfius,
597 661 660 700 sed
681 661 815 705 etiam,
838 667 883 696 ut
903 656 1005 696 mihi
1025 656 1195 701 videtur,
1223 654 1383 693 fortuna
1403 653 1581 706 quaedam
1603 653 1679 690 rei-

286 730 471 784 publicae.
516 730 599 782 Qi
633 729 660 767 fi
690 728 828 780 legatis
859 724 1045 779 paruerit,
1078 724 1330 774 Romamque
1363 720 1548 764 redierit3
1581 732 1680 756 num

286 796 444 850 quando
464 795 627 849 perditis
648 795 802 834 civibus
823 791 1031 836 vexillum,
1063 802 1144 842 quo
1163 795 1415 832 concurrant,
1448 784 1680 823 defuturum

286 863 461 916 putatis?
493 862 567 900 Sed
587 861 664 899 hoc
684 860 817 898 minus
838 871 993 896 vereor:
1026 855 1116 894 sunt
1136 854 1224 899 alia,
1247 867 1333 906 quae
1354 851 1479 904 magis
1500 851 1679 894 timeam,

286 939 326 968 et
345 930 534 983 cogitem.
567 929 789 980 Nunquam
810 925 963 978 parebit
984 923 1051 961 ille
1071 922 1225 975 legatis.
1249 920 1359 959 Novi
1378 918 1555 957 hominis
1578 917 1679 955 insa-

284 997 408 1041 niam,
425 995 709 1047 arrogantiam:
733 992 826 1031 novi
847 991 997 1044 perdita
1013 988 1173 1027 confilia
1192 987 1427 1031 amicorum,
1446 985 1591 1038 quibus
1613 983 1681 1021 ille

285 1061 339 1100 est
359 1060 529 1099 deditus.

342 1127 493 1166 Lucius
523 1125 685 1179 quidem
706 1124 825 1163 frater
845 1125 944 1178 ejus,
978 1130 1115 1175 utpote
1144 1119 1215 1172 qui
1243 1131 1402 1172 peregre
1432 1116 1680 1170 depugnarit,

287 1192 483 1232 familiam
503 1192 629 1231 ducit.
662 1192 720 1230 Sit
741 1204 809 1244 per
831 1189 866 1228 se
886 1187 966 1241 ipse
987 1187 1115 1231 sanus,
1137 1184 1245 1239 quod
1266 1197 1472 1236 nunquam
1493 1183 1591 1227 erit;
1614 1195 1683 1234 per

288 1258 362 1298 hos
387 1259 459 1297 effe
489 1259 523 1296 ei
554 1267 685 1295 tamen
715 1270 795 1294 non
825 1254 978 1293 licebit.
1011 1255 1183 1292 Teretur
1202 1251 1350 1289 interea
1369 1258 1554 1302 tempus:
1587 1247 1685 1285 belli

288 1334 493 1379 apparatus
516 1323 781 1376 refrigescent.
815 1320 933 1359 Unde
962 1319 1016 1357 est
1045 1318 1174 1356 adhuc
1202 1317 1370 1362 bellum,
1402 1316 1472 1354 nifi
1493 1328 1542 1353 ex
1562 1323 1683 1353 retar-

289 1392 461 1437 datione,
488 1400 527 1429 et
547 1391 684 1429 mora?
718 1390 775 1427 Ut
797 1388 974 1441 primum
995 1385 1079 1438 post
1100 1383 1305 1422 discessum
1326 1382 1505 1427 latronis,
1527 1381 1589 1419 vel
1609 1394 1683 1434 po-

289 1459 368 1497 tius
394 1457 634 1511 desperatam
661 1455 811 1508 fugam,
844 1453 966 1492 libere
995 1452 1147 1490 senatus
1177 1449 1314 1488 haberi
1341 1448 1502 1503 potuit;
1535 1447 1686 1499 semper

289 1523 476 1577 flagitavi,
509 1532 554 1561 ut
585 1533 906 1561 convocaremur.
951 1520 1044 1570 Qo
1076 1516 1139 1554 die
1170 1515 1348 1569 primum
1380 1513 1587 1553 convocati
1618 1512 1685 1550 su-

290 1604 394 1636 mus,
426 1604 520 1629 cum
549 1589 737 1641 designati
763 1586 941 1625 consules
964 1598 1042 1624 non
1063 1582 1246 1628 adessent,
1272 1582 1353 1634 jeci
1373 1580 1563 1618 sententia
1582 1592 1684 1625 mea,

290 1656 466 1695 maximo
498 1654 623 1694 vestro
654 1653 857 1698 consensu,
888 1651 1147 1689 fundamenta
1177 1646 1420 1701 reipublicae,
1451 1645 1569 1684 serius
1595 1658 1685 1682 om-

290 1723 402 1768 nin0‚
434 1736 555 1776 quam
575 1721 734 1766 decuit;
767 1733 838 1759 nec
860 1719 966 1757 enim
986 1726 1076 1755 ante
1097 1715 1238 1769 potui;
1272 1714 1334 1752 sed
1357 1722 1502 1756 tamen,
1526 1712 1551 1749 s1
1572 1725 1619 1749 ex
1641 1724 1687 1748 eo

290 1799 469 1843 tempore
499 1789 580 1827 dies
601 1788 736 1826 nullus
757 1784 996 1825 intermissus
1017 1783 1122 1828 effer,
1155 1781 1309 1819 bellum
1329 1777 1506 1831 profecto
1527 1777 1687 1814 nullum

290 1855 539 1895 haberemus.
565 1856 698 1893 Omne
719 1853 870 1892 malum
891 1851 1048 1890 nascens
1070 1848 1187 1887 facile
1203 1846 1467 1900 opprimitur3
1492 1843 1685 1881 invetera-

291 1931 380 1961 tum
402 1922 446 1961 fit
467 1922 702 1975 plerumque
724 1919 934 1958 robustius.
975 1916 1047 1956 Sed
1069 1925 1157 1954 tum
1177 1912 1483 1966 expectabantur
1505 1909 1688 1948 Kalendae

294 1984 484 2035 Januariae
503 1998 511 2022 ε
544 1982 698 2021 fortafi‘e
719 1995 798 2020 non
820 1982 936 2019 recte.

350 2051 446 2089 XII.
480 2050 632 2088 Verum
666 2048 860 2101 praeterita
893 2046 1140 2084 omittamus.
1184 2042 1370 2081 Etiamne
1399 2038 1501 2077 hanc
1536 2050 1690 2075 moram

294 2114 515 2160 afferemus,
539 2115 634 2152 dum
656 2112 952 2166 proficiscantur
972 2110 1120 2162 legati?
1152 2108 1249 2146 dum
1271 2105 1539 2144 revertantur?
1572 2104 1688 2155 Qo-

296 2195 385 2219 rum
406 2180 623 2233 expectatio
644 2179 934 2217 dubitationem
956 2176 1053 2215 belli
1077 2175 1211 2213 afferet
1229 2189 1237 2212 :
1272 2172 1378 2211 bello
1398 2179 1530 2209 autem
1550 2168 1689 2213 dubio,

296 2246 405 2299 quod
437 2246 561 2299 potest
590 2245 763 2283 studium
787 2244 858 2282 effe
879 2244 1050 2282 delectus
1071 2243 1083 2279 ?
1116 2239 1406 2292 Qamobrem,
1439 2237 1570 2274 Patres
1591 2247 1690 2272 con-

299 2313 448 2365 scripti,
482 2312 702 2364 legatorum
726 2311 972 2349 mentionem
994 2308 1148 2347 nullam
1169 2306 1305 2344 censeo
1327 2301 1548 2343 faciendam
1567 2316 1575 2339 ε
1608 2313 1691 2338 rem

297 2377 642 2417 administrandam
659 2378 825 2415 arbitror
841 2377 918 2414 fine
934 2376 1016 2414 ulla
1031 2387 1155 2419 mora,
1172 2383 1211 2411 et
1227 2370 1434 2410 confestim
1456 2366 1688 2420 gerendam:

300 2447 523 2485 tumultum
545 2444 716 2490 decerni,
743 2443 943 2496 justitium
974 2441 1091 2486 edici,
1124 2440 1209 2492 saga
1241 2438 1343 2476 sumi
1375 2436 1465 2474 dico
1497 2441 1690 2485 oportere,

385 2513 528 2550 ToM.
564 2511 634 2548 VI.
1302 2503 1335 2540 Z
1369 2515 1389 2538 z
