2076 2860
436 201 510 239 19:
907 186 1349 223 ORATIO

432 287 714 339 sapientiilimae
729 288 834 330 Deae,
850 284 1039 322 sententia
1050 283 1401 336 liberatum.Qod
1417 284 1441 322 fi
1456 284 1664 322 duodecim
1679 285 1819 324 tabulae

433 355 671 390 nmsturnum
702 351 830 388 furem
862 363 1024 402 quoquo
1056 349 1190 395 modo,
1222 349 1410 388 diurnum
1441 359 1585 394 autern,
1618 350 1644 388 fi
1678 350 1712 388 se
1740 351 1819 388 telo

433 418 664 462 defenderit,
696 415 864 453 interfici
885 416 1048 467 impune
1068 415 1304 460 voluerunt3
1337 416 1427 468 quis
1447 415 1514 460 est,
1546 416 1631 468 qui,
1657 429 1819 468 quoquo

433 484 550 522 modo
571 484 658 535 quis
681 480 906 519 interfedtus
928 481 972 518 fit
987 510 997 526 ‚
1029 481 1276 533 puniendum
1307 490 1445 533 putet,
1477 495 1570 519 cum
1597 481 1724 519 videat
1744 481 1818 519 ali-

431 548 587 601 quando
606 547 783 599 gladium
805 546 918 584 nobis
946 546 992 584 ad
1019 546 1282 584 occidendum
1308 546 1515 584 hominem
1542 547 1589 584 ab
1615 547 1703 599 ipfis
1725 561 1818 600 por-

432 615 505 666 rigi
527 614 680 666 legibus
700 614 713 650 ?

487 680 558 717 IV.
592 679 734 731 Atqui,
766 679 791 716 fi
814 687 969 730 tempus
991 677 1044 715 est
1072 677 1200 715 ullum
1217 678 1306 729 jure
1326 676 1500 716 hominis
1522 677 1701 723 necandi,
1733 691 1819 730 quae

431 746 556 783 multa
577 745 679 790 sunt,
711 753 815 782 certe
836 744 936 782 illud
956 743 1008 782 est
1030 757 1107 781 non
1130 743 1248 781 modo
1264 743 1430 795 justum,
1452 757 1587 781 verum
1607 745 1726 781 etiam
1748 756 1817 781 ne-

430 812 645 856 cessarium,
664 825 756 849 cum
774 811 811 848 vi
826 811 883 848 vis
901 811 1008 848 illata
1023 809 1262 848 defenditur.
1282 809 1521 847 Pudicitiam
1541 823 1634 847 cum
1655 810 1820 861 eriperet

430 877 552 915 militi
574 877 755 915 tribunus
776 875 957 914 militaris
979 876 1020 913 in
1040 875 1215 913 exercitu
1238 875 1286 913 C.
1311 875 1446 920 Marii,
1469 876 1715 928 propinquus
1736 875 1826 927 ejus>

431 944 690 995 imperatoris,
709 940 935 980 interfectus
951 941 999 978 ab
1015 955 1061 979 eo
1076 940 1144 986 est,
1159 941 1225 979 cui
1240 941 1321 978 vim
1337 940 1534 978 afferebat.
1552 942 1697 979 Facere
1712 940 1821 979 enim

431 1008 577 1060 probus
603 1007 822 1045 adolescens
851 1006 1091 1058 periculose,
1123 1019 1242 1059 quam
1261 1006 1412 1058 perpeti
1438 1006 1630 1058 turpiter,
1661 1005 1818 1044 maluit.

432 1076 565 1127 Atque
586 1073 694 1111 hunc
715 1073 782 1110 ille
803 1073 861 1109 vir
881 1072 1072 1117 summus,
1100 1071 1240 1110 scelere
1261 1071 1447 1117 solutum,
1479 1072 1655 1125 periculo
1675 1072 1818 1108 libera-

430 1141 500 1178 vit.
534 1139 753 1178 Infidiatori
773 1151 877 1183 vero,
908 1147 946 1176 et
966 1138 1123 1182 latroni,
1152 1151 1237 1190 quae
1259 1137 1382 1189 potest
1402 1137 1529 1175 afferri
1550 1137 1690 1189 injusta
1710 1150 1785 1175 nex
1804 1138 1818 1174 ?

487 1206 597 1257 Qid
618 1206 828 1243 comitatus
851 1203 983 1248 nostri,
1002 1203 1098 1256 quid
1113 1202 1235 1255 gladii
1250 1203 1389 1240 volunt
1404 1204 1417 1240 ?
1435 1217 1533 1255 quos
1554 1202 1696 1241 habere
1716 1211 1820 1240 certe

430 1285 509 1309 non
532 1272 680 1315 liceret,
712 1271 737 1308 fi
760 1271 817 1307 uti
838 1270 917 1307 illis
940 1269 1051 1306 nullo
1071 1270 1183 1321 pacto
1204 1268 1352 1306 liceret.
1386 1268 1454 1306 Est
1475 1268 1597 1319 igitur
1615 1266 1715 1312 haec,
1742 1269 1818 1318 Ju-

431 1337 536 1375 dices
551 1366 562 1382 ,
595 1350 672 1374 non
695 1336 860 1388 scripta,
892 1335 955 1372 sed
976 1344 1063 1372 nata
1083 1334 1172 1378 lex;
1205 1347 1324 1386 quam
1347 1347 1424 1371 non
1446 1333 1674 1378 didicimus,
1705 1346 1818 1371 acce-

430 1404 577 1455 pimus,
610 1401 793 1454 legimus,
825 1414 961 1438 verum
988 1413 1035 1437 ex
1064 1408 1199 1437 natura
1223 1398 1303 1451 ipsa
1322 1399 1572 1451 arripuimus,
1604 1397 1818 1445 hausimus,

430 1468 711 1521 expreffimus;
744 1466 789 1504 ad
810 1480 928 1519 quam
950 1479 1028 1503 non
1050 1465 1168 1509 doffi,
1201 1464 1263 1502 sed
1284 1464 1374 1502 fasti
1389 1494 1398 1509 ,
1432 1478 1509 1502 non
1533 1464 1724 1510 instituti,
1757 1464 1821 1502 sed

430 1534 578 1572 imbuti
599 1534 753 1570 sumus:
778 1542 836 1577 ut,
860 1533 885 1570 fi
907 1532 986 1569 vita
1006 1530 1132 1569 nostra
1151 1531 1192 1568 in
1212 1530 1360 1583 aliquas
1381 1530 1550 1575 infidias,
1569 1530 1594 1568 fi
1616 1530 1656 1568 in
1677 1530 1774 1575 vim,
1792 1530 1820 1568 fi

430 1601 469 1638 in
493 1599 568 1637 tela
588 1608 654 1636 aut
670 1598 882 1642 latronum,
900 1605 966 1635 aut
983 1596 1253 1640 inimicorum,
1272 1595 1464 1633 incidiffet
1481 1615 1492 1640 3
1515 1595 1645 1633 omnis
1662 1594 1821 1633 honesta

431 1666 528 1704 ratio
549 1664 638 1702 effet
658 1663 906 1716 expediendae
929 1663 1076 1701 salutis.
1101 1662 1225 1700 Silent
1239 1662 1346 1699 enim
1367 1662 1472 1714 leges
1489 1662 1591 1699 inter
1610 1674 1729 1707 arma,
1747 1674 1820 1700 nec

431 1732 466 1769 se
485 1731 679 1783 expectari
695 1729 840 1781 jubent
855 1759 865 1775 ,
897 1743 990 1767 cum
1011 1729 1045 1766 ei
1064 1758 1074 1773 ,
1106 1729 1176 1781 qui
1197 1730 1397 1780 expectare
1418 1727 1513 1766 velit
1528 1757 1538 1773 ,
1570 1736 1659 1766 ante
1679 1727 1820 1780 injusta

430 1809 545 1849 poena
568 1795 710 1833 luenda
730 1795 788 1839 fit,
821 1807 940 1846 quarn
955 1793 1058 1845 justa
1077 1792 1297 1844 repetenda.

486 1861 567 1899 Etfi
590 1859 848 1912 persapienter
862 1887 873 1902 ,
904 1866 943 1895 et
969 1857 1142 1910 quodam
1163 1857 1282 1894 modo
1303 1858 1419 1894 tacite
1434 1886 1445 1901 ‚
1476 1857 1540 1894 dat
1561 1857 1641 1909 ipsa
1660 1857 1723 1896 lex
1742 1871 1818 1910 po-

431 1925 606 1964 testatem
627 1923 887 1967 defendendi;
919 1936 1005 1975 quae
1027 1935 1104 1959 non
1126 1921 1246 1960 modo
1265 1921 1472 1959 hominem
1493 1922 1636 1966 occidi,
1664 1922 1727 1960 sed
1746 1922 1819 1960 effe

432 2005 524 2029 cum
546 1989 624 2028 telo
645 1988 818 2027 hominis
839 1987 1044 2026 occidendi
1065 1986 1189 2032 causa,
1220 1995 1346 2025 vetat:
1381 1996 1438 2031 ut,
1471 2000 1562 2024 cum
1583 1987 1707 2032 causa,
1739 2000 1819 2025 non

432 2056 571 2100 telum,
589 2062 848 2107 quaereretur3
872 2053 942 2106 qui
963 2052 1019 2090 sui
1036 2051 1271 2090 defendendi
1288 2051 1397 2089 causa
1413 2051 1492 2089 telo
1507 2051 1596 2089 effet
1613 2052 1716 2097 usus,
1740 2065 1820 2090 non

431 2121 606 2160 hominis
627 2118 833 2157 occidendi
853 2118 963 2156 causa
982 2117 1155 2156 habuisse
1176 2117 1300 2155 telum
1317 2117 1572 2171 judicaretur.
1606 2118 1817 2170 Qaprop-

433 2198 490 2226 ter
510 2186 586 2225 hoc
607 2194 759 2224 maneat
780 2185 820 2222 in
841 2184 965 2229 causa,
987 2184 1147 2235 Judices
1166 2198 1174 2222 ε
1200 2197 1277 2222 non
1299 2184 1406 2221 enim
1427 2183 1582 2228 dubito,
1605 2184 1702 2236 quin
1723 2197 1816 2236 pro-—

433 2253 592 2290 baturus
615 2250 684 2288 sim
705 2249 816 2288 vobis
837 2248 1100 2287 defensionem
1121 2261 1264 2292 meam,
1296 2247 1321 2285 s1
1343 2248 1383 2285 id
1404 2248 1679 2293 memineritis,
1711 2247 1819 2301 quod

432 2316 612 2356 oblivisci
634 2329 712 2353 non
733 2314 907 2367 potestis,
939 2313 1201 2352 insidiatorem
1217 2314 1306 2366 jure
1326 2313 1494 2351 interfici
1515 2313 1632 2366 poffe.

489 2384 540 2422 V.
573 2381 757 2435 Sequitur
777 2381 892 2426 illud,
923 2381 1031 2434 quod
1059 2393 1080 2417 a
1108 2380 1277 2418 Milonis
1303 2379 1475 2418 inimicis
1497 2380 1695 2433 saepisfime
1715 2380 1816 2418 dici—

432 2460 518 2495 tur,
543 2448 718 2494 caedem,
750 2448 789 2485 in
812 2459 888 2500 qua
907 2446 954 2485 P.
977 2446 1143 2486 Clodius
1164 2445 1313 2485 occisus
1333 2445 1410 2492 est,
1441 2446 1616 2485 senatum
1631 2444 1817 2498 judicasse
