2076 2860
686 117 1261 158 PHILIPPICA
1337 120 1455 160 XIII.
1689 135 1768 177 459

370 218 505 257 locum
528 218 603 257 tibi
624 219 827 272 reliquum
847 232 927 257 non
949 218 1069 258 modo
1095 219 1142 257 ad
1169 233 1322 273 pacem,
1355 222 1419 261 sed
1446 235 1493 262 ne
1520 221 1567 261 ad
1595 222 1767 263 deditio-

368 298 459 323 nem
484 284 661 337 quidem,
692 283 862 322 feceris?

426 351 544 388 Hanc
583 363 657 403 ego
696 349 925 403 epistolam,
964 350 1096 389 Patres
1136 352 1375 406 conscripti,
1407 367 1488 393 non
1526 369 1608 408 quo
1646 355 1766 395 illum

367 417 535 469 dignum
557 426 752 469 putarem,
784 416 959 462 recitavi,
992 417 1055 455 sed
1086 427 1129 456 ut
1149 419 1456 459 confeffionibus
1486 421 1605 474 ipsius
1631 423 1766 461 omnia

366 482 557 534 patefacta
577 484 659 535 ejus
690 482 898 536 parricidia
928 482 1127 522 videretis.
1172 485 1279 524 Cum
1311 485 1388 524 hoc
1421 500 1560 540 pacem
1592 488 1657 527 M.
1682 489 1761 526 Le—

363 549 495 602 pidus,
527 550 587 587 vir
607 549 869 588 ornatiffimus
890 549 1078 588 omnibus
1106 559 1145 589 et
1173 552 1331 590 virtutis
1361 562 1401 591 et
1430 553 1599 592 fortunae
1630 554 1760 601 bonis,

363 614 390 652 fi
412 613 495 652 haec
516 614 665 653 videret
684 615 869 668 denique,
900 624 967 653 aut
987 615 1120 662 vellet,
1152 625 1219 655 aut
1239 617 1324 656 fieri
1344 618 1449 670 poffe
1474 619 1726 658 arbitraretur
1744 622 1759 659 ,Ρ

362 680 479 719 Prius
507 681 609 720 undis
624 682 797 735 flamma,
830 691 874 720 ut
905 682 958 719 ait
990 691 1105 735 poeta
1136 682 1268 722 nescio
1299 684 1416 736 quis,
1446 686 1556 738 prius
1588 685 1760 739 denique

361 748 510 792 omnia,
541 761 662 800 quam
682 757 748 786 aut
768 761 862 786 cum
882 749 1071 786 Antoniis
1093 748 1327 802 respublica,
1354 759 1421 788 aut
1441 764 1535 789 cum
1555 752 1759 804 republica

361 813 546 859 Antonii,
580 814 738 852 redeant
769 814 810 851 in
842 814 1021 866 gratiam.
1068 814 1247 852 Monstra
1272 815 1452 868 quaedam
1483 817 1573 856 sunt
1603 817 1686 863 ista,
1718 828 1758 857 et

361 888 558 931 portenta,
590 888 628 918 et
662 879 842 932 prodigia
875 879 1118 932 reipublicae.
1164 881 1323 920 Moveri
1358 882 1512 921 sedibus
1548 883 1625 921 suis
1660 883 1756 923 huic

362 945 452 983 urbi
473 945 615 983 melius
637 946 704 990 est,
736 955 854 998 atque
872 946 916 983 in
936 947 1045 991 alias,
1077 947 1102 984 fi
1126 947 1210 985 fieri
1230 948 1359 1001 poffit‚
1383 958 1501 987 terras
1521 948 1754 1003 demigrare,

360 1010 464 1050 unde
498 1012 768 1050 Antoniorum
801 1026 873 1050 nec
904 1011 1004 1050 facta
1035 1027 1107 1051 nec
1140 1027 1285 1053 nomen
1316 1015 1461 1061 audiat,
1494 1030 1614 1069 quam
1646 1018 1752 1063 illos,

359 1076 519 1116 Caesaris
541 1078 685 1116 virtute
710 1079 867 1130 ejectos,
899 1079 1014 1116 Bruti
1045 1089 1231 1125 retentos,
1263 1082 1367 1118 intra
1396 1081 1480 1120 haec
1513 1083 1663 1121 moenia
1691 1084 1753 1123 vi-

355 1143 462 1183 dere.
495 1144 795 1197 Optatiffimum
815 1144 868 1182 est
888 1145 1043 1184 vincere
1062 1161 1070 1185 :
1104 1145 1321 1185 secundum
1341 1147 1409 1193 est,
1440 1149 1600 1187 nullum
1620 1150 1754 1189 casum

356 1223 429 1261 pro
450 1209 642 1262 dignitate
662 1219 701 1248 et
721 1210 901 1248 libertate
928 1212 1062 1263 patriae
1089 1226 1171 1250 non
1196 1211 1406 1251 ferendum
1432 1223 1584 1267 putare.
1629 1215 1751 1267 Qod

355 1275 557 1328 reliquum
577 1275 645 1320 est,
676 1288 756 1314 non
776 1275 829 1313 est
851 1277 1028 1322 tertium,
1051 1277 1114 1315 sed
1133 1278 1377 1330 postremum
1397 1281 1597 1326 omnium,
1620 1282 1750 1320 maxi-

353 1355 463 1380 mam
483 1340 774 1394 turpitudinem
794 1341 985 1395 suscipere
1005 1342 1093 1381 vitae
1115 1344 1347 1397 cupiditate.

411 1409 511 1460 Qae
527 1422 621 1447 cum
637 1409 691 1447 ita
706 1409 795 1453 fint‚
814 1408 860 1447 de
879 1409 1073 1448 mandatis
1095 1410 1296 1464 literisque
1317 1412 1381 1451 M.
1399 1413 1556 1466 Lepidi,
1576 1413 1648 1452 viri
1666 1414 1748 1452 cla-

355 1473 506 1519 riffimi,
541 1474 705 1513 Servilio
724 1474 931 1514 assentior:
964 1485 1003 1514 et
1023 1475 1100 1514 hoc
1120 1477 1290 1530 amplius
1312 1478 1463 1523 censeo,
1498 1486 1525 1502 “
1548 1480 1749 1532 Magnum

354 1547 383 1564 “
406 1541 658 1594 Pompeium,
682 1542 760 1580 Cn.
783 1541 929 1587 filium,
952 1556 1023 1595 pro
1042 1544 1162 1596 patris
1184 1545 1460 1597 majorumque
1480 1545 1639 1584 suorum
1659 1546 1747 1584 ani-

354 1613 383 1630 “
406 1620 472 1645 mo
492 1606 698 1659 studioque
725 1607 766 1644 in
788 1608 1091 1660 rempublicam,
1123 1610 1266 1662 suaque
1297 1610 1459 1663 pristina
1489 1611 1648 1658 virtute,
1680 1613 1745 1650 in-

354 1679 383 1696 “
405 1672 562 1718 dustria,
580 1673 797 1718 voluntate,
818 1672 962 1720 feciffe,
981 1675 1087 1727 quod
1105 1675 1226 1722 suam,
1243 1690 1474 1730 eorumque,
1492 1691 1592 1730 quos
1613 1679 1748 1718 secum

353 1745 382 1762 “
403 1738 578 1784 haberet,
601 1752 758 1792 operam
779 1739 927 1778 senatui
948 1741 1177 1794 populoque
1198 1743 1381 1781 Romano
1400 1743 1606 1795 pollicitus
1627 1744 1742 1790 effet;

353 1812 381 1829 “
403 1819 565 1858 eamque
593 1819 676 1843 rem
703 1805 851 1844 senatui
876 1807 1107 1860 populoque
1133 1809 1317 1847 Romano
1342 1818 1492 1861 gratam
1520 1820 1743 1863 acceptam-

351 1878 380 1895 “
401 1885 478 1925 que
498 1871 584 1917 effe,
615 1872 731 1924 eique
751 1871 894 1911 honori
915 1873 1178 1927 dignitatique
1198 1889 1283 1913 eam
1305 1889 1388 1914 rem
1409 1874 1535 1915 fore.”
1566 1878 1660 1915 Hoc
1683 1878 1744 1915 vel

349 1939 540 1991 conjungi
572 1952 665 1976 cum
685 1938 762 1977 hoc
795 1940 1154 1980 senatus-consulto
1185 1942 1304 1988 licet;
1337 1942 1397 1981 vel
1425 1942 1576 1996 sejungi
1602 1943 1743 1996 potest,

348 2003 632 2056 separatimque
654 2004 856 2057 perscribi,
889 2016 932 2045 ut
959 2009 1119 2061 proprio
1147 2007 1506 2049 senatus-consulto
1527 2009 1740 2064 Pompeius

350 2069 593 2110 collaudatus
615 2070 687 2110 esse
707 2071 898 2111 videatur.

1188 2467 1238 2506 M
1268 2481 1308 2505 m
1339 2482 1378 2507 m
1412 2482 1432 2507 2
