2076 2860
490 256 559 295 188
866 254 1326 299 ORATIO,
1407 253 1485 291 &c.

540 350 760 401 Nunquam
789 360 861 399 ego
893 346 1122 399 sanguinem
1153 346 1324 399 expetivi
1357 354 1500 392 tuum3
1533 357 1738 397 nunquam
1771 344 1874 383 illud

485 425 721 459 extremum,
743 413 849 465 quod
870 413 991 465 poffet
1010 413 1082 451 effe
1103 413 1294 465 improbis
1315 421 1354 450 et
1373 412 1508 465 probis
1528 425 1756 456 commune,
1778 411 1871 464 sup-

486 482 653 534 plicium
670 480 766 531 legis
783 492 825 517 ac
837 478 1003 531 judicii:
1027 478 1090 516 sed
1109 479 1321 531 abjee'tum‚
1343 486 1633 531 contemptum,
1651 477 1874 530 despee‘tum

488 561 508 584 a
527 546 689 589 caeteris,
721 558 740 581 a
770 553 806 582 te
827 544 910 596 ipso
931 543 1175 596 desperatum
1195 553 1234 581 et
1254 544 1450 589 relictum,
1481 543 1875 596 circumspeetantem
1914 544 1917 546 ’

487 611 634 656 onmia,
665 609 860 662 quidquid
881 609 1129 662 increpuisset
1149 609 1504 661 pertimescentem,
1530 608 1776 647 diffidentem
1797 607 1874 645 tuis

490 677 620 722 rebus,
651 676 729 714 fine
749 689 858 720 voce,
890 676 966 713 fine
987 674 1181 720 libertate,
1213 675 1291 712 fine
1317 676 1558 720 auetoritate,
1590 675 1668 713 fine
1689 674 1770 712 ulla
1789 673 1875 726 spe-

491 744 550 781 cie
582 742 788 786 consulari,
825 741 1066 786 horrentem,
1096 750 1345 786 trementem,
1376 740 1601 779 adulantem
1630 754 1784 785 omnes,
1814 739 1876 777 vi-

492 808 580 846 dere
602 817 638 846 te
658 808 781 847 volui.
815 807 923 845 Vidi.
957 809 1101 859 Qare,
1134 807 1158 844 s1
1185 806 1260 845 tibi
1288 806 1473 852 evenerit,
1504 805 1611 858 quod
1638 806 1798 850 metuis,
1828 818 1878 843 ne

493 873 669 918 accidat5
702 871 886 924 equidem
908 886 985 910 non
1007 871 1166 909 moleste
1187 870 1323 910 feram.
1357 872 1424 909 Sin
1445 871 1486 909 id
1506 871 1652 909 tardius
1672 869 1775 909 forte
1795 869 1876 916 fiet,

495 938 600 976 fruar
629 947 758 976 tamen
789 946 855 975 tua
884 938 1117 989 indignitate
1133 955 1146 982 ;
1178 950 1248 975 nec
1278 937 1409 975 minus
1439 937 1608 975 libenter
1636 944 1880 975 metuentem

495 1003 651 1049 videbo,
683 1017 730 1041 ne
751 1016 836 1041 reus
858 1002 939 1048 fias,
971 1016 1089 1054 quam
1110 1015 1218 1040 reum
1238 1017 1246 1040 :
1280 1015 1350 1040 nec
1371 1002 1503 1040 minus
1524 1001 1697 1046 laetabor,
1729 1014 1822 1039 cum
1843 1009 1883 1040 te

497 1068 647 1122 semper
668 1069 881 1113 sordidum,
913 1083 1031 1121 quam
1053 1068 1077 1106 fi
1100 1068 1292 1121 paulisper
1312 1067 1564 1112 sordidatum,
1595 1067 1783 1106 viderem.
