2076 2860
435 160 512 210 448
791 159 865 196 IN
927 157 990 195 M.
1053 155 1478 194 ANTONIUM

433 260 636 313 quondam
671 259 931 302 colonorum,
966 257 1161 302 Sueffam,
1194 256 1495 296 fortifiimorum
1530 256 1709 295 militum
1744 256 1830 295 san-

433 326 553 377 guine
575 325 783 377 implevit:
818 323 1042 367 Brundufii,
1075 324 1115 360 in
1137 323 1221 360 iinu
1242 336 1321 360 non
1352 322 1472 361 modo
1499 322 1736 368 avariffimae,
1768 322 1831 360 sed

434 393 553 429 ctiam
575 390 860 435 crudelfflimae,
893 390 1042 434 uxoris,
1066 388 1234 427 delectos
1258 389 1414 427 Martiae
1435 388 1602 441 legionis
1625 388 1830 427 centurio-

432 470 499 495 nes
522 456 748 494 trucidavit.
793 455 891 494 Inde
911 455 947 493 se
968 469 1048 508 quo
1069 454 1215 500 furore,
1247 470 1328 508 quo
1355 455 1504 500 ardore,
1535 454 1582 492 ad
1603 454 1757 499 urbem,
1790 454 1831 493 id

431 522 498 568 est,
530 522 576 560 ad
608 522 755 560 caedem
788 523 934 574 optimi
966 521 1171 573 cujusque,
1203 521 1409 573 rapiebat?
1442 523 1536 572 Qo
1561 530 1738 573 tempore
1759 521 1831 559 Dii

431 588 675 627 immortales
697 588 767 642 ipsi
789 588 1012 642 praefidium
1034 587 1308 640 improvisum,
1329 601 1400 625 nec
1421 588 1676 640 opinantibus
1698 588 1829 633 nobis,

429 655 677 694 obtulerunt.

487 723 563 761 IX.
589 722 748 760 Caesaris
769 722 877 760 enim
899 720 1144 759 incredibilis
1161 734 1204 758 ac
1222 720 1354 758 divina
1374 720 1497 758 virtus
1515 720 1678 758 latronis
1700 720 1830 772 impe-

431 797 494 826 tus
515 788 691 826 crudeles
713 802 756 825 ac
777 787 1014 826 furibundos
1037 786 1244 825 retardavit
1263 802 1271 825 ε
1305 800 1425 838 quem
1455 795 1541 824 tum
1570 786 1637 824 ille
1669 785 1830 824 demens

430 853 567 892 laedere
589 854 625 891 se
645 854 808 906 putabat
828 854 981 899 edictis,
1014 854 1213 905 ignorans,
1243 865 1490 905 quaecunque
1510 851 1606 889 falso
1628 851 1659 889 is
1682 851 1829 889 diceret

430 920 470 956 in
493 920 773 958 sanffiffimum
794 920 1096 964 adolescentem,
1129 933 1171 957 ea
1202 933 1289 957 vere
1322 918 1492 956 recidere
1525 918 1565 955 in
1595 918 1829 956 memoriam

429 987 607 1038 pueritiae
632 987 721 1025 suae.
770 987 964 1039 Ingreffus
998 986 1138 1024 urbem
1170 986 1237 1031 est,
1270 999 1350 1038 quo
1371 985 1580 1029 comitatu,
1613 985 1674 1022 vel
1695 985 1828 1037 potius

429 1054 618 1104 agmine?
651 1067 745 1091 cum
765 1053 915 1098 dextra,
948 1052 1108 1097 sinistra,
1141 1061 1324 1104 gemente
1345 1051 1495 1103 populo
1516 1052 1715 1095 Romano,
1747 1050 1827 1088 mi—

428 1128 584 1158 naretur
617 1119 808 1163 dominis,
840 1127 992 1156 notaret
1024 1118 1179 1161 domos,
1211 1116 1429 1154 divisurum
1457 1116 1493 1154 se
1528 1116 1667 1154 urbem
1697 1116 1829 1169 palam

428 1184 504 1222 suis
536 1185 806 1237 polliceretur.
851 1183 989 1221 Rediit
1020 1183 1067 1220 ad
1088 1182 1264 1227 milites;
1298 1182 1356 1220 ibi
1383 1181 1563 1234 pestifera
1582 1182 1651 1219 illa
1671 1182 1828 1220 Tibure

428 1251 583 1289 concio.
617 1250 714 1288 Inde
735 1250 782 1288 ad
804 1250 944 1287 urbem
965 1249 1098 1286 cursus
1119 1264 1127 1286 :
1152 1248 1304 1286 senatus
1327 1249 1367 1285 in
1391 1248 1665 1300 Capitolium:
1698 1258 1829 1300 parata

428 1316 475 1353 de
496 1316 858 1355 circumscribendo
873 1314 1122 1352 adolescente
1147 1314 1338 1352 sententia
1367 1313 1608 1351 consularis:
1641 1327 1735 1352 cum
1765 1328 1827 1352 re-

425 1391 543 1435 pente
581 1384 691 1435 (nam
725 1381 916 1420 Martiam
946 1380 1146 1432 legionem
1180 1380 1295 1418 Albae
1325 1379 1535 1418 consedisse
1566 1379 1729 1432 sciebat)
1762 1379 1824 1419 af-

427 1447 553 1487 fertur
572 1449 608 1487 ei
629 1448 676 1487 de
705 1457 843 1501 quarta
863 1447 1027 1486 nuntius
1047 1462 1056 1485 :
1090 1460 1170 1500 quo
1199 1446 1416 1500 perculsus,
1447 1446 1592 1499 abjecit
1612 1447 1823 1486 confilium

426 1513 620 1553 referendi
652 1514 698 1552 ad
731 1514 909 1553 senatum
939 1513 986 1551 de
1020 1513 1180 1551 Caesare.
1226 1512 1407 1565 Egreffus
1443 1512 1497 1550 est
1532 1526 1611 1550 non
1641 1512 1730 1558 viis,
1762 1513 1828 1551 sed

425 1581 668 1626 tramitibus,
700 1581 936 1634 paludatus:
969 1593 1094 1633 eoque
1121 1579 1184 1617 die
1212 1579 1296 1632 ipso
1323 1578 1629 1617 innumerabilia
1649 1578 1825 1617 senatus-

425 1646 605 1685 consulta
623 1645 721 1686 fecit
740 1662 749 1686 ι
781 1661 869 1700 quae
897 1646 1061 1700 quidem
1082 1645 1217 1684 omnia
1237 1645 1356 1683 citius
1378 1644 1516 1690 delata,
1550 1658 1671 1697 quam
1699 1644 1824 1698 scrip-

426 1721 465 1751 ta
484 1713 589 1752 sunt.

482 1779 545 1816 Ex
566 1793 612 1816 eo
633 1793 713 1817 non
734 1779 821 1825 iter,
841 1779 904 1817 sed
925 1779 1059 1818 cursus
1081 1789 1119 1818 et
1139 1778 1247 1832 fuga,
1266 1779 1307 1816 in
1331 1778 1521 1817 Galliam.
1553 1778 1744 1817 Caesarem
1764 1777 1824 1816 se-

424 1845 777 1897 qui-arbitrabatur
804 1860 898 1884 cum
927 1847 1083 1898 legione
1108 1847 1269 1891 Martia,
1302 1860 1395 1883 cum
1416 1855 1567 1898 quarta,
1599 1860 1693 1884 cum
1714 1855 1823 1884 vete-

425 1911 556 1957 ranis;
590 1925 762 1963 quorum
783 1912 852 1949 ille
874 1926 1019 1953 nomen
1040 1926 1117 1965 prae
1139 1920 1250 1950 metu
1274 1910 1374 1948 ferre
1396 1925 1473 1950 non
1498 1920 1649 1963 poterat
1668 1926 1676 1949 ε
1709 1912 1825 1963 eique

423 1977 465 2014 in
489 1977 665 2015 Galliam
685 1978 906 2030 penetranti
928 1978 983 2016 D.
1008 1977 1043 2016 se
1065 1979 1209 2015 Brutus
1231 1977 1402 2028 objecit3
1436 1977 1505 2029 qui
1527 1976 1563 2014 se
1585 1977 1705 2014 totius
1729 1976 1824 2014 belli

424 2041 609 2080 fluetibus
630 2043 849 2088 circumiri,
882 2057 1002 2096 quam
1022 2043 1140 2081 illum
1161 2051 1227 2080 aut
1248 2041 1398 2094 regredi
1419 2051 1485 2079 aut
1506 2041 1704 2094 progredi,
1737 2055 1823 2079 ma-

424 2108 523 2154 luit3
548 2109 833 2162 Mutinamque
854 2110 916 2147 illi
936 2109 1128 2148 exultanti
1149 2118 1336 2161 tanquam
1352 2107 1484 2146 frenos
1506 2107 1649 2145 furoris
1668 2108 1820 2160 injecit.

425 2175 558 2226 Qam
580 2188 673 2212 cum
695 2175 879 2227 operibus
909 2175 1281 2226 munitionibusque
1310 2174 1488 2228 sepfiffet‚
1522 2188 1593 2212 nec
1624 2188 1716 2212 eum
1747 2174 1820 2212 flo-

424 2239 646 2279 rentiffimae
668 2241 833 2279 coloniae
853 2240 1039 2294 dignitas,
1072 2255 1198 2293 neque
1218 2240 1390 2279 consulis
1421 2240 1609 2292 defignati
1630 2240 1820 2293 majestas,

424 2319 445 2342 a
475 2306 687 2359 parricidio
717 2306 955 2351 deterreret;
988 2316 1090 2352 tum,
1123 2321 1186 2345 me
1214 2307 1349 2359 (testor
1378 2315 1417 2344 et
1443 2320 1526 2351 vos,
1559 2315 1597 2344 et
1624 2306 1820 2359 populum

426 2372 671 2417 Romanum,
702 2381 741 2410 et
762 2386 898 2411 omnes
928 2373 1051 2418 Deos,
1083 2372 1153 2425 qui
1183 2371 1279 2410 huic
1313 2373 1401 2411 urbi
1435 2371 1656 2425 praefident)
1692 2371 1819 2410 invito

424 2446 463 2476 et
485 2448 742 2490 repugnante,
765 2439 884 2491 legati
905 2438 1006 2477 miffi
1028 2447 1104 2477 tres
1125 2436 1345 2478 consulares
1367 2438 1414 2477 ad
1434 2438 1627 2478 latronem
1650 2437 1712 2476 M.
1730 2437 1816 2474 An-

424 2504 595 2551 tonium,
627 2504 892 2558 gladiatorum
914 2504 1072 2544 ducem.
