2076 2860
339 198 411 236 ΜΞ
657 194 760 232 DE
832 187 1414 228 PROVINCIIS

335 295 407 332 csse
430 293 544 332 nobis
566 305 684 330 vacua
704 291 751 328 ab
773 289 884 327 omni
905 288 1099 342 periculo,
1131 296 1248 340 atque
1269 286 1389 325 etiam
1409 285 1456 324 ab
1478 284 1590 324 omni
1611 284 1736 338 suspi-

334 362 449 399 cione
471 360 565 398 belli
583 361 594 397 ?
614 357 774 410 jamdiu
795 370 901 394 mare
921 355 1102 394 videmus
1124 354 1226 393 illud
1246 353 1502 399 immensum,
1520 354 1634 406 cujus
1655 352 1737 391 fer-

334 441 425 465 vore
447 441 526 465 non
548 426 676 464 solum
696 424 887 462 maritimi
909 422 1058 467 cursus,
1077 421 1140 460 sed
1158 421 1272 459 urbes
1294 421 1414 459 etiam
1434 430 1472 459 et
1492 421 1563 459 viae
1583 420 1736 458 milita-

336 509 408 539 res,
436 496 519 547 jam
545 492 793 535 tenebantur,
825 490 972 527 virtute
993 490 1071 528 Cn.
1097 489 1279 541 Pompeii
1301 488 1351 526 fic
1372 502 1392 526 a
1413 488 1563 541 populo
1584 489 1737 527 Roma--

335 575 412 605 n0,
444 559 491 597 ab
524 560 684 596 Oceano
714 556 836 610 usque
865 555 912 593 ad
943 555 1135 593 ultimum
1166 556 1367 600 Pontum,
1401 564 1590 608 tanquam
1611 568 1738 593 unum

334 626 507 678 aliquem
528 633 705 677 portum,
738 631 872 660 tutum
893 629 931 658 et
959 620 1137 658 clausum
1159 620 1311 666 teneri3
1344 621 1521 659 nationes
1543 633 1619 666 eas,
1651 634 1739 673 quae

335 705 500 729 numero
521 689 750 734 hominum,
781 702 824 725 ac
845 686 1106 726 multitudine
1127 686 1221 739 ipsa,
1253 695 1434 739 poterant
1454 687 1494 725 in
1517 687 1738 740 provincias

336 757 480 795 nostras
502 755 732 800 redundare,
765 755 819 792 ita
839 753 887 791 ab
908 753 1048 791 eodem
1068 752 1140 790 effe
1162 753 1306 805 partim
1328 752 1480 798 recisas,
1510 753 1655 805 partim
1675 767 1738 791 re-

336 824 490 877 preffas,
513 832 556 861 ut
579 823 681 868 Afia,
705 835 791 875 quae
811 820 1026 873 imperium
1041 828 1153 857 antea
1168 818 1346 857 nostrum
1362 819 1614 872 terminabat,
1632 833 1739 858 nunc

338 891 464 928 tribus
487 889 597 927 novis
619 887 834 941 provinciis
856 886 937 940 ipsa
957 886 1153 938 cingatur.
1183 885 1341 923 Poffum
1363 885 1410 924 de
1431 886 1543 924 omni
1564 886 1740 939 regione,

337 957 384 994 de
405 956 515 994 omni
537 955 711 993 hostium
732 967 888 1006 genere,
920 952 1076 991 dicere:
1111 951 1221 990 nulla
1241 965 1336 1004 gens
1357 951 1426 997 est,
1458 967 1545 1005 quae
1567 966 1646 991 non
1674 962 1741 991 aut

339 1022 392 1059 ita
422 1021 576 1059 subacta
596 1019 656 1065 fit,
690 1028 733 1057 ut
754 1019 820 1057 vix
842 1026 977 1063 extet;
1010 1026 1077 1055 aut
1102 1017 1156 1055 ita
1176 1016 1341 1062 domita,
1374 1026 1418 1055 ut
1439 1017 1640 1070 quiescat;
1675 1028 1740 1057 aut

339 1089 391 1125 ita
412 1096 558 1139 pacata,
592 1095 636 1123 ut
656 1085 817 1124 victoria
838 1084 966 1122 nostra
986 1083 1234 1137 imperioque
1254 1084 1422 1122 laetetur.

394 1155 512 1192 XIII.
546 1153 704 1191 Bellum
727 1151 948 1196 Gallicum,
972 1151 1103 1189 Patres
1125 1150 1354 1204 conscripti,
1379 1152 1428 1190 C.
1447 1150 1594 1189 Caesare
1610 1151 1740 1204 impe-

338 1229 462 1258 ratore
483 1219 635 1272 gestum
655 1219 709 1256 est
726 1237 736 1264 3
770 1227 881 1256 antea
902 1217 1181 1256 tantummodo
1209 1217 1410 1270 repulsum
1429 1232 1437 1256 :
1471 1218 1623 1271 semper
1652 1219 1740 1257 illas

338 1287 516 1325 nationes
538 1286 658 1324 nostri
692 1286 945 1338 imperatores
968 1283 1190 1323 refutandas
1212 1285 1346 1337 potius
1368 1284 1501 1329 bello,
1532 1298 1654 1338 quam
1680 1286 1739 1323 la·-

338 1353 546 1398 cefi‘endas,
578 1361 829 1406 putaverunt.
864 1351 949 1404 Ipse
971 1351 1038 1389 ille
1061 1352 1110 1389 C.
1135 1351 1304 1396 Marius,
1334 1352 1448 1403 cujus
1470 1351 1603 1390 divina
1623 1360 1742 1406 atque

337 1420 483 1458 eximia
499 1420 622 1457 virtus
637 1419 789 1472 magnis
807 1418 947 1471 populi
964 1418 1137 1456 Romani
1153 1417 1327 1456 luctibus
1339 1416 1630 1472 'funeribusque
1646 1419 1740 1458 sub-

337 1487 459 1532 venit,
482 1486 691 1524 infiuentes
713 1485 754 1523 in
778 1485 932 1523 Italiam
955 1484 1167 1523 Gallorum
1188 1484 1380 1523 maximas
1397 1485 1529 1538 copias
1551 1485 1739 1539 repreffit,

339 1567 418 1591 non
439 1553 519 1606 ipse
539 1553 586 1590 ad
607 1566 744 1590 eorum
766 1551 881 1590 urbes
903 1551 1086 1605 sedesque
1106 1552 1339 1604 penetravit.
1373 1552 1502 1590 Modo
1530 1552 1601 1590 ille
1627 1566 1738 1591 meo-

337 1633 425 1657 rum
449 1619 644 1663 laborum,
667 1618 951 1671 periculorum,
984 1617 1240 1656 consiliorum
1261 1617 1404 1663 socius,
1437 1619 1486 1657 C.
1512 1619 1739 1664 Pontium,

338 1684 569 1723 fortiffimus
591 1685 664 1729 vir,
696 1693 830 1722 ortum
855 1692 1014 1736 repente
1036 1683 1189 1721 bellum
1210 1683 1496 1736 Allobrogum,
1528 1693 1646 1738 atque
1666 1684 1740 1724 hae

338 1752 520 1789 scelerata
550 1750 822 1802 conjuratione
853 1749 1098 1794 excitatum,
1131 1749 1275 1801 praeliis
1311 1749 1457 1803 fregit,
1489 1751 1631 1804 eosque
1665 1751 1738 1790 do-

339 1818 468 1862 muit,
502 1817 571 1868 qui
603 1815 869 1859 laceffierant;
913 1824 952 1852 et
985 1829 1029 1852 ea
1062 1814 1225 1852 victoria
1255 1824 1494 1860 contentus,
1537 1817 1741 1869 republica

339 1892 449 1921 metu
482 1882 669 1925 liberata,
704 1881 869 1933 quievit.
909 1881 958 1918 C.
993 1879 1152 1918 Caesaris
1182 1879 1299 1932 longe
1330 1880 1448 1919 aliam
1480 1881 1595 1919 video
1626 1882 1740 1921 fuiffe

340 1951 559 1987 rationem:
595 1961 673 1985 non
705 1948 814 1984 enim
848 1946 918 1984 fibi
950 1941 1079 1984 sol‘um
1111 1959 1205 1984 cum
1237 1946 1300 1992 iis,
1331 1961 1432 2000 quos
1456 1948 1541 2000 jam
1571 1959 1739 1988 armatos

340 2024 476 2053 contra
495 2014 692 2067 populum
714 2013 944 2050 Romanum
964 2011 1136 2057 videbat,
1169 2012 1400 2051 bellandum
1420 2013 1493 2052 effe
1514 2014 1644 2060 duxit,
1676 2015 1741 2053 sed

341 2091 466 2119 totam
497 2081 672 2118 Galliam
702 2080 742 2116 in
774 2079 943 2117 nostram
972 2078 1167 2117 ditionem
1196 2078 1269 2117 esse
1300 2079 1568 2132 redigendam.
1601 2082 1741 2134 Itaque

340 2161 434 2186 cum
455 2147 653 2185 acerrimis
676 2145 918 2190 nationibus,
941 2154 980 2183 et
1000 2145 1185 2184 maximis
1212 2147 1504 2185 Germanorum
1526 2156 1564 2185 et
1585 2148 1738 2186 Helve-

339 2216 489 2253 tiorum
507 2214 666 2266 praeliis,
682 2212 900 2251 feliciffime
917 2212 1150 2251 decertavit:
1175 2222 1327 2252 caeteras
1345 2216 1548 2261 contrivit,
1567 2215 1738 2262 domuit,

340 2281 552 2334 compulit,
585 2280 752 2333 imperio
773 2279 913 2333 po'puli
943 2280 1116 2317 Romani
1145 2294 1277 2333 parere
1304 2281 1525 2328 assuefecit5
1558 2292 1610 2329 et,
1644 2297 1738 2336 quas

340 2349 518 2401 regiones
533 2347 704 2400 quasque
717 2356 852 2399 gentes
867 2345 985 2384 nullae
1000 2345 1114 2384 nobis
1129 2356 1240 2385 antea
1253 2347 1388 2393 literae,
1402 2349 1511 2386 nulla
1524 2363 1615 2395 vox,
1631 2350 1741 2388 nulla

340 2415 457 2458 fama,
480 2423 591 2453 notas
613 2412 773 2459 fecerat,
803 2412 872 2451 has
895 2412 1021 2450 noster
1041 2413 1268 2466 imperator,
1302 2414 1506 2468 nosterque
1526 2416 1738 2461 exercitus,

339 2492 379 2519 et
400 2481 540 2535 populi
562 2481 735 2519 Romani
756 2494 874 2526 arma,
897 2490 1165 2533 peragrarunt.
1210 2482 1398 2520 Semitam
1421 2491 1576 2522 tantum
1598 2482 1740 2522 Galliae
