2076 2860
639 167 1214 219 PHILIPPICA
1289 164 1345 202 ΙΙ.
1611 169 1688 209 293

298 289 413 343 Qid
432 286 550 326 habes
567 313 578 328 ,
610 280 716 335 quod
738 277 840 316 mihi
860 285 1034 327 opponas
1051 300 1061 315 ,
1092 268 1214 307 homo
1236 263 1374 302 diserte
1388 291 1399 307 ,
1432 269 1475 299 ut
1496 256 1693 297 Mustellae

301 355 478 397 Tarnifio
497 360 536 389 et
561 347 705 387 Tironi
732 341 918 383 Numisio
945 336 1119 377 videris?
1152 333 1221 385 qui
1252 344 1345 369 cum
1369 328 1446 366 hoc
1476 325 1559 379 ipso
1590 333 1694 361 tem-

304 434 398 476 pore
425 419 524 456 stent
556 427 650 452 cum
682 410 821 464 gladiis
855 408 895 444 in
928 402 1137 455 conspectu
1166 399 1332 440 senatus,
1364 406 1436 446 ego
1468 402 1626 444 quoque
1659 397 1696 424 te

305 487 495 526 disertum
515 480 662 534 putabo
678 507 688 523 ,
721 477 746 514 fi
779 472 988 513 ostenderis
1004 499 1015 514 ,
1047 463 1249 520 quomodo
1271 463 1315 500 sis
1337 473 1401 498 eos
1422 460 1525 496 inter
1546 454 1697 493 ficarios

305 551 550 591 defensurus.
594 544 666 583 Sed
687 541 783 594 quid
804 550 977 592 opponas
1000 532 1173 575 tandem,
1206 530 1231 567 fi
1253 540 1408 579 negem,
1441 537 1503 562 me
1526 532 1701 572 unquam

309 619 396 656 istas
417 617 547 654 literas
568 611 615 650 ad
643 620 679 648 te
700 606 869 647 mififfe?
901 616 980 655 quo
1007 613 1070 638 me
1098 596 1190 636 teste
1217 591 1459 632 convinces?
1492 602 1538 625 an
1567 585 1702 624 chiro-

309 682 461 737 grapho
479 682 492 718 ?
516 681 557 717 in
578 690 657 730 quo
678 674 796 713 habes
818 669 1020 709 scientiam
1041 660 1310 718 quaestuosam.
1344 656 1426 708 Qi
1448 654 1561 707 possis
1579 654 1591 690 ἓ
1616 651 1705 689 sunt

313 751 421 790 enim
451 745 601 786 librarii
634 754 767 781 manu.
809 739 898 789 Jam
926 733 1083 772 invideo
1110 726 1294 780 magistro
1322 733 1405 767 tuO,
1438 720 1508 773 qui
1535 728 1573 757 te
1600 726 1707 756 tanta

314 814 507 858 mercede,
539 817 726 863 quantam
741 807 826 858 jam
846 800 1058 855 proferam,
1090 794 1192 834 nihil
1214 793 1340 844 sapere
1359 787 1512 826 docuit.

373 880 484 933 Qid
504 878 612 917 enim
632 874 685 913 est
706 873 853 914 minus,
876 881 955 906 non
977 865 1066 903 dico
1086 859 1265 903 oratoris,
1288 856 1351 895 sed
1371 853 1563 896 hominis,
1590 862 1710 903 quam

318 948 360 987 id
399 946 570 998 objicere
610 938 848 980 adversario,
880 931 988 986 quod
1028 929 1097 968 ille
1130 928 1157 966 fi
1188 924 1308 963 verbo
1340 920 1516 973 negarit,
1552 916 1711 967 longius

317 1010 503 1067 progredi
530 1021 609 1046 non
637 1004 750 1058 poffit
768 1032 779 1048 ‚
810 1001 879 1054 qui
911 995 1131 1050 objecerit?
1164 993 1220 1030 At
1240 1003 1313 1042 ego
1334 1000 1411 1026 non
1435 997 1563 1036 nego:
1596 991 1713 1032 teque

284 1129 288 1133 ῃ
321 1080 363 1118 in
397 1077 469 1116 isto
502 1074 585 1127 ipso
619 1070 814 1110 convinco
849 1078 928 1103 non
964 1057 1266 1100 inhumanitatis
1302 1053 1429 1092 solum
1444 1080 1454 1096 ,
1498 1048 1561 1087 sed
1595 1047 1716 1084 etiam

320 1142 516 1184 amentiae.
549 1137 671 1191 Qod
702 1135 808 1174 enim
840 1130 1007 1170 verbum
1038 1127 1079 1164 in
1108 1123 1188 1162 istis
1215 1120 1339 1160 literis
1368 1117 1421 1155 est
1446 1129 1523 1154 non
1552 1113 1717 1166 plenum

322 1207 599 1250 humanitatis,
616 1202 758 1246 officii,
780 1192 1090 1237 benevolentiae?
1125 1191 1258 1228 Omne
1278 1195 1409 1224 autem
1430 1182 1581 1220 crimen
1603 1188 1720 1216 tuum

327 1276 383 1315 est
396 1305 407 1321 ,
438 1272 545 1327 quod
565 1270 612 1308 de
633 1278 669 1307 te
691 1269 731 1305 in
752 1264 814 1304 his
834 1262 959 1302 literis
980 1272 1060 1299 non
1081 1255 1183 1295 male
1203 1252 1424 1292 existimem
1442 1268 1453 1294 3
1486 1244 1594 1299 quod
1624 1243 1719 1282 scri-

329 1343 423 1381 bam
444 1350 631 1391 tanquam
651 1334 698 1372 ad
718 1332 867 1374 civem,
899 1337 1086 1378 tanquam
1106 1321 1154 1360 ad
1174 1321 1327 1358 bonum
1347 1317 1499 1359 virum,
1532 1325 1611 1351 non
1633 1319 1721 1347 tan-

329 1421 451 1463 quam
471 1405 518 1444 ad
538 1403 782 1444 sceleratum,
804 1405 843 1435 et
863 1396 1071 1433 latronem.
1103 1389 1159 1426 At
1178 1399 1251 1438 ego
1273 1393 1356 1422 tuas
1377 1381 1523 1424 literas,
1551 1377 1620 1415 etsi
1635 1377 1724 1428 jure

332 1484 510 1529 poteram
541 1484 563 1508 a
593 1478 631 1507 te
662 1465 869 1507 laceffitus‚
901 1470 1031 1498 tamen
1064 1468 1143 1493 non
1176 1450 1370 1505 proferam
1390 1477 1399 1492 ,
1433 1445 1578 1498 quibus
1607 1442 1723 1494 petis,

332 1551 381 1580 ut
403 1539 477 1578 tibi
497 1550 565 1590 per
586 1547 649 1573 me
668 1533 784 1570 liceat
805 1525 1002 1581 quendam
1023 1522 1070 1559 de
1090 1519 1210 1558 exilio
1232 1515 1442 1557 reducere;
1475 1507 1724 1562 adjurasque,

338 1607 379 1646 id
411 1615 462 1650 te,
494 1603 619 1642 invito
650 1612 728 1643 me,
761 1608 839 1634 non
871 1592 942 1630 effe
974 1589 1197 1628 fatiturum:
1230 1581 1348 1633 idque
1379 1592 1400 1616 a
1431 1590 1494 1616 me
1526 1576 1726 1626 impetras.

340 1671 451 1725 Qid
471 1669 579 1707 enim
598 1679 662 1704 me
682 1665 972 1714 interponerem
994 1653 1160 1693 audaciae
1183 1659 1282 1692 tuae5
1306 1658 1425 1698 quam
1448 1654 1574 1693 neque
1595 1639 1729 1677 aucto-

343 1740 434 1777 ritas
455 1736 573 1787 hujus
595 1730 743 1769 ordinis
759 1757 770 1773 ,
803 1737 929 1777 neque
955 1717 1191 1760 existimatio
1213 1712 1352 1766 populi
1373 1707 1572 1750 Romani,
1605 1716 1732 1755 neque

342 1804 447 1855 leges
468 1800 572 1843 ullae,
595 1794 744 1849 possent
764 1788 968 1830 coercere?
1001 1785 1284 1822 Verumtamen
1306 1774 1403 1829 quid
1423 1782 1518 1816 erat,
1541 1768 1648 1822 quod
1670 1781 1733 1805 me

345 1880 525 1921 rogares,
557 1864 582 1901 fi
611 1870 689 1899 erat
720 1860 776 1904 is,
809 1857 855 1894 de
886 1867 965 1906 quo
995 1849 1182 1902 rogabas,
1215 1842 1373 1882 Caesaris
1404 1840 1489 1891 lege
1520 1834 1731 1874 reductus?

346 1934 422 1974 Sed
442 1931 625 1971 videlicet
645 1939 773 1965 meam
794 1922 957 1975 gratiam
979 1916 1106 1956 voluit
1126 1913 1198 1952 esse
1217 1927 1226 1949 ι
1260 1911 1300 1947 in
1322 1920 1401 1961 quo
1430 1918 1477 1943 ne
1504 1902 1621 1956 ipsius
1644 1899 1735 1952 qui·

349 2002 439 2040 dem
460 1999 540 2038 ulla
561 2002 710 2049 poterat
730 1990 816 2034 effe,
847 1988 933 2039 lege
953 1986 1043 2023 lata.

407 2067 459 2104 V.
493 2062 580 2107 Sed,
611 2072 705 2098 cum
726 2055 842 2099 mihi,
875 2054 1005 2091 Patres
1026 2044 1253 2097 conscripti,
1280 2051 1318 2080 et
1341 2054 1410 2094 pro
1431 2051 1494 2076 me
1514 2033 1679 2088 aliquid,
1702 2041 1740 2069 et

354 2134 396 2171 in
423 2131 487 2170 M.
511 2126 736 2167 Antonium
764 2119 890 2159 multa
919 2115 1082 2154 dicenda
1111 2113 1212 2156 fint;
1245 2109 1411 2146 alterum
1443 2112 1534 2157 peto
1563 2115 1584 2139 a
1612 2099 1739 2142 vobis,

358 2206 401 2235 ut
421 2208 484 2233 me
505 2206 574 2246 pro
595 2203 658 2228 me
688 2188 899 2228 dicentem,
932 2182 1129 2232 benigne;
1161 2176 1328 2214 alterum
1358 2170 1438 2224 ipse
1466 2168 1650 2209 efficiam,
1682 2173 1740 2207 ut,

358 2270 494 2300 contra
515 2258 630 2295 illum
652 2266 744 2292 cum
765 2251 908 2294 dicam,
939 2255 1087 2286 attente
1106 2241 1285 2281 audiatis.
1320 2236 1446 2276 Simul
1467 2232 1568 2272 illud
1588 2243 1656 2268 oro
1674 2248 1684 2274 ;
1718 2228 1744 2264 si

360 2339 488 2366 meam
509 2336 602 2361 cum
623 2322 663 2358 in
685 2318 794 2357 omni
815 2317 906 2360 vita,
940 2325 1026 2352 tum
1046 2312 1087 2349 in
1109 2306 1290 2350 dicendo,
1322 2300 1631 2342 moderationem
1657 2307 1743 2332 nio-

357 2393 599 2442 dessiamque
620 2384 828 2439 cognostiS,
847 2396 895 2420 ne
911 2394 973 2419 me
993 2377 1125 2421 hodie,
1143 2387 1236 2412 cum
1257 2371 1332 2415 isti,
1352 2377 1394 2407 ut
1411 2363 1649 2420 provocavit,
1669 2358 1744 2397 res-

362 2457 552 2514 pondero,
575 2453 747 2493 oblitum
768 2448 839 2487 effe
860 2446 1005 2500 putetis
1027 2443 1119 2483 mei.
1147 2441 1244 2480 Non
1264 2434 1434 2476 tractabo
1456 2441 1499 2470 ut
1519 2426 1745 2471 consulem5
