2076 2860
697 129 1280 172 PHILIPPICA
1348 127 1382 167 Ι.
1668 139 1745 181 279

337 248 505 284 caverat,
537 251 617 276 non
638 236 685 275 ad
706 235 1045 274 conservationem
1071 247 1207 272 earum
1229 246 1376 278 rerum,
1409 244 1504 284 quas
1532 229 1746 276 habebant,

338 308 404 348 sed
423 306 471 345 ad
491 306 600 359 spem
620 317 812 342 novarum
833 301 1055 355 praedarum
1069 331 1081 346 ,
1112 300 1396 338 incitabantur.
1440 299 1541 350 Qae
1562 312 1656 336 cum
1678 311 1748 336 au-

339 376 424 414 dire
443 373 620 417 mallem,
639 385 762 425 quam
782 371 929 414 videre,
945 368 1214 421 haberemque
1230 368 1302 420 jus
1317 367 1528 419 legationis
1551 366 1747 411 liberum,

340 455 385 480 ea
404 449 538 479 mente
559 438 723 483 disceffi,
750 446 795 475 ut
815 435 981 475 adeffem
1001 435 1190 473 Kalendis
1213 433 1424 486 Januarii8‚
1457 431 1564 485 quod
1585 432 1750 470 initium

341 508 496 547 senatus
517 505 687 558 cogendi
706 503 791 543 fore
812 503 1033 542 videbatur.

397 575 476 613 ΙΙΙ.
499 572 694 626 Exposui,
713 572 844 614 Patres
862 569 1092 623 conscripti,
1109 566 1368 622 profestionis
1384 566 1618 604 confilium:
1643 580 1749 604 nunc

342 641 569 680 reversionis
586 670 596 685 ‚
630 653 716 692 quae
747 638 836 691 plus
866 636 1139 675 admirationis
1167 634 1313 679 habet,
1347 634 1518 671 breviter
1537 646 1749 685 exponam.

344 709 454 748 Cum
475 706 758 751 Brundufium,
782 706 935 758 iterque
957 703 1073 748 illud,
1105 701 1213 755 quod
1236 701 1377 738 tritum
1398 700 1439 738 in
1462 700 1662 738 Graeciam
1681 699 1749 744 est,

343 789 425 814 non
446 775 525 813 fine
545 774 657 813 causa
676 772 893 811 vitaviffem
908 801 918 817 ,
952 769 1142 809 Kalendis
1165 767 1382 806 Sextilibus
1403 768 1494 804 veni
1521 766 1723 818 Syracusas
1738 796 1749 812 ,

344 842 455 895 quod
469 842 517 879 ab
535 841 632 879 urbe
647 853 691 878 ea
706 838 939 877 transmiffio
956 839 997 876 in
1015 836 1214 876 Graeciam
1235 834 1483 873 laudabatur.
1503 835 1603 886 Qae
1621 843 1753 872 tamen

344 909 457 954 urbs,
478 907 582 947 mihi
602 906 933 961 conjundfiffima,
952 905 1042 958 plus
1064 917 1143 942 una
1162 916 1227 941 me
1248 903 1362 940 noste
1383 901 1547 954 cupiens
1569 901 1751 946 retinere,

339 990 425 1015 non
446 975 602 1029 potuit:
634 974 781 1012 veritus
805 973 905 1018 sum,
930 986 978 1010 ne
999 985 1110 1010 meus
1133 970 1362 1023 repentinus
1384 969 1431 1008 ad
1453 983 1561 1007 meos
1583 968 1753 1007 necessa-

343 1043 423 1081 rios
443 1042 634 1080 adventus
656 1041 889 1094 suspicionis
911 1038 1065 1092 aliquid
1085 1037 1254 1083 afferret,
1282 1037 1308 1075 fi
1329 1036 1446 1074 essem
1467 1044 1754 1074 commoratus.

346 1110 454 1148 Cum
474 1118 608 1147 autem
628 1122 692 1146 me
712 1122 760 1146 ex
783 1106 916 1145 Sicilia
936 1106 984 1144 ad
1005 1106 1295 1158 Leucopetram
1311 1133 1322 1149 ‚
1355 1102 1463 1156 quod
1488 1102 1541 1140 est
1560 1115 1754 1155 promon-

344 1177 497 1214 torium
517 1175 601 1227 agri
621 1174 822 1227 Rhegini,
854 1174 963 1211 venti
985 1171 1239 1216 detuliffent3
1272 1171 1320 1208 ab
1342 1184 1388 1208 eo
1409 1170 1499 1207 loco
1521 1168 1753 1214 conscendi,

342 1251 391 1281 ut
412 1241 748 1280 transmitterem:
782 1253 853 1277 nec
884 1240 938 1277 ita
968 1239 1147 1276 multum
1175 1238 1410 1291 proveffitus,
1442 1237 1607 1288 rejefitus
1629 1235 1756 1273 austro

347 1309 434 1348 sum
455 1309 497 1346 in
518 1322 610 1346 eum
632 1307 762 1361 ipsum
782 1307 933 1351 locum,
968 1305 1071 1344 unde
1092 1304 1410 1343 conscenderam.

406 1378 592 1428 Cumque
613 1374 846 1428 intempesta
867 1388 946 1412 nox
967 1374 1072 1418 effet,
1104 1371 1404 1424 manfifi'emque
1425 1372 1466 1409 in
1489 1371 1582 1408 villa
1603 1371 1648 1409 Ρ.
1674 1371 1754 1408 Va-

347 1443 460 1489 lerii,
492 1443 653 1481 comitis
681 1452 720 1480 et
750 1441 957 1480 familiaris
991 1440 1094 1485 mei,
1126 1438 1392 1492 postridieque
1424 1438 1527 1490 apud
1560 1437 1757 1482 eundem,

347 1519 516 1549 ventum
545 1511 779 1562 expeehns,
812 1521 1040 1551 manerem5
1074 1506 1299 1557 municipes
1331 1504 1509 1556 Rhegini
1530 1504 1756 1555 complures

349 1576 399 1614 ad
417 1589 482 1614 me
501 1584 708 1619 venerunt,
740 1588 788 1611 ex
809 1573 871 1611 his
894 1572 1057 1625 quidam
1079 1572 1210 1609 Roma
1230 1579 1428 1608 recentes:
1462 1584 1482 1607 a
1503 1569 1649 1622 quibus
1671 1569 1754 1621 pri-

349 1656 464 1681 mum
494 1642 647 1694 accipio
677 1641 742 1679 M.
767 1640 937 1678 Antonii
968 1639 1232 1677 concionem:
1266 1651 1352 1690 qua:
1379 1637 1433 1674 ita
1453 1635 1555 1674 mihi
1577 1636 1754 1688 placuit,

352 1718 422 1754 ut,
454 1723 496 1746 ea
528 1709 650 1753 lech„
684 1707 730 1744 de
763 1707 975 1744 reversione
1007 1706 1185 1758 primum
1218 1705 1408 1756 coeperim
1440 1704 1626 1755 cogitare.
1668 1703 1756 1741 Nec

352 1776 407 1814 ita
427 1775 557 1814 multo
579 1773 664 1827 post
684 1773 858 1811 edietum
880 1773 993 1811 Bruti
1018 1770 1193 1816 affertur,
1225 1779 1264 1808 et
1286 1770 1403 1807 Caffii
1422 1785 1430 1808 ε
1465 1770 1572 1822 quod
1594 1768 1757 1821 quidem

352 1842 480 1888 mihi,
510 1841 665 1880 fortasse
685 1840 794 1893 quod
814 1854 878 1878 eos
900 1840 1020 1878 etiam
1042 1838 1132 1892 plus
1154 1837 1383 1890 reipublicae
1405 1850 1525 1890 quam
1546 1835 1756 1874 familiari-

353 1910 445 1948 tatis
465 1909 590 1962 gratia
608 1908 749 1960 diligo,
772 1907 937 1960 plenum
959 1906 1153 1958 aequitatis
1175 1904 1395 1942 videbatur.
1426 1903 1639 1941 Addebant
1655 1917 1755 1956 prae-

353 1984 457 2013 terea
479 1974 544 2027 (fit
563 1974 672 2012 enim
693 1974 945 2027 plerumque,
977 1981 1021 2009 ut
1043 1972 1085 2016 ii,
1118 1971 1188 2024 qui
1210 1971 1305 2008 boni
1327 1969 1423 2022 quid
1444 1969 1585 2007 volunt
1606 1968 1756 2015 afferre,

354 2042 545 2095 affingant
565 2041 738 2093 aliquid,
771 2054 851 2092 quo
873 2039 1019 2077 faciant
1041 2038 1101 2083 id,
1135 2038 1243 2090 quod
1264 2039 1470 2082 nuntiant,
1504 2036 1650 2087 laetius)
1674 2050 1758 2074 rem

354 2118 668 2146 conventuram:
703 2105 891 2144 Kalendis
923 2105 1139 2143 Sextilibus
1156 2104 1347 2143 'senatum
1368 2103 1618 2156 frequentem
1646 2101 1755 2141 fore:

354 2174 598 2218 Antonium,
621 2172 834 2225 repudiatis
851 2171 964 2209 malis
981 2171 1215 2216 suasoribus,
1239 2170 1402 2208 remissis
1425 2169 1570 2208 Galliis
1592 2169 1756 2221 provin-

353 2241 444 2285 ciis,
475 2239 523 2277 ad
543 2238 816 2276 auCtoritatem
837 2237 989 2275 senatus
1009 2237 1083 2275 effe
1104 2237 1339 2275 rediturum.

414 2306 488 2345 IV.
512 2307 623 2343 Tum
645 2317 736 2342 vero
757 2313 862 2342 tanta
882 2304 968 2348 sum
989 2304 1207 2357 cupiditate
1228 2302 1409 2341 incensus
1430 2301 1478 2339 ad
1499 2301 1685 2344 reditum,
1715 2309 1758 2337 ut

358 2372 460 2411 mihi
478 2372 580 2410 nulli
602 2384 729 2423 neque
745 2371 843 2409 remi
859 2384 987 2424 neque
1003 2371 1110 2409 venti
1127 2369 1414 2408 satisfacerent:
1440 2381 1517 2405 non
1535 2381 1615 2420 quo
1631 2380 1695 2404 me
1710 2364 1757 2403 ad

359 2450 516 2493 tempus
537 2437 794 2477 occursurum
814 2446 1018 2490 putarem,
1051 2436 1114 2475 sed
1135 2450 1184 2474 ne
1205 2436 1374 2480 tardius,
1399 2447 1527 2486 ¹quam
1548 2446 1754 2484 cuperem,
