2076 2860
681 160 1259 202 PHILIPPICA
1336 160 1392 198 II.
1659 172 1734 211 309

338 269 489 323 populo
511 269 709 312 Romano,
742 280 812 304 cur
832 278 925 303 eum
947 263 1098 301 restitui
1119 270 1319 314 oporteret
1338 263 1350 299 ?
1384 260 1601 299 Absentem
1623 261 1740 299 credo

337 337 381 377 in
402 349 486 374 reos
507 334 689 378 relatum,
713 346 795 370 rem
818 331 964 368 indicta
984 328 1354 381 causajudicatam:
1379 328 1539 365 nullum
1560 326 1672 365 fuiffe
1694 327 1741 364 de

336 403 420 440 alea
440 402 527 454 lege
542 400 744 453 judicium
763 414 771 436 :
806 398 843 435 vi
865 396 1110 450 oppressum,
1143 404 1181 432 et
1202 395 1320 432 armis
1340 409 1348 432 :
1382 394 1600 447 postremo,
1633 393 1742 446 quod

339 468 387 506 de
419 477 559 520 patruo
593 475 662 504 tuo
694 464 924 508 dicebatur,
956 463 1125 515 pecunia
1150 461 1353 514 judicium
1385 459 1458 498 effe
1490 469 1739 512 corruptum.

338 534 460 574 Nihil
492 533 654 572 horum.
697 533 753 569 At
773 532 832 569 vir
853 531 1007 574 bonus,
1040 538 1078 566 et
1107 528 1311 580 republica
1342 526 1501 579 dignus.
1547 525 1666 565 Nihil
1700 526 1741 564 id

339 601 505 654 quidem
526 599 574 638 ad
604 613 686 638 rem
705 614 713 637 :
747 612 820 651 ego
842 607 972 635 tamen
989 626 1000 641 ,
1033 596 1223 648 quoniam
1244 594 1555 632 condemnatum
1577 593 1648 631 effe
1669 607 1741 646 pro

340 666 472 704 nihilo
492 666 566 711 vis,
589 665 615 703 fi
637 666 691 702 ita
710 664 815 708 esset,
838 662 1096 715 ignoscerem,
1130 660 1355 698 Hominem
1375 660 1558 697 omnium
1580 658 1740 711 nequis-

339 733 500 778 fimum,
522 732 592 784 qui
613 745 693 769 non
715 730 913 768 dubitaret
933 728 994 766 vel
1015 728 1056 765 in
1078 727 1165 765 foro
1185 726 1266 763 alea
1285 726 1434 770 ludere,
1457 725 1558 778 lege,
1582 739 1667 777 quae
1689 725 1742 763 est

338 799 388 837 de
408 799 502 844 alea,
532 798 857 841 condemnatum,
880 797 951 848 qui
972 796 1012 832 in
1034 795 1236 845 integrum
1257 792 1440 837 restituit,
1473 792 1504 829 is
1528 805 1607 829 non
1628 805 1739 844 aper-

339 865 484 904 tiffime
504 864 679 902 studium
701 863 814 901 suum
836 861 916 915 ipse
936 860 1174 914 profitetur?

396 933 447 970 In
465 930 605 969 eodem
624 943 716 968 vero
737 929 940 967 tribunatu
955 957 967 973 ,
999 941 1094 965 cum
1116 925 1264 971 Caesar,
1296 926 1337 963 in
1359 925 1596 978 Hispaniam
1617 923 1741 976 profi-

337 997 514 1042 ciscens,
545 995 642 1034 huic
663 994 978 1034 conculcandam
998 993 1155 1031 Italiam
1177 990 1418 1036 tradidiffet;
1451 1005 1538 1044 quae
1559 990 1637 1028 fuit
1657 991 1741 1042 ejus

339 1063 560 1116 peragratio
581 1063 772 1101 itinerum
790 1063 803 1099 ?
835 1060 1013 1098 lustratio
1033 1059 1351 1111 municipiorum
1369 1059 1381 1095 ?
1415 1058 1505 1095 Scio
1526 1070 1590 1095 me
1616 1057 1657 1094 in
1679 1070 1741 1094 re-

340 1131 415 1169 bus
437 1129 747 1169 celebratiffimis
769 1128 946 1167 sermone
966 1126 1152 1165 omnium
1171 1124 1325 1170 versari,
1353 1138 1492 1177 eaque,
1525 1138 1611 1177 quae
1636 1123 1741 1169 dico,

339 1197 595 1250 dicturusque
615 1196 716 1242 sum,
735 1196 889 1234 notiora
908 1194 1096 1233 omnibus
1118 1192 1206 1237 effe,
1223 1192 1293 1245 qui
1314 1192 1355 1229 in
1379 1191 1492 1229 Italia
1513 1200 1600 1229 turn
1615 1189 1740 1235 fuere,

340 1277 464 1317 quam
485 1262 603 1308 mihi,
621 1263 692 1316 qui
713 1276 792 1300 non
814 1261 888 1300 fui.
912 1261 1076 1300 Notabo
1093 1269 1223 1298 tamen
1247 1258 1416 1311 fingulas
1433 1271 1515 1296 res:
1539 1257 1606 1296 etsI
1629 1256 1743 1295 nullo

340 1330 462 1371 modo
495 1331 642 1383 poterit
673 1329 797 1367 oratio
829 1342 916 1366 mea
945 1326 1165 1365 satisfacere
1197 1325 1327 1364 vestrae
1359 1324 1543 1363 scientiae.
1577 1324 1743 1362 Etenim

341 1396 451 1451 quod
472 1410 648 1448 unquam
669 1397 710 1433 in
732 1395 843 1433 terris
866 1402 1022 1432 tantum
1044 1392 1241 1445 flagitium
1261 1391 1429 1430 extitiffe
1449 1391 1631 1429 auditum
1655 1390 1708 1427 est
1726 1391 1739 1427 ?

342 1470 494 1503 tantam
514 1462 807 1516 turpitudinem
827 1463 839 1499 ?
873 1470 1029 1499 tantum
1050 1459 1218 1497 dedecus
1238 1460 1251 1496 Ρ

342 1560 347 1565 ,
398 1530 557 1568 XXIV.
573 1527 804 1566 vehebatur
824 1527 865 1564 in
882 1526 1007 1565 essedo
1025 1525 1209 1563 tribunus
1229 1524 1379 1577 plebis:
1403 1524 1559 1561 lictores
1581 1522 1742 1560 laureati

340 1595 653 1635 antecedebant:
686 1595 789 1631 inter
818 1606 944 1645 quos,
976 1601 1106 1644 aperta
1136 1591 1298 1635 lestica,
1331 1590 1454 1627 mima
1483 1588 1740 1641 portabatur;

340 1677 463 1717 quam
483 1677 530 1701 ex
551 1661 708 1716 oppidis
729 1660 1008 1713 municipales,
1031 1658 1213 1696 homines
1236 1657 1402 1701 honesti,
1429 1656 1588 1694 obviam
1609 1654 1742 1693 neces-

341 1730 440 1768 sario
460 1728 714 1783 prodeuntes,
733 1741 812 1766 non
835 1736 931 1765 noto
952 1726 1024 1764 illo
1045 1734 1082 1763 et
1103 1725 1270 1762 mimico
1292 1723 1467 1767 nomine,
1487 1721 1550 1759 sed
1566 1721 1742 1759 Volum-

342 1797 466 1842 niam,
499 1795 810 1834 consalutabant.
845 1793 1088 1846 Sequebatur
1108 1790 1229 1829 rheda
1248 1804 1342 1828 cum
1362 1789 1591 1834 lenonibus,
1613 1788 1743 1826 comi-

342 1872 400 1902 tes
432 1861 685 1916 nequiffimi:
718 1861 859 1913 rejecta
886 1869 1011 1898 mater
1040 1857 1209 1896 amicam
1241 1857 1390 1910 impuri
1421 1855 1521 1901 filii,
1555 1864 1743 1907 tanquam

343 1943 512 1974 nurum,
545 1928 792 1981 sequebatur.
838 1927 876 1963 O
908 1925 1056 1963 miserae
1089 1924 1268 1962 mulieris
1301 1921 1606 1961 foecunditatem
1638 1921 1743 1958 cala—

343 1994 525 2033 mitosam
545 1994 552 2032 1
592 1994 754 2032 Horum
775 1992 1016 2044 flagitiorum
1046 1989 1115 2028 iste
1141 1988 1313 2042 vestigiis
1344 1989 1478 2027 omnia
1497 1987 1740 2039 municipia,

343 2060 606 2113 praefecturas,
638 2059 828 2103 colonias,
859 2067 984 2095 totam
1005 2057 1175 2109 denique
1197 2056 1367 2100 Italiam,
1399 2054 1605 2107 impreffit.

402 2127 671 2179 Reliquorum
701 2124 896 2162 factorum
925 2125 1034 2176 ejus,
1067 2123 1199 2161 Patres
1221 2122 1462 2174 conscripti,
1494 2120 1669 2159 difficilis
1691 2119 1744 2157 est

346 2193 433 2231 sane
454 2192 715 2245 reprehenfio,
746 2200 785 2229 et
805 2191 972 2229 lubrica.
996 2190 1179 2228 Versatus
1201 2190 1243 2228 in
1265 2189 1371 2228 bello
1392 2188 1469 2226 est:
1502 2187 1686 2226 saturavit
1708 2186 1743 2224 se

347 2259 534 2311 sanguine
559 2258 912 2296 diffimillimorum
935 2257 992 2295 sui
1013 2257 1163 2295 civium
1183 2272 1191 2294 ε
1224 2255 1304 2294 fuit
1324 2254 1437 2300 felix,
1470 2254 1497 2292 fi
1517 2252 1642 2306 potest
1665 2252 1745 2289 ulla

346 2325 419 2363 effe
449 2326 489 2363 in
520 2324 660 2363 scelere
690 2323 873 2363 felicitas.
893 2377 897 2379 ⁴
919 2324 1017 2369 Sed,
1050 2324 1242 2376 quoniam
1271 2323 1461 2361 veteranis
1490 2329 1651 2358 cautum
1671 2318 1743 2356 effe

345 2392 531 2430 volumus
548 2421 558 2436 ,
591 2404 818 2444 quanquam
839 2390 1033 2429 diffimilis
1055 2390 1108 2428 est
1128 2390 1308 2428 militum
1329 2388 1439 2427 causa
1454 2417 1464 2433 ‚
1496 2396 1534 2425 et
1557 2396 1649 2429 tua;
1682 2384 1742 2421 illi

345 2458 470 2498 secuti
490 2458 604 2504 sunt,
638 2467 680 2496 tu
702 2457 888 2510 quaefisti,
921 2457 1064 2496 ducem
1081 2475 1092 2503 5
1126 2466 1279 2502 tamen,
1312 2469 1361 2494 ne
1381 2453 1484 2507 apud
1504 2453 1596 2491 illos
1615 2464 1680 2489 me
1700 2451 1743 2489 in
