2076 2860
438 222 512 260 174
905 202 1346 240 ORATIO

428 306 500 342 alia
523 305 600 343 ulla
621 306 660 342 in
683 317 722 341 re
743 302 821 353 legi
843 309 918 338 tuae
938 301 1062 353 parui.
1101 301 1209 352 Qas
1231 300 1399 338 rationes
1421 299 1448 338 fi
1468 300 1667 353 cognoris,
1696 299 1819 337 intel-

428 372 525 423 liges
548 371 696 409 nemini
719 369 821 421 plus,
854 380 974 419 quam
993 366 1112 411 mihi,
1133 367 1262 405 literas
1284 366 1469 419 profuiffe
1488 382 1496 406 :
1529 368 1585 405 ita
1604 366 1712 404 enim
1731 366 1821 404 sunt

428 438 648 490 perscriptae
669 436 775 479 scite,
798 443 836 471 et
856 433 1026 479 literate,
1046 440 1089 471 ut
1111 433 1252 478 scriba,
1271 433 1318 471 ad
1339 435 1518 472 aerarium
1537 434 1607 487 qui
1627 447 1689 471 eas
1710 441 1819 471 retu·

428 505 489 548 lit,
516 502 738 556 perscriptis
761 500 993 545 rationibus,
1017 500 1148 538 fecum
1169 500 1264 552 ipse,
1286 510 1404 553 caput
1424 500 1570 538 sinistra
1589 513 1710 538 manu
1728 513 1819 552 per·

428 569 585 612 fricans,
618 574 977 605 commurmuratus
1014 566 1074 609 fit,
1110 566 1221 604 Ratio
1250 565 1385 618 quidem
1413 566 1527 604 hercle
1555 574 1722 618 apparet,
1752 579 1819 603 ar-

422 645 570 687 gentum
601 631 731 677 οἳχετεᾳ.
764 633 851 671 Hac
874 641 916 669 tu
938 632 1138 676 oratione,
1171 645 1249 669 non
1278 632 1445 678 dubito,
1477 632 1574 685 quin
1604 632 1721 670 illum
1736 632 1821 683 jam

427 700 725 738 adscendentem
745 699 786 736 in
807 712 969 736 currum
988 696 1102 750 possis
1124 711 1316 736 revocare.

485 767 639 806 XXVI.
665 767 701 803 O
721 765 903 809 tenebrae,
920 765 957 802 O
975 764 1122 808 lutum,
1139 765 1176 801 O
1194 754 1336 808 sordes,
1354 765 1390 801 O
1411 764 1561 816 paterni
1577 763 1728 815 generis
1745 762 1820 800 ob-

429 834 511 877 lite,
531 833 695 871 materni
711 831 778 870 vix
793 830 967 868 memor!
993 830 1046 867 ita
1061 829 1191 868 nescio
1212 829 1309 881 quid
1329 828 1426 867 istuc
1447 827 1630 873 fra&um‚
1652 827 1822 873 humile,

430 899 650 942 demiffum,
678 897 892 941 sordidum,
916 895 1079 934 inferius
1101 896 1219 933 etiam
1240 895 1308 939 est,
1331 909 1450 947 quam
1471 904 1521 932 ut
1536 893 1824 932 Mediolanensi

430 960 620 1018 praecone,
644 977 714 1001 avo
736 973 818 1008 tuo,
842 962 1013 1014 dignum
1030 960 1102 999 effe
1122 960 1312 999 videatur.
1346 962 1395 998 L.
1420 959 1589 1004 Craffus,
1619 958 1742 997 homo
1763 959 1824 996 sa·-

429 1030 688 1082 pientiffimus
712 1028 845 1066 nostrae
865 1027 1050 1071 civitatis,
1073 1026 1232 1079 spiculis
1254 1039 1375 1078 prope
1395 1025 1586 1062 scrutatus
1602 1024 1656 1063 est
1675 1025 1798 1077 Alpes
1810 1039 1824 1062 z,

430 1107 488 1141 ut,
508 1097 575 1134 ubi
597 1094 716 1133 hostis
740 1108 817 1132 non
838 1103 932 1139 erat,
955 1093 1013 1131 ibi
1034 1091 1229 1144 triumph-i
1249 1091 1402 1129 causam
1423 1091 1596 1143 aliquam
1617 1098 1820 1143 quaereret.

430 1163 577 1200 Eadem
599 1160 815 1214 cupiditate
831 1161 889 1198 vir
905 1159 1060 1198 summo
1081 1158 1241 1210 ingenio
1261 1158 1462 1210 praeditus,
1485 1158 1534 1195 C.
1555 1158 1687 1202 Cotta,
1710 1156 1823 1194 nullo

430 1237 536 1266 certo
558 1227 686 1271 hoste,
719 1226 906 1278 flagravit.
940 1227 1092 1263 Eorum
1113 1233 1250 1262 neuter
1272 1222 1552 1276 triumphavit,
1584 1222 1691 1274 quod
1711 1222 1823 1260 alteri

430 1295 547 1332 illum
568 1292 759 1331 honorem
781 1292 956 1343 collega,
989 1291 1099 1329 alteri
1120 1304 1225 1328 mors
1242 1319 1252 1334 ,
1284 1289 1443 1328 ademit.
1478 1288 1590 1327 Irrisa
1617 1288 1671 1326 est
1696 1289 1764 1326 abs
1786 1296 1829 1327 te

430 1360 548 1412 paulo
568 1369 656 1397 ante
677 1359 740 1397 M.
765 1357 915 1395 Pisonis
936 1355 1130 1409 cupiditas
1152 1354 1452 1408 triumphandi,
1484 1368 1504 1392 a
1533 1368 1610 1407 qua
1640 1363 1676 1392 te
1705 1354 1825 1406 longe

431 1426 561 1464 dixisti
583 1425 788 1463 abhorrere
804 1439 812 1463 ε
836 1424 920 1477 qui,
938 1424 1057 1461 etiam
1073 1422 1099 1460 fi
1115 1422 1248 1460 minus
1269 1435 1459 1474 magnum
1476 1420 1628 1458 bellum
1648 1420 1823 1472 gefferat,

431 1502 475 1531 ut
495 1493 562 1530 abs
585 1502 620 1530 te
638 1492 787 1529 dictum
807 1490 875 1535 est,
898 1499 1028 1528 tamen
1050 1488 1168 1528 istum
1182 1487 1374 1526 honorem
1391 1486 1728 1526 contemnendum
1744 1499 1825 1524 non

430 1558 685 1611 putavit.Tu,
703 1556 892 1594 eruditior
904 1568 1024 1607 quam
1041 1554 1143 1599 Piso,
1161 1553 1393 1607 prudentior
1408 1567 1528 1606 quam
1545 1553 1678 1597 Cotta,
1696 1552 1824 1590 abun-

431 1624 584 1662 dantior
604 1623 780 1667 consilio,
813 1622 986 1674 ingenio,
1019 1621 1218 1673 sapientia,
1241 1633 1359 1672 quam
1382 1619 1551 1663 Craffus,
1579 1632 1623 1656 ea
1642 1627 1824 1656 contem-

431 1692 506 1735 nis,
539 1704 624 1743 quae
646 1689 705 1727 illi
727 1689 873 1733 idiotae‚
905 1697 949 1725 ut
971 1697 1012 1726 tu
1034 1687 1220 1740 appellas,
1253 1686 1434 1739 praeclara
1452 1686 1664 1724 duxerunt.

486 1756 607 1808 Qod
628 1756 653 1794 fi
675 1754 941 1807 reprehendis,
972 1753 1079 1805 quod
1099 1753 1236 1805 cupidi
1257 1753 1394 1791 laureae
1414 1752 1577 1797 fuerint,
1606 1765 1700 1789 cum
1721 1749 1826 1788 bella

432 1831 498 1860 aut
518 1835 647 1874 parva,
679 1829 745 1858 aut
767 1820 888 1864 nulla,
910 1818 1126 1870 geffiffent;
1161 1827 1218 1862 tu,
1251 1818 1370 1856 tantis
1393 1818 1618 1855 nationibus
1640 1816 1822 1861 subactis,

434 1879 551 1925 tantis
573 1887 687 1924 rebus
709 1885 839 1937 gestis,
872 1885 1037 1922 minime
1058 1883 1232 1921 fructum
1253 1882 1434 1921 laborum
1461 1892 1636 1927 tuorum,
1667 1881 1827 1933 praemia

434 1953 714 2007 periculorum,
731 1952 886 1990 virtutis
909 1949 1086 2003 infignia,
1109 1958 1360 1988 contemnere
1376 1948 1557 1987 debuisti.
1576 1949 1720 2000 Neque
1735 1960 1826 1985 vero

433 2017 712 2071 contempsisti,
734 2017 827 2056 licet
849 2016 894 2054 fis
916 2015 1120 2053 Themista
1141 2015 1362 2067 sapientior,
1381 2014 1444 2052 sed
1461 2027 1502 2052 os
1520 2023 1634 2052 tuum
1655 2013 1826 2051 ferreum

435 2085 585 2123 senatus
607 2083 787 2122 convicio
808 2082 998 2120 verberari
1021 2080 1193 2119 noluisti.
1227 2081 1315 2132 Jam
1339 2080 1446 2119 vides
1461 2110 1472 2126 ,
1504 2078 1828 2132 quandoquidem

435 2152 488 2189 ita
509 2149 693 2188 mihimet
714 2148 772 2187 fui
795 2148 997 2192 inimicus,
1020 2156 1063 2184 ut
1085 2160 1148 2185 me
1171 2155 1301 2184 tecum
1323 2159 1603 2198 compararem,
1621 2154 1659 2183 et
1676 2143 1824 2196 digres-

436 2217 520 2254 sum
541 2229 690 2260 meum,
712 2223 750 2252 et
771 2213 999 2257 absentiam,
1022 2222 1060 2250 et
1081 2212 1267 2256 reditum,
1297 2212 1350 2249 ita
1371 2212 1487 2263 longe
1509 2220 1578 2249 tuo
1598 2209 1823 2264 praestitiss‘e,

437 2293 480 2320 ut
502 2280 602 2320 mihi
625 2281 691 2319 illa
710 2280 844 2318 omnia
863 2277 1129 2318 immortalem
1151 2278 1317 2329 gloriam
1339 2277 1516 2315 dederint
1531 2306 1542 2322 ‚
1575 2276 1649 2314 tibi
1679 2277 1825 2328 sempi-

437 2358 586 2385 ternam
620 2344 908 2397 turpitudinem
941 2342 1172 2381 inflixerint.
1214 2343 1336 2380 Nunc
1366 2343 1484 2380 etiam
1517 2343 1556 2380 in
1588 2341 1660 2380 hac
1690 2340 1825 2394 quoti-

436 2414 562 2458 diana,
580 2411 736 2456 affidua,
754 2411 977 2463 urbanaque
993 2409 1086 2455 vita,
1105 2408 1350 2462 splendorem
1373 2417 1502 2454 tuum,
1524 2409 1704 2461 gratiam,
1722 2407 1826 2445 cele-

437 2480 620 2518 britatem
641 2476 908 2523 domesticam,
939 2489 1100 2528 operam
1120 2473 1328 2520 forensem,
1361 2475 1584 2519 confilium,
1615 2473 1824 2517 auxilium,
