2076 2860
630 178 1205 218 PHILIPPICA
1284 179 1356 217 1v.
1613 193 1687 233 347

292 280 468 326 fortiter,
501 280 563 318 sed
593 280 829 319 confiderate
864 281 983 319 etiam
1014 281 1304 334 sapienterque,
1336 280 1541 319 fecerunt:
1575 281 1690 320 Albae

292 347 567 392 constiterunt,
585 347 626 384 in
643 348 738 385 urbe
755 356 991 400 opportuna,
1010 348 1179 393 munita,
1197 348 1434 401 propinqua,
1456 347 1687 386 fortifiimo-

293 428 382 452 rum
401 414 593 458 virorum,
612 413 924 452 fideliffimorum
945 414 1109 459 civium,
1132 424 1248 466 atque
1269 415 1528 467 optimorum.
1554 416 1688 467 Hujus

293 479 450 517 Martiae
471 479 638 531 legionis
660 479 765 531 legio
786 489 924 531 quarta
942 480 1096 517 imitata
1115 480 1319 524 virtutem,
1352 479 1450 518 duce
1478 481 1527 518 L.
1552 481 1686 532 Egna-

293 545 431 590 tuleio,
463 559 585 598 quem
614 545 766 583 senatus
800 545 942 583 merito
972 545 1089 597 paulo
1117 555 1206 584 ante
1235 545 1422 590 laudavit,
1455 547 1503 584 C.
1529 546 1688 585 Caesaris

291 612 509 649 exercitum
531 611 730 664 persecuta
750 611 816 650 est.

349 678 425 715 ΙΙΙ.
460 679 559 729 Qae
581 680 773 729 expecta&
797 677 861 715 M.
878 677 1046 722 Antoni,
1065 676 1218 729 judicia
1236 678 1438 729 graviora?
1462 678 1587 715 Caesar
1606 677 1686 716 fer-

292 752 356 780 tur
376 742 416 780 in
438 743 594 788 caelum,
627 743 697 796 qui
724 752 861 781 contra
881 751 919 780 te
940 744 1159 781 exercitum
1179 743 1446 796 comparavit:
1480 743 1688 782 laudantur

290 808 598 860 exquifitiffimis
629 809 756 846 verbis
788 809 978 860 legioneS,
1010 823 1096 861 quae
1126 818 1164 847 te
1194 809 1455 861 reliquerunt,
1487 823 1574 861 quae
1603 823 1623 847 a
1651 819 1687 848 te

292 874 472 912 arceffitae
503 874 619 919 sunt3
653 888 739 926 quae
768 874 902 918 essent,
934 874 959 911 fi
992 884 1028 911 te
1058 874 1259 912 consulem
1281 888 1402 926 quam
1428 873 1580 913 hostem
1602 889 1686 913 ma-

294 939 449 984 luiffes,
482 949 572 978 tuae.
620 941 802 991 Qarum
836 940 1042 992 legionum
1077 939 1333 978 fortiffimum
1366 941 1688 994 veriffimumque

285 1005 488 1057 judicium
510 1004 719 1043 confirmat
740 1005 907 1050 semaam,
930 1006 1163 1058 comprobat
1185 1006 1383 1044 universus
1406 1007 1577 1059 populus
1600 1008 1686 1045 Ro-

290 1084 459 1109 manus:
492 1071 563 1109 nifi
593 1070 695 1109 forte
725 1085 808 1116 vos,
841 1071 1034 1122 Qirites‚
1066 1072 1284 1117 consulem,
1318 1086 1396 1110 non
1423 1071 1590 1118 hostem,
1617 1075 1686 1125 jn-

288 1136 427 1175 dicatis
460 1137 702 1175 Antonium.
736 1138 799 1175 Sic
834 1137 1062 1182 arbitrabar,
1095 1138 1289 1190 Qirites,
1321 1152 1389 1176 vos
1419 1139 1610 1190 judicare,
1644 1150 1688 1178 ut

288 1202 507 1241 ostenditis.
541 1203 678 1254 Qid?
702 1203 936 1255 municipia,
959 1203 1150 1249 colonias,
1171 1203 1434 1256 praefecturas,
1459 1219 1554 1243 num
1576 1205 1687 1244 aliter

283 1269 463 1321 judicare
497 1269 694 1306 censetis?
733 1270 884 1306 Omnes
919 1270 1104 1307 mortales
1141 1284 1218 1307 una
1251 1280 1384 1309 mente
1418 1271 1686 1317 consentiunt,

289 1335 424 1373 omnia
443 1347 550 1372 arma
569 1348 720 1379 eorum,
753 1335 822 1387 qui
844 1333 926 1372 haec
948 1335 1048 1373 salva
1067 1335 1205 1380 velint,
1237 1345 1374 1374 contra
1403 1337 1513 1375 illam
1540 1338 1688 1391 pestem

289 1399 363 1438 effe
392 1399 592 1452 capienda.
638 1399 781 1451 Qid?
814 1400 868 1438 D.
894 1400 1006 1438 Bruti
1030 1400 1246 1452 judicium,
1279 1402 1472 1454 Qirites,
1504 1403 1612 1456 quod
1639 1418 1687 1443 ex

290 1464 484 1504 hodierno
518 1467 601 1518 ejus
637 1465 765 1503 edicio
800 1465 1016 1518 perspicere
1051 1467 1257 1518 potuistis,
1294 1481 1392 1506 num
1427 1469 1492 1506 cui
1528 1470 1687 1508 tandem

289 1532 630 1570 contemnendum
651 1531 837 1570 videtur?
870 1533 992 1570 Recte
1017 1542 1055 1570 et
1075 1547 1162 1570 vere
1183 1535 1347 1585 negatis,
1380 1536 1573 1587 Qirites.
1618 1537 1686 1574 Est

287 1599 397 1635 enim
417 1598 522 1650 quafi
553 1599 732 1635 Deorum
762 1598 1051 1636 immortalium
1083 1599 1276 1637 beneficio
1305 1609 1344 1637 et
1365 1613 1527 1638 munere
1548 1601 1685 1640 datum

289 1663 516 1716 reipublicae
550 1664 763 1701 Brutorum
795 1677 918 1715 genus
951 1673 990 1702 et
1021 1678 1183 1709 nomen,
1215 1665 1262 1702 ad
1294 1665 1516 1703 libertatem
1544 1667 1685 1719 populi

289 1729 463 1767 Romani
484 1729 544 1766 vel
566 1728 895 1774 constituendam,
927 1730 988 1767 vel
1017 1731 1297 1783 recipiendam.
1331 1731 1442 1783 Qid
1473 1732 1597 1784 igitur
1627 1733 1683 1772 D.

288 1796 435 1833 Brutus
458 1794 505 1832 de
526 1795 590 1833 M.
614 1795 793 1833 Antonio
809 1794 1036 1846 judicavit?
1068 1796 1233 1834 exclufit
1254 1797 1484 1849 provincia:
1507 1799 1684 1837 exercitu

286 1861 440 1900 obstitit
459 1876 468 1900 ε
503 1861 679 1899 Galliam
700 1870 824 1899 totam
846 1860 1026 1900 hortatur
1045 1862 1092 1900 ad
1113 1862 1280 1908 bellum,
1313 1863 1435 1916 ipsam
1458 1864 1522 1902 sua
1547 1865 1685 1918 sponte

288 1928 435 1981 suoque
451 1927 606 1980 judicio
626 1928 852 1967 excitatam.
897 1928 936 1966 Si
956 1928 1092 1967 consul
1114 1930 1315 1968 Antonius
1333 1949 1345 1975 5
1378 1931 1523 1969 Brutus
1544 1929 1681 1971 hostis.

287 1995 326 2032 Si
347 1994 593 2033 conservator
614 1994 841 2048 reipublicae
863 1995 1008 2033 Brutus
1025 2015 1036 2041 5
1069 1995 1190 2034 hostis
1212 1997 1428 2036 Antonius.
1468 1998 1583 2037 Num
1604 1998 1683 2052 igi-

287 2069 366 2106 tur,
398 2071 533 2099 utrum
553 2060 698 2099 horum
719 2060 780 2106 fit,
811 2061 990 2099 dubitare
1011 2062 1210 2115 pofl‘umus
1228 2064 1241 2100 ?

343 2127 416 2165 IV.
449 2127 591 2179 Atqui,
624 2136 669 2164 ut
703 2139 770 2164 vos
807 2141 884 2165 una
917 2137 1051 2165 mente
1086 2142 1241 2181 unaque
1275 2142 1370 2167 voce
1404 2130 1583 2169 dubitare
1613 2144 1681 2170 vos

288 2192 437 2243 negatis
456 2211 466 2236 ς
500 2192 550 2229 fic
572 2191 691 2230 modo
712 2192 883 2230 decrevit
911 2193 1078 2239 senatus,
1111 2195 1165 2233 D.
1191 2195 1359 2234 Brutum
1381 2196 1531 2249 optime
1552 2196 1599 2234 de
1619 2210 1680 2235 re-

286 2257 448 2309 publica
468 2257 623 2302 mereri,
655 2270 749 2295 cum
777 2257 929 2296 senatus
950 2260 1236 2305 auctoritatem,
1269 2261 1488 2314 populique
1510 2262 1681 2300 Romani

288 2322 513 2360 libertatem
534 2322 840 2377 imperiumque,
859 2323 1091 2374 defenderit.
1117 2327 1153 2365 A
1175 2340 1254 2378 quo
1271 2326 1516 2365 defenderit?
1541 2341 1682 2380 nempe

287 2389 336 2426 ab
356 2387 465 2426 hoste
484 2403 493 2426 :
525 2401 611 2440 quae
631 2387 685 2426 est
703 2389 811 2427 enim
832 2390 906 2427 alia
926 2390 1117 2429 laudanda
1137 2390 1308 2429 defensio
1327 2393 1340 2429 ?
1374 2392 1571 2444 Deinceps
1594 2392 1679 2429 lau-

287 2455 402 2494 datur
422 2455 626 2508 provincia
646 2455 792 2501 Gallia,
826 2457 1045 2510 meritoque
1067 2467 1226 2496 ornatur
1246 2457 1374 2495 verbis
1396 2457 1639 2510 amplissimis
1661 2470 1681 2495 a

1236 2523 1271 2559 X
1303 2536 1327 2560 x
1359 2536 1379 2560 2
