2076 2860
686 143 837 184 PRO
898 139 1244 181 MILONE.
1597 152 1668 179 221

321 250 396 290 Me
422 247 602 303 quidem,
633 246 813 299 Judices,
843 245 1087 290 exanimant,
1119 252 1159 282 et
1188 242 1441 288 interimunt,
1473 240 1534 281 hae
1561 255 1675 280 voces

266 317 456 362 Milonis,
475 328 571 369 quas
592 313 710 352 audio
727 312 885 359 asfidue,
903 322 942 352 et
959 311 1106 366 quibus
1124 309 1317 349 intersum
1338 309 1532 364 quotidie.
1554 309 1674 347 Vale-

265 394 350 431 ant,
380 382 531 436 inquit‚
562 381 717 420 valeant
737 381 842 419 cives
873 380 953 418 mei
970 399 982 426 ;
1015 379 1091 418 sint
1111 378 1348 424 incolumes,
1381 377 1455 416 sint
1476 376 1676 421 florentes,

265 449 343 489 fint
370 447 504 487 beati:
535 446 608 486 stet
635 446 719 485 haec
747 446 841 485 urbs
869 444 1072 499 praeclara,
1104 443 1288 497 mihique
1315 443 1440 497 patria
1467 441 1677 487 cariffima,

269 529 435 569 quoquo
465 514 587 554 modo
618 514 760 553 merita
789 513 836 552 de
866 526 930 551 me
960 512 1049 551 erit.
1082 510 1322 564 Tranquilla
1342 509 1548 563 republica
1575 509 1680 547 cives

267 583 349 622 mei
363 612 375 629 ,
407 582 599 637 quoniam
619 580 722 620 mihi
743 594 838 619 curn
858 580 940 618 illis
961 592 1041 618 non
1063 579 1158 616 licet
1172 607 1184 624 ‚
1214 577 1293 616 sme
1313 590 1378 616 me
1398 576 1469 630 ipsi
1484 605 1495 622 ,
1528 576 1592 614 sed
1612 589 1682 630 per

269 663 335 690 me
369 659 528 696 tamen,
560 648 841 703 perfruantur:
874 660 948 700 ego
980 645 1143 691 cedam,
1175 653 1294 697 atque
1325 644 1458 682 abibo.
1507 644 1546 680 Si
1578 642 1682 681 mihi

270 717 477 771 republica
507 716 611 755 bona
642 715 723 754 frui
755 729 835 753 non
868 714 1041 759 licuerit,
1074 720 1112 750 at
1143 711 1284 749 carebo
1316 711 1443 749 mala:
1476 718 1528 756 et,
1562 724 1682 763 quam

271 783 451 837 primum
483 783 652 835 tetigero
684 781 784 820 bene
816 789 1009 819 moratam
1039 787 1079 818 et
1110 777 1278 816 liberam
1309 778 1534 821 civitatem,
1567 777 1609 815 in
1641 790 1685 814 ea

272 850 566 905 conquiescam.

331 919 369 956 O
391 917 546 962 frustra,
569 916 718 969 inquit,
750 914 920 967 suscepti
941 913 1021 952 mei
1041 912 1193 951 labores
1215 912 1222 950 l
1258 913 1294 950 O
1318 911 1402 966 spes
1424 910 1583 950 fallaces
1603 910 1610 948 l
1647 910 1684 948 O

273 984 535 1037 cogitationes
557 983 691 1021 inanes
712 995 808 1021 meae
827 981 834 1019 !
869 982 958 1034 Ego
979 994 1074 1019 cum
1095 980 1280 1018 tribunus
1302 978 1446 1032 plebis,
1482 977 1688 1031 republica

274 1051 471 1106 oppreffa,
503 1064 567 1089 me
599 1050 749 1088 senatui
781 1048 988 1094 dediffem,
1021 1061 1142 1100 quem
1173 1048 1396 1085 extinctum
1428 1058 1656 1098 acceperam
1673 1063 1686 1089 ;

275 1118 480 1172 equitibus
504 1117 697 1156 Romanis
714 1146 725 1162 ‚
758 1129 932 1169 quorum
952 1115 1053 1152 vires
1076 1123 1185 1152 erant
1206 1113 1354 1151 debiles
1373 1132 1383 1158 ;
1418 1113 1533 1150 bonis
1566 1111 1659 1149 viris
1677 1140 1687 1155 ,

276 1186 348 1240 qui
368 1198 531 1224 omnem
552 1184 826 1223 auctoritatem
849 1182 1054 1221 Clodianis
1076 1181 1194 1219 armis
1216 1180 1462 1233 abjecerant:
1487 1177 1589 1217 mihi
1611 1191 1688 1216 un-

277 1265 399 1305 quam
420 1252 619 1290 bonorum
640 1250 864 1303 praefidium
885 1248 1119 1288 defuturum
1140 1256 1321 1301 putarem
1341 1247 1354 1284 ?
1387 1247 1476 1298 Ego
1492 1276 1502 1291 ‚
1535 1258 1629 1283 cum
1652 1254 1691 1281 te

282 1320 463 1372 (mecum
498 1318 607 1355 enim
642 1317 843 1370 saepiffime
878 1314 1076 1367 loquitur)
1113 1314 1246 1366 patriae
1280 1312 1554 1356 reddidissem,
1587 1309 1691 1349 mihi

281 1399 362 1424 non
382 1384 567 1423 futurum
588 1385 629 1422 in
650 1384 776 1437 patria
795 1391 976 1436 putarem
997 1381 1134 1419 locum
1153 1382 1165 1418 ?
1199 1380 1284 1418 Ubi
1306 1393 1413 1418 nunc
1435 1379 1588 1417 senatus
1610 1377 1663 1415 est
1677 1407 1690 1422 ,

280 1467 402 1507 quem
423 1452 547 1491 secuti
568 1451 701 1490 sumus
722 1452 735 1488 ?
768 1451 839 1489 ubi
859 1450 1011 1503 equites
1033 1448 1209 1486 Romani
1231 1447 1306 1493 illi,
1331 1447 1407 1492 illi,
1431 1446 1579 1499 inquit,
1602 1444 1690 1483 tui?

281 1520 353 1560 ubi
373 1519 500 1559 studia
519 1519 836 1572 municipiorum
855 1519 868 1555 ?
901 1517 972 1561 ubi
1000 1515 1123 1554 Italiae
1143 1528 1258 1553 voces
1279 1515 1291 1551 ?
1325 1514 1395 1551 ubi
1417 1513 1589 1566 denique
1610 1521 1691 1557 tua,

281 1587 349 1627 M.
372 1587 506 1632 Tulli,
537 1601 623 1639 quae
644 1585 829 1639 plurimis
851 1583 931 1622 fuit
952 1582 1116 1627 auxilio,
1148 1595 1240 1626 vox,
1272 1589 1311 1618 et
1331 1578 1533 1618 defenfio?
1565 1577 1694 1617 mihi-

282 1667 333 1694 ne
364 1667 407 1692 ea
439 1653 534 1699 soli,
567 1654 637 1707 qui
669 1666 741 1706 pro
774 1661 812 1691 te
843 1651 960 1690 toties
994 1649 1116 1688 morti
1148 1662 1212 1687 me
1243 1647 1398 1693 obtuli,
1431 1645 1535 1686 nihil
1567 1644 1695 1699 potest

286 1720 475 1775 opitulari
494 1721 508 1759 ?

341 1788 518 1827 XXXV.
551 1788 640 1827 Nec
661 1801 752 1826 vero
772 1786 871 1831 haec,
891 1786 1068 1837 Judices,
1092 1794 1137 1822 ut
1157 1797 1230 1836 ego
1252 1796 1374 1828 nune,
1397 1781 1510 1827 flens,
1533 1780 1596 1819 sed
1617 1779 1696 1819 hoc

287 1855 426 1895 eodem
447 1855 627 1908 loquitur
647 1855 777 1900 vultu,
801 1867 881 1907 quo
902 1853 1060 1892 videtis.
1095 1852 1229 1904 Negat
1253 1850 1363 1888 enim
1384 1848 1435 1895 se,
1468 1857 1599 1901 negat,
1631 1848 1698 1886 in-

286 1924 407 1977 gratis
429 1922 584 1961 civibus
606 1921 752 1967 feciffe,
775 1935 862 1975 quae
883 1920 979 1959 fecit
999 1936 1007 1959 :
1043 1919 1211 1964 timidis,
1243 1927 1282 1956 et
1302 1917 1438 1956 omnia
1457 1915 1695 1968 circumspi-

287 1989 488 2030 cientibus
509 1989 700 2043 pericula‚
724 2002 804 2026 non
826 1998 956 2040 negat.
991 1986 1170 2031 Plebem,
1200 1995 1239 2023 et
1259 1984 1442 2023 infimam
1463 1981 1707 2022 multitudi—

289 2071 397 2104 nem,
429 2071 531 2111 quae,
567 2057 612 2095 P.
638 2056 784 2095 Clodio
806 2055 920 2100 duce,
953 2053 1125 2092 fortunis
1147 2053 1281 2092 vestris
1311 2051 1564 2096 imminebat,
1596 2063 1708 2095 eam,

291 2138 372 2176 quo
393 2125 518 2163 tutior
538 2123 629 2161 esset
649 2123 730 2160 vita
759 2120 911 2166 nostra,
945 2120 1052 2159 suam
1083 2120 1119 2158 se
1149 2118 1279 2158 fecisse
1308 2126 1622 2163 commemorat3
1654 2125 1701 2154 ut

293 2203 372 2227 non
403 2189 524 2228 modo
553 2189 699 2226 virtute
728 2187 918 2233 flecteret,
947 2187 1010 2225 sed
1038 2188 1159 2225 etiam
1187 2186 1315 2225 tribus
1343 2185 1421 2224 suis
1447 2183 1698 2238 patrimoniis

293 2255 476 2294 deliniret
495 2270 503 2292 :
538 2268 608 2292 nec
631 2255 761 2300 timet,
784 2267 849 2299 ne,
871 2267 967 2292 cum
987 2253 1147 2307 plebem
1167 2251 1400 2292 muneribus
1424 2251 1601 2304 placarit,
1630 2261 1700 2286 vos

296 2335 375 2360 non
404 2321 627 2360 conciliarit
655 2321 806 2360 meritis
834 2322 877 2360 in
906 2321 1196 2374 rempublicam
1224 2319 1502 2373 fingularibus.
1537 2317 1713 2354 Senatus-

294 2403 385 2442 erga
417 2389 452 2427 se
485 2389 803 2428 benevolentiam
831 2390 1078 2442 temporibus
1105 2388 1168 2427 his
1195 2389 1285 2441 ipsis
1308 2387 1404 2439 saepe
1425 2385 1497 2424 e'fl‘e
1519 2383 1711 2437 perspec-

295 2466 375 2496 tam
393 2472 400 2496 :
435 2456 572 2495 vestras
595 2470 685 2496 vero
705 2467 743 2496 et
764 2457 980 2496 vestrorum
1002 2456 1189 2495 ordinum
1211 2454 1521 2496 occursatione&
1555 2449 1708 2495 studi212.
