2076 2860
369 223 441 260 140
828 203 1285 242 ‘ORATIO

421 311 543 349 Nunc
565 322 653 346 vero
674 305 769 359 quid
790 318 862 356 ego
883 312 1018 341 contra
1039 302 1254 340 Gaditanos
1276 302 1427 353 loquar,
1457 315 1550 339 cum
1571 300 1625 346 id,
1648 299 1755 353 quod

366 375 548 419 defendo,
571 374 770 411 voluntate
791 384 941 412 eorum,
964 369 1205 412 aurftoritatz
1229 368 1423 419 legatione
1444 367 1537 419 ipsa,
1569 380 1755 419 compro-

367 442 482 478 betur
500 442 512 477 ?
536 439 618 491 qui,
641 451 660 474 a
681 435 877 488 principio
898 434 955 472 sui
975 435 1126 485 generis
1148 447 1190 470 ac
1212 432 1453 485 reipublicae,
1476 432 1523 470 ab
1543 433 1654 470 omni
1675 431 1755 469 stu-

366 507 432 543 dio
452 505 638 555 sensuque
661 503 876 539 Poenorum
896 509 1046 537 mentes
1068 499 1150 537 suas
1178 499 1224 536 ad
1253 498 1428 536 nostrum
1449 499 1662 550 imperium
1684 511 1779 542 no-,

366 584 536 623 menque
557 570 776 612 flexerunt3
804 579 918 619 quos,
940 579 1033 603 curn
1053 566 1226 603 maxima
1245 565 1347 602 bella
1368 564 1482 602 nobis
1503 563 1756 608 inferrentur,

367 636 566 675 moenibus
588 634 851 676 excluserunt,
883 630 1062 669 claffibus
1083 629 1249 668 insecuti
1275 630 1378 674 sunt,
1410 629 1657 682 corporibu8‚
1689 642 1759 666 co-

368 704 443 756 piis
459 732 470 747 ‚
502 701 644 753 opibus
672 699 908 751 depulerunt
927 712 935 735 :
969 697 1039 749 qui
1059 705 1097 734 et
1120 705 1288 734 veterem
1310 696 1420 733 illam
1441 696 1610 748 speciem
1631 694 1758 733 foede-

368 770 419 807 ris
453 767 648 805 Marciani
680 766 829 817 semper
859 764 970 801 omni
1001 776 1087 800 arce
1114 762 1310 800 duxerunt
1338 761 1581 806 sanctiorem,
1613 770 1652 798 et
1683 760 1760 798 hoc

368 834 515 873 foedere
536 832 685 876 Catuli,
716 829 944 882 senatusque
963 829 1204 873 auctoritate,
1235 828 1270 865 se
1291 827 1499 866 nobiscum
1519 825 1760 879 conjunctis-

371 901 486 939 fimos
514 898 585 936 effe
612 897 787 935 arbitrati
816 896 932 934 sunt:
966 907 1137 947 quorum
1161 895 1322 938 moenia,
1354 893 1529 938 delubra,
1561 906 1688 945 agros,
1719 901 1764 931 ut

371 966 451 1019 ipse
472 963 666 1003 Hercules
688 963 877 1000 itinerum
897 974 939 998 ac
960 960 1142 998 laborum
1162 959 1321 997 suorum
1336 988 1346 1003 ‚
1379 959 1429 996 fic
1457 959 1622 1010 majores
1644 957 1764 996 nostri

373 1031 530 1084 imperii
550 1044 592 1068 ac
614 1030 786 1067 nominis
809 1027 947 1080 populi
968 1026 1140 1065 Romani
1162 1026 1350 1063 terminos
1371 1024 1443 1063 effe
1463 1024 1689 1063 voluerunt.

429 1096 640 1136 Testantur
660 1105 698 1133 et
718 1103 894 1132 mortuos
916 1092 1064 1131 nostros
1085 1092 1352 1144 imperatoreS,
1376 1105 1547 1143 quorum
1567 1091 1664 1128 vivit
1685 1090 1765 1128 im-

374 1162 550 1201 mortalis
572 1162 762 1199 memoria
781 1169 819 1197 et
839 1159 977 1211 gloria,
1002 1158 1219 1209 Scipiones,
1243 1158 1401 1202 Brutos,
1433 1157 1637 1201 Horatios,
1671 1155 1767 1194 Cas-

377 1228 463 1273 fios,
491 1227 695 1270 Metellos,
718 1236 755 1263 et
777 1225 884 1263 hunc
907 1223 1134 1276 praesentem
1156 1224 1233 1260 Cn.
1257 1224 1510 1274 Pompeium,
1533 1235 1653 1274 quem
1673 1235 1768 1274 pro-

376 1294 442 1331 cul
469 1293 516 1331 ab
549 1307 685 1330 eorum
716 1291 931 1335 moenibus,
963 1303 1047 1327 acre
1079 1299 1116 1326 et
1148 1302 1338 1340 magnum
1371 1288 1523 1325 bellum
1549 1297 1766 1339 gerentem,

378 1368 599 1397 commeatu
628 1358 870 1409 pecuniaque
892 1356 1079 1407 juverunt
1096 1373 1107 1398 ς
1141 1363 1179 1391 et
1206 1353 1282 1391 hoc
1316 1362 1492 1404 tempore
1524 1352 1607 1405 ipso
1638 1366 1768 1405 popu-

377 1424 463 1462 lum
485 1424 713 1461 Romanum
729 1451 739 1466 ,
771 1435 891 1473 quem
913 1421 952 1458 in
974 1420 1132 1457 caritate
1153 1432 1315 1456 annonae
1330 1448 1340 1463 ,
1373 1428 1417 1455 ut
1438 1418 1534 1470 saepe
1554 1427 1642 1455 ante
1662 1417 1769 1456 fece-

380 1497 480 1533 rant,
512 1487 712 1525 frumento
740 1485 986 1538 suppeditato
1012 1484 1262 1522 levaverunt:
1297 1482 1332 1520 se
1359 1482 1435 1520 hoc
1458 1484 1523 1534 jus
1552 1482 1624 1520 effe
1654 1482 1768 1526 velle,

381 1566 423 1593 ut
445 1554 529 1599 fibi,
561 1563 599 1591 et
620 1553 776 1596 liberis,
809 1552 834 1589 fi
863 1551 931 1603 qui
959 1550 1103 1588 eximia
1130 1551 1274 1587 virtute
1302 1548 1465 1592 fuerint,
1498 1549 1542 1586 s1t
1570 1549 1610 1585 in
1633 1547 1771 1586 nostris

382 1619 527 1663 castris,
559 1619 603 1656 fit
634 1618 675 1655 in
706 1618 989 1669 imperatorum
1021 1615 1226 1667 praetoriis‚
1259 1614 1304 1652 s1t
1336 1614 1505 1666 denique
1537 1614 1638 1651 inter
1670 1613 1775 1665 signa

382 1695 496 1738 atque
528 1686 566 1722 in
601 1685 695 1728 acie,
727 1683 866 1727 locus;
900 1681 945 1719 fit
975 1680 1038 1719 his
1070 1680 1254 1734 gradibus
1287 1679 1460 1721 ascensus
1488 1680 1607 1718 etiam
1634 1679 1681 1716 ad
1712 1680 1772 1718 ci-

382 1760 557 1789 Vitatem.

439 1802 595 1853 XVlII.
620 1814 740 1865 Qod
760 1814 786 1850 fi
807 1812 932 1856 Afris,
955 1812 981 1849 fi
1003 1811 1144 1855 Sardis,
1163 1812 1189 1848 fi
1211 1811 1413 1862 Hispanis,
1436 1812 1537 1862 agris
1559 1810 1773 1862 stipendio-

384 1895 460 1933 que
481 1877 674 1922 rriultatis,
692 1879 835 1915 virtute
856 1876 1016 1928 adipisci
1037 1876 1130 1913 licet
1151 1876 1374 1919 civitatem;
1399 1875 1605 1912 Gaditanis
1627 1884 1773 1920 autem,

384 1946 541 1989 officiis,
564 1943 762 1987 vetustate,
795 1942 884 1986 fide,
916 1941 1117 1994 periculis,
1149 1940 1294 1978 foedere
1314 1940 1550 1991 conjunctis,
1573 1939 1649 1977 hoc
1672 1939 1777 1978 idem

387 2025 465 2049 non
486 2010 622 2048 licebit
642 2024 650 2047 :
683 2022 762 2046 non
790 2007 919 2046 foedus
948 2007 1017 2045 fibi
1046 2005 1251 2044 nobiscum
1267 2035 1277 2050 ,
1311 2005 1372 2043 sed
1394 2005 1649 2058 iniquissimas
1671 2005 1775 2057 leges

387 2077 584 2128 impolitas
607 2089 626 2111 a
647 2074 776 2118 nobis,
798 2073 869 2111 effe
889 2073 1197 2110 arbitrabuntur.
1219 2073 1352 2123 Atque
1371 2070 1487 2116 hanc,
1506 2070 1681 2121 Judices,
1700 2085 1780 2108 non

388 2156 408 2179 a
439 2155 501 2179 me
533 2140 629 2192 fingi
662 2140 893 2183 orationem,
926 2138 988 2175 sed
1020 2152 1084 2175 me
1115 2138 1256 2182 dicere,
1288 2152 1374 2190 quae
1408 2137 1596 2175 Gaditani
1618 2136 1776 2189 judica-

388 2209 482 2253 rint,
502 2219 558 2244 res
576 2205 655 2258 ipsa
670 2205 851 2242 declarat.
872 2203 1104 2256 Hospitium
1125 2203 1262 2241 multis
1284 2204 1394 2240 annis
1415 2212 1503 2240 ante
1523 2202 1600 2240 hoc
1623 2212 1779 2254 tempus

390 2287 482 2312 cum
515 2273 563 2309 L.
601 2270 787 2308 Cornelio
821 2269 1036 2308 Gaditanos
1072 2268 1200 2307 fecifl'e
1232 2269 1391 2321 publice
1423 2269 1527 2308 dico.
1578 2267 1779 2306 Proferam

391 2338 527 2382 testes,
560 2335 755 2388 proferam
790 2335 965 2387 legatos:
1002 2334 1182 2372 excitabo
1216 2334 1458 2379 laudatores,
1490 2347 1588 2387 quos
1623 2333 1670 2371 ad
1704 2333 1780 2372 lioc

386 2404 601 2456 judicium,
634 2402 806 2439 summos
834 2402 1014 2439 homines
1042 2413 1084 2437 ac
1111 2400 1383 2445 nobiliffimos,
1415 2400 1680 2452 deprecatores
1701 2398 1779 2437 hu-

388 2472 452 2521 jus
486 2467 678 2521 periculi,
709 2467 839 2506 missos
873 2467 1027 2506 vidctis,
1072 2466 1131 2504 Re
1153 2465 1321 2519 denique
1342 2466 1471 2505 multo
1491 2475 1579 2504 ante
1601 2464 1780 2503 Gadibus
