2076 2860
440 147 577 187 PRO
629 148 678 187 C.
731 148 1038 186 RABIRIO
1091 148 1456 190 POSTUMO.
1580 166 1659 206 237

248 249 434 290 reddidit.
453 251 543 302 Jam
559 249 672 295 cedo,
690 263 784 288 cum
802 249 849 294 is,
868 249 938 302 qui
959 248 1170 302 pecuniam
1191 250 1380 289 Postumo
1400 251 1553 299 debuit,
1578 268 1656 292 non

247 316 359 362 huic,
391 317 455 354 sed
477 316 668 361 Gabinio,
701 315 879 361 dederit;
912 315 1177 354 condemnato
1206 318 1397 364 Gabinio,
1430 329 1565 358 utrum
1596 322 1657 359 illi

246 396 332 421 eam
353 383 565 435 pecuniam
586 382 772 428 reddidit,
804 395 852 420 an
873 382 994 420 etiam
1015 396 1122 421 nunc
1143 382 1290 422 debet?

301 449 417 487 XIV.
442 450 498 487 At
514 448 649 494 habet,
667 458 705 487 et
722 449 844 487 celat:
869 448 958 487 sunt
979 449 1102 495 enim,
1120 450 1190 502 qui
1212 450 1267 489 ita
1287 451 1516 504 loquantur.
1536 455 1658 506 Qod

246 529 370 568 genus
393 515 552 554 tandem
573 515 628 554 est
647 515 749 554 istud
771 515 1058 561 ostentationis,
1076 525 1115 554 et
1130 517 1290 569 gloriae?
1315 518 1354 556 Si
1372 518 1473 557 nihil
1495 519 1656 559 habuis-

247 582 301 619 set
320 596 512 635 unquam,
532 591 678 627 tamen,
697 582 723 620 fi
741 581 943 635 quaefiffet,
962 597 1033 620 cur
1049 583 1085 620 is
1099 583 1355 622 dissimularet
1371 584 1528 632 habere,
1547 588 1659 626 causa

245 661 325 686 non
347 648 438 686 effet
456 664 464 686 :
498 649 569 702 qui
595 663 686 687 vero
708 648 786 687 duo
807 649 912 686 lauta
932 658 970 687 et
991 649 1147 702 copiosa
1167 651 1405 702 patrimonia
1425 655 1629 706 accepisset
1645 684 1655 699 ‚

245 727 408 767 remque
443 724 626 767 praeterea
662 716 776 753 bonis
812 724 851 753 et
880 714 1053 753 honestis
1085 716 1304 754 rationibus
1335 719 1525 765 auxisset,
1560 721 1656 773 quid

245 780 337 819 effet
367 781 527 820 tandem
558 782 704 827 causae,
737 796 807 820 cur
837 781 1051 819 existimari
1081 782 1201 820 vellet
1230 782 1336 821 nihil
1366 783 1540 824 habere?
1573 791 1654 833 An,

245 861 340 886 cum
361 848 543 886 credebat
564 848 748 886 industus
771 848 915 893 usuris,
936 847 976 885 id
997 849 1151 900 agebat,
1170 859 1214 887 ut
1235 849 1398 889 haberet
1419 866 1539 905 quam
1561 854 1655 907 plu-

245 914 394 953 rimum
413 915 426 952 ?
453 915 706 968 posteaquam
726 915 876 967 exegit,
898 914 1006 967 quod
1027 916 1243 955 crediderat
1260 936 1271 962 3
1306 928 1349 956 ut
1370 920 1658 960 existimaretur

244 995 370 1033 egere,
403 994 553 1019 novum
574 995 698 1034 genus
720 981 797 1020 hoc
818 982 954 1034 gloriae
974 983 1223 1036 concupiscit
1241 985 1254 1022 ?

300 1048 543 1087 Dominatus
574 1048 628 1086 est
657 1050 792 1094 enim,
825 1049 983 1102 inquit,
1016 1050 1282 1089 Alexandriae.
1332 1053 1462 1091 Immo
1492 1069 1583 1092 vero
1614 1055 1655 1093 in

244 1113 515 1167 superbissimo
537 1114 743 1153 dominatu
765 1114 873 1153 fuit:
905 1116 1071 1168 pertulit
1100 1116 1180 1169 ipse
1210 1117 1455 1158 custodiam:
1489 1121 1589 1159 vidit
1614 1123 1655 1160 in

244 1180 416 1219 vinculis
438 1180 650 1220 familiares
673 1182 786 1220 suos:
820 1195 926 1220 mors
948 1181 999 1220 ob
1021 1182 1159 1221 oculos
1181 1183 1278 1237 saepe
1299 1185 1444 1223 versata
1463 1186 1517 1224 est
1535 1202 1543 1225 :
1579 1201 1656 1226 nu-

245 1246 317 1285 dus
339 1256 456 1300 atque
476 1261 609 1299 egens,
641 1248 689 1286 ad
708 1258 934 1286 extremum
955 1247 1065 1301 fugit
1083 1263 1103 1287 e
1125 1263 1261 1302 regno.

301 1313 356 1351 At
391 1323 614 1366 permutata
647 1314 806 1352 aliunde
841 1315 1010 1368 pecunia
1043 1315 1096 1353 est
1116 1331 1123 1354 :
1163 1316 1287 1355 du6tae
1322 1332 1439 1356 naves
1475 1320 1659 1358 Postumi-

245 1379 422 1417 Puteolis
453 1378 565 1418 sunt:
598 1379 740 1418 auditae
761 1379 929 1433 visaeque
951 1395 1126 1426 merces;
1160 1381 1317 1421 fallaces
1341 1385 1504 1437 quidem
1527 1396 1565 1424 et
1585 1385 1653 1424 fu-

244 1445 355 1491 cosae,
378 1444 540 1491 chartis,
559 1456 597 1484 et
618 1447 767 1492 linteis,
786 1457 824 1485 et
840 1447 942 1485 vitro
964 1448 1122 1486 delatae:
1147 1450 1292 1501 quibus
1310 1464 1404 1489 cum
1425 1453 1561 1491 multae
1583 1468 1653 1491 na-

243 1525 308 1550 ves
330 1511 479 1550 refertae
499 1511 674 1558 fuissent,
698 1527 776 1550 una
795 1527 874 1551 non
896 1514 1025 1566 patuit
1046 1527 1174 1566 parva.
1204 1516 1392 1568 Cataplus
1415 1518 1482 1556 ille
1505 1519 1653 1558 Puteo—

244 1577 371 1623 lanus,
390 1577 516 1616 sermo
531 1578 641 1616 illius
659 1579 864 1632 temporis,
880 1581 1164 1632 veetorumque
1180 1581 1329 1626 cursus,
1348 1593 1466 1635 atque
1482 1585 1652 1623 ostenta-

244 1645 327 1689 tio,
360 1653 447 1682 tum
477 1643 723 1683 subinvisum
744 1645 848 1698 apud
878 1646 1092 1684 malevolos
1124 1646 1302 1685 Postumi
1324 1662 1469 1687 nomen
1492 1662 1654 1704 propter

242 1711 474 1765 opinionem
503 1712 681 1764 pecuniae
712 1712 841 1750 nescio
871 1726 1006 1765 quam,
1039 1712 1208 1752 aestatem
1233 1728 1368 1761 unam,
1401 1730 1480 1754 non
1502 1719 1651 1771 plures,

243 1792 352 1816 aures
375 1777 524 1817 refersit
545 1778 626 1817 istis
648 1779 910 1818 sermonibus.

297 1845 391 1883 XV.
426 1844 577 1882 Verum
598 1855 745 1890 autem,
769 1845 946 1897 Judices‚
979 1847 1004 1885 fi
1027 1847 1123 1885 scire
1143 1848 1291 1894 vultis;
1324 1851 1394 1888 nifi
1418 1852 1466 1889 C.
1492 1853 1652 1892 Caesaris

242 1911 396 1950 summa
415 1911 456 1949 in
479 1925 631 1957 omneS,
655 1912 902 1951 incredibilis
919 1913 961 1951 in
977 1912 1086 1952 hunc
1103 1914 1238 1952 eadem
1259 1915 1473 1956 liberalitas
1495 1920 1651 1958 extitis-

241 1977 321 2024 set,
355 1991 425 2016 nos
447 1976 556 2015 hunc
580 1978 813 2017 Postumum
829 1980 912 2031 jam
933 1979 1088 2032 pridem
1118 1981 1159 2018 in
1181 1980 1269 2019 foro
1290 1996 1370 2020 non
1400 1983 1649 2025 haberemus.

243 2044 316 2082 Ille
346 2057 462 2082 onera
492 2045 715 2083 multorum
745 2044 865 2098 hujus
895 2047 1115 2085 amicorum
1143 2049 1301 2101 excepit
1322 2063 1452 2089 unus:
1486 2066 1652 2106 quaeque

238 2110 362 2148 multi
378 2109 560 2148 homines
579 2111 776 2149 necessarii
793 2111 972 2150 secundis
991 2112 1168 2151 Postumi
1185 2115 1301 2153 rebus
1323 2116 1517 2170 descripta
1536 2119 1650 2157 susti-

243 2185 428 2221 nuerunt,
453 2189 559 2213 nunc
580 2177 663 2228 ejus
686 2175 840 2216 afflietis
861 2177 1033 2217 fortunis
1056 2180 1233 2219 universa
1253 2180 1428 2221 sustinet.
1453 2185 1651 2223 Umbram

242 2241 387 2293 equitis
423 2242 596 2279 Romani
631 2252 668 2280 et
703 2243 920 2297 imaginem
955 2245 1096 2285 videtis
1113 2276 1123 2292 ,
1156 2247 1318 2299 Judices
1334 2279 1346 2294 ,
1379 2251 1496 2288 unius
1532 2253 1651 2293 amici

242 2307 508 2346 conservatam
525 2308 689 2354 auxilio,
711 2319 749 2348 et
766 2310 856 2349 fide.
881 2310 1000 2350 Nihil
1018 2312 1113 2351 huic
1134 2314 1232 2366 eripi
1253 2315 1390 2367 potest,
1415 2327 1553 2368 praeter
1573 2317 1649 2356 hoc

243 2374 495 2412 simulacrum
514 2375 682 2426 pristinae
703 2376 924 2429 dignitatis,
944 2379 1051 2430 quod
1074 2380 1200 2418 Caesar
1217 2381 1319 2418 solus
1344 2392 1489 2428 tuetur,
1507 2394 1544 2421 et
1567 2384 1647 2421 sus-

244 2440 366 2479 tinet:
399 2453 484 2492 quae
504 2441 680 2493 quidem,
704 2442 744 2480 in
766 2443 995 2482 miserrimis
1017 2445 1148 2490 rebus,
1171 2445 1267 2484 huic
1291 2456 1419 2485 tamen
1444 2449 1650 2487 tribuenda
