2076 2860
922 94 1149 150 [441]

972 318 987 352 l
1039 318 1075 351 N

385 530 500 604 M.
612 517 1669 600 ANTONIUM

635 769 1209 813 PHILIPPICA
1281 767 1418 805 XIII.

332 1000 365 1037 I.
515 997 543 1034 P
560 998 595 1034 R
612 998 628 1034 I
645 997 685 1035 N
703 997 735 1034 C
752 997 768 1034 I
788 996 849 1033 ΡΙ
867 995 902 1031 O
935 992 1054 1045 hujus
1077 992 1187 1037 belli,
1212 992 1343 1029 Patres
1365 988 1594 1040 conscripti,
1618 986 1724 1038 quod

541 1076 634 1100 cum
666 1061 799 1114 impiis
831 1060 984 1097 civibus
1015 1057 1283 1109 sceleratisque
1304 1055 1559 1107 suscepimus,
1592 1052 1724 1094 timui,

329 1144 378 1168 ne
411 1129 589 1168 conditio
622 1126 800 1165 infidiosa
830 1125 934 1177 pacis
967 1124 1161 1160 libertatis
1193 1120 1463 1173 recuperandae
1494 1118 1617 1156 studia
1647 1118 1723 1154 res-

331 1197 542 1248 tingueret.
590 1193 721 1231 Dulce
753 1193 860 1229 enim
890 1191 1009 1228 etiam
1040 1202 1184 1226 nomen
1206 1187 1259 1226 est
1289 1186 1424 1240 pacis;
1457 1198 1514 1222 res
1537 1197 1626 1221 vero
1647 1183 1728 1235 ipsa

331 1276 425 1299 cum
452 1259 653 1313 jucunda,
686 1268 773 1296 tum
806 1256 995 1294 salutaris.
1044 1255 1151 1293 Nam
1184 1267 1256 1292 nec
1287 1253 1458 1305 privatos
1491 1250 1622 1295 focos,
1654 1263 1726 1286 nec

330 1327 510 1380 publicas
532 1326 635 1377 leges
657 1324 826 1367 videtur,
860 1335 930 1359 nec
959 1320 1151 1358 libertatis
1168 1320 1272 1371 jura,
1304 1331 1390 1355 cara
1418 1316 1574 1361 habere,
1606 1329 1726 1367 quem

332 1392 546 1437 discordiae,
579 1404 699 1444 quem
728 1389 850 1427 caedes
881 1387 1044 1431 civium,
1077 1399 1196 1438 quem
1222 1383 1373 1422 bellum
1394 1382 1510 1421 civile
1532 1382 1723 1425 delectat,

330 1473 502 1512 eumque
523 1472 570 1496 ex
592 1470 756 1496 numero
777 1455 989 1493 hominum
1011 1451 1265 1505 ejiciendum,
1297 1465 1344 1488 ex
1366 1449 1512 1487 finibus
1541 1448 1725 1486 humanae

331 1535 477 1565 naturae
506 1522 865 1566 exterminandum,
898 1530 1009 1573 puto.
1053 1521 1189 1571 Itaque
1210 1518 1284 1556 five
1306 1516 1424 1567 Sylla,
1456 1515 1530 1552 five
1552 1514 1721 1559 Marius,

332 1593 407 1630 five
439 1601 628 1643 uterque,
660 1590 735 1627 five
769 1587 980 1631 Octavius,
1014 1585 1087 1623 five
1121 1585 1275 1628 Cinna,
1308 1582 1383 1620 five
1415 1581 1559 1618 iterum
1593 1579 1723 1631 Sylla,

333 1659 407 1696 five
428 1657 524 1695 alter
545 1655 697 1694 Marius
719 1663 758 1692 et
779 1653 923 1696 Carbo,
956 1652 1030 1689 five
1060 1650 1148 1702 quis
1180 1649 1277 1686 alius
1299 1646 1415 1684 civile
1437 1645 1588 1683 bellum
1609 1653 1723 1697 opta-

331 1725 404 1769 vit,
439 1737 530 1762 eum
560 1720 827 1760 detestabilem
857 1719 984 1756 civem
1015 1715 1242 1768 reipublicae
1264 1722 1400 1752 natum
1416 1711 1569 1763 judico.
1616 1711 1725 1749 Nam

332 1789 429 1843 quid
449 1802 522 1841 ego
543 1788 589 1826 de
609 1787 793 1841 proximo
814 1785 958 1829 dicam,
991 1783 1103 1835 cujus
1133 1783 1215 1818 aaa
1243 1778 1507 1821 defendimus,
1539 1790 1633 1815 cum
1660 1776 1723 1828 ip-

333 1857 523 1908 sumjure
544 1854 686 1892 caesum
714 1852 936 1891 fateamur?
971 1848 1089 1888 Nihil
1122 1848 1244 1899 igitur
1275 1845 1352 1883 hoc
1383 1845 1483 1889 cive,
1515 1841 1617 1881 nihil
1648 1841 1725 1881 hoc

332 1921 495 1960 homine
517 1920 654 1958 tetrius
673 1938 683 1964 ;
717 1919 743 1957 fi
765 1926 830 1956 aut
851 1916 963 1961 civis,
995 1924 1062 1953 aut
1082 1912 1218 1958 homo,
1251 1909 1453 1949 habendus
1474 1909 1542 1954 est,
1574 1908 1643 1961 qui
1663 1908 1722 1946 ci·

331 1988 407 2026 vile
428 1987 581 2025 bellum
602 1984 862 2037 concupiscit.

389 2053 462 2090 Sed
496 2051 573 2090 hoc
608 2051 784 2103 primurn
819 2047 1034 2086 videndum
1068 2046 1146 2091 est,
1185 2046 1315 2083 Patres
1356 2042 1595 2095 conscripst,
1630 2054 1725 2080 cum

334 2117 570 2156 omnibusne
592 2129 666 2168 pax
687 2115 758 2152 effe
788 2113 916 2166 poflit,
948 2125 994 2149 an
1027 2111 1072 2149 fit
1101 2109 1261 2163 aliquod
1293 2109 1445 2147 bellum
1468 2106 1722 2159 inexpiabile,

337 2185 374 2221 in
409 2197 488 2235 quo
524 2182 650 2235 pactio
680 2181 785 2232 pacis
817 2180 878 2218 lex
910 2180 954 2217 fit
984 2178 1195 2216 servitutis.
1243 2177 1385 2214 Pacem
1419 2189 1513 2214 cum
1543 2174 1726 2225 Scipione

337 2250 441 2301 Sylla
463 2248 536 2286 five
566 2247 747 2291 faciebat,
780 2246 853 2284 five
884 2245 1117 2290 fimulabat;
1151 2257 1229 2281 non
1260 2252 1340 2280 erat
1369 2239 1666 2293 desperandum,
1698 2238 1724 2275 fi

337 2313 588 2358 convenisset,
620 2312 707 2350 fore
728 2312 901 2364 aliquem
923 2310 1168 2349 tolerabilem
1199 2309 1341 2346 statum
1367 2307 1551 2346 civitatis.
1597 2304 1726 2342 Cinna

338 2383 363 2420 fi
385 2380 637 2419 concordiam
659 2392 751 2416 cum
775 2377 939 2417 OCtavio
960 2376 1191 2415 confirmare
1218 2372 1412 2417 voluifl‘et,
1443 2372 1654 2410 hominum
1686 2369 1724 2406 in

423 2449 555 2486 Toni.
588 2446 662 2483 VI.
1279 2441 1315 2476 K
1346 2438 1371 2475 k
1404 2437 1429 2474 k
