2076 2860
643 192 1218 233 PHILIPPICA
1296 194 1410 235 XIV.
1644 198 1722 250 463

331 293 542 348 explendas
564 293 746 346 egestates
768 294 967 331 latrocinii
988 292 1046 331 sui
1071 293 1301 346 concupivit
1321 296 1334 332 ?
1365 308 1486 348 quam
1500 296 1599 349 jam,
1621 298 1728 349 peri-

332 371 394 399 tus
417 369 584 398 metator
604 370 642 398 et
663 360 845 405 callidus,
875 359 1111 412 decempeda
1132 360 1197 398 sua
1218 361 1312 398 Saxa
1332 361 1511 400 diviserat
1530 363 1543 400 ?
1576 363 1729 401 Recor-

333 427 498 471 damini,
521 440 588 478 per
609 427 715 464 Deos
737 426 980 464 immortales
1001 426 1008 463 !
1044 427 1174 464 Patres
1196 426 1424 480 conscripti,
1448 428 1545 480 quid
1565 428 1642 467 hoc
1664 429 1728 467 bi-

332 493 411 530 duo
429 492 696 537 timuerimus,
716 506 737 529 a
753 491 976 530 domesticis
993 491 1170 530 hostibus
1189 493 1415 531 rumoribus
1432 494 1728 547 improbiffimis

333 558 537 610 dissipatis.
576 559 678 609 Qis
701 557 862 603 liberos,
894 558 982 611 quis
1004 559 1232 611 conjugem,
1264 559 1459 612 adspicere
1481 570 1632 612 poterat
1654 562 1730 599 fine

334 624 460 662 fletu?
493 625 582 676 quis
604 623 799 662 domum?
823 624 911 677 quis
934 626 1061 662 tecta?
1094 625 1182 678 quis
1204 624 1326 663 larem
1348 624 1613 664 familiarem?
1646 628 1730 665 Aut

333 689 585 728 foediffimam
603 699 772 728 mortem
789 704 941 735 omnes,
959 700 1025 728 aut
1042 690 1304 729 miserabilem
1320 690 1471 742 fugam,
1487 692 1728 744 cogitabant.

336 757 436 794 Haec
468 769 489 793 a
519 756 664 809 quibus
699 756 955 801 timebantur,
987 770 1051 795 eos
1083 756 1210 795 hostes
1238 757 1434 809 appellare
1466 758 1729 798 dubitamus?

335 822 506 860 Gravius
529 822 555 860 fi
577 823 666 874 quis
687 823 864 860 attulerit
884 836 1044 868 nomen,
1067 822 1237 860 libenter
1256 823 1457 862 affentiar:
1481 823 1558 863 hoc
1579 825 1731 877 vulgari

333 897 545 926 contentus
566 888 631 925 vix
653 887 753 933 sum,
784 887 929 926 leviore
949 902 1028 926 non
1051 896 1150 926 utar.

392 955 546 1006 Itaque,
569 967 662 992 cum
682 954 1222 1008 supplicationesjustiffimas
1239 968 1286 993 ex
1304 955 1351 994 iis
1368 955 1507 1002 literis,
1526 970 1611 1009 quae
1629 957 1729 995 reci-

333 1027 424 1058 tatae
441 1019 545 1064 sunt,
564 1018 769 1057 decernere
789 1019 1016 1065 debeamus,
1039 1020 1302 1074 Serviliusque
1322 1021 1536 1060 decreverit
1544 1041 1556 1068 ς
1579 1024 1732 1076 augebo

334 1084 501 1124 omnino
522 1098 734 1124 numerum
755 1085 923 1131 dierum,
955 1087 1167 1138 praesertim
1189 1101 1283 1125 cum
1309 1101 1388 1126 non
1410 1089 1495 1134 uni,
1527 1089 1591 1126 sed
1617 1103 1730 1128 com-

331 1150 508 1190 muniter
527 1151 653 1189 tribus
675 1150 858 1198 ducibus,
886 1151 960 1190 fint
981 1151 1248 1192 decernendae.
1281 1153 1353 1191 Sed
1374 1152 1450 1192 hoc
1471 1155 1647 1207 primum
1669 1155 1729 1193 fa-

335 1219 455 1263 ciam,
487 1227 531 1256 ut
551 1218 805 1270 imperatores
827 1219 1023 1271 appellem
1050 1232 1130 1264 eos,
1161 1233 1334 1272 quorum
1360 1220 1521 1266 virtute,
1553 1222 1732 1267 confilio,

335 1284 543 1329 felicitate,
575 1284 760 1322 maximis
787 1284 973 1337 periculis
1002 1285 1198 1323 servitutis
1225 1294 1343 1338 atque
1369 1287 1551 1326 interitus
1577 1288 1734 1327 liberati

338 1350 488 1389 sumus.
522 1350 685 1389 Etenim
705 1350 771 1388 cui
791 1350 934 1403 viginti
955 1350 1017 1388 his
1037 1351 1149 1389 annis
1169 1351 1406 1404 supplicatio
1426 1352 1579 1392 decreta
1598 1354 1665 1400 est,
1689 1364 1733 1393 ut

338 1430 419 1455 non
441 1416 654 1469 imperator
673 1416 950 1470 appellaretur,
981 1425 1048 1454 aut
1068 1417 1248 1455 minimis
1270 1418 1385 1456 rebus
1405 1419 1536 1470 gestis,
1559 1429 1625 1458 aut
1644 1421 1731 1472 ple-

334 1497 507 1536 rumque
528 1483 682 1520 nullis?
715 1483 987 1535 Qamobrem
1017 1491 1084 1521 aut
1114 1482 1350 1536 supplicatio
1378 1485 1426 1522 ab
1456 1499 1516 1530 eo,
1547 1486 1617 1537 qui
1644 1495 1733 1524 ante

334 1548 454 1594 dixit,
486 1548 728 1586 decernenda
747 1563 825 1586 non
848 1548 953 1594 fuit3
986 1557 1052 1586 aut
1073 1548 1233 1587 ufitatus
1255 1548 1381 1587 honos
1402 1551 1732 1604 pervulgatusque

340 1613 572 1652 tribuendus
594 1614 658 1659 iis,
690 1614 836 1666 quibus
857 1615 976 1652 etiam
997 1614 1089 1652 novi
1109 1623 1148 1652 et
1169 1614 1378 1666 singulares
1400 1615 1607 1654 debentur.

396 1680 450 1718 V.
483 1681 552 1725 At,
583 1679 608 1718 fi
631 1680 720 1732 quis
742 1680 1029 1733 Hispanorum,
1060 1689 1127 1718 aut
1155 1680 1381 1726 Gallorum,
1412 1690 1479 1719 aut
1509 1681 1730 1729 Thracum,

335 1746 454 1784 :mille
474 1755 540 1785 aut
561 1745 640 1784 duo
660 1746 788 1784 millia
802 1746 1017 1792 occidisset,
1036 1760 1115 1784 non
1131 1759 1223 1784 eum
1239 1746 1312 1784 hac
1333 1747 1629 1794 consuetudine,
1648 1762 1734 1801 qua:

342 1812 554 1858 increbuit,
571 1813 848 1866 imperatorem
864 1813 1076 1866 appellaret
1092 1813 1268 1851 senatus?
1293 1822 1352 1851 tot
1367 1813 1592 1865 legionibus
1614 1816 1732 1861 caefis,

336 1885 449 1917 tanta
467 1878 726 1918 multitudine
747 1879 964 1925 interfecta,
993 1878 1167 1918 hostium
1188 1879 1305 1925 dico;
1338 1879 1406 1925 ita,
1433 1880 1611 1933 inquam,
1639 1880 1733 1919 hos-

342 1945 461 1991 tium,
479 1945 658 1998 quamvis
676 1944 752 1983 hoc
769 1945 830 1984 isti
847 1945 973 1984 hostes
991 1945 1194 1984 domestici
1211 1945 1360 1991 nolint;
1385 1945 1602 1984 clarissimis
1619 1946 1734 1985 duci-

343 2010 416 2049 bus
438 2011 775 2064 supplicationum
794 2011 988 2050 honorem
1009 2011 1246 2057 tribuemus,
1278 2011 1563 2064 imperatorum
1589 2027 1735 2052 nomen

344 2077 562 2116 adimemus
583 2080 595 2116 ?
628 2080 791 2130 Qanto
811 2079 919 2116 enim
939 2077 1103 2123 honore,
1125 2077 1275 2124 laetitia,
1297 2079 1573 2131 gratulatione,
1595 2081 1636 2118 in
1658 2080 1736 2119 hoc

336 2143 544 2195 >templum
564 2144 717 2196 ingredi
739 2143 883 2182 debent
910 2144 971 2182 illi
999 2144 1069 2197 ipfi
1095 2143 1215 2197 hujus
1237 2145 1345 2184 urbis
1367 2146 1608 2193 liberatores,
1640 2161 1734 2185 cum

342 2208 523 2247 hesterno
543 2209 620 2254 die,
651 2218 811 2262 propter
829 2223 967 2249 eorum
988 2224 1045 2249 res
1072 2211 1209 2265 gestas,
1241 2225 1305 2250 me
1330 2222 1528 2259 ovantem,
1554 2222 1592 2250 et
1612 2227 1734 2266 prope

344 2275 674 2329 triumphantem,
708 2276 878 2330 populus
901 2278 1105 2317 Romanus
1137 2278 1178 2316 in
1208 2279 1455 2331 Capitolium
1483 2280 1602 2318 domo
1629 2280 1734 2317 tule-

345 2342 413 2386 rit,
445 2342 610 2380 domum
631 2342 722 2380 inde
743 2342 940 2382 reduxerit
958 2345 971 2382 ?
1004 2346 1041 2383 Is
1062 2345 1170 2383 enim
1190 2344 1353 2384 demum
1373 2346 1441 2391 est,
1467 2361 1553 2384 mea
1573 2346 1735 2399 quidem

347 2408 550 2454 sententia,
577 2408 704 2461 justus
736 2409 964 2463 triumphus
995 2424 1038 2448 ac
1071 2425 1198 2456 verus,
1229 2425 1323 2450 cum
1348 2412 1447 2450 bene
1466 2412 1514 2450 de
1534 2413 1736 2464 republica

349 2476 499 2516 meritis
522 2476 793 2517 testimonium
817 2491 838 2517 a
865 2477 1052 2518 consensu
1072 2478 1243 2519 civitatis
1263 2479 1390 2520 datur.
1434 2479 1556 2525 Nam,
1588 2479 1662 2518 five
1692 2479 1736 2518 in
