2076 2860
672 165 749 204 IN
797 133 859 202 L.
923 162 1282 202 PISONEM.
1610 178 1683 217 179

275 265 396 304 iratus
417 265 490 304 effe
510 264 709 303 deberem.
729 266 915 317 Qorum
933 264 1097 317 quidem
1117 264 1225 317 (quis
1243 262 1350 302 enim
1373 277 1451 302 non
1474 264 1682 317 intelligit,

274 346 375 386 quos
397 333 501 371 dicas
519 331 561 382 ?)
585 345 814 385 quanquam
835 345 914 368 non
935 330 990 368 est
1010 344 1087 368 una
1107 332 1218 369 causa
1237 331 1443 376 omnium,
1476 341 1607 370 tamen
1629 331 1682 369 est

275 399 461 437 omnium
481 397 584 436 mihi
604 398 781 451 probata.
806 397 878 436 Me
901 399 978 437 Cn.
997 398 1225 450 PompeiuS‚
1245 398 1383 436 multis
1405 398 1682 437 obsistentibus

275 465 359 516 ejus
376 478 466 517 erga
481 478 544 503 me
561 463 688 502 studio
705 474 822 517 atque
839 464 978 510 amori,
997 464 1148 517 semper
1164 463 1319 509 dilexit,
1337 464 1488 517 semper
1503 464 1569 502 sua
1583 478 1682 502 con-

270 531 479 583 junoitione
499 531 773 583 digniffimum
788 531 998 584 judicavit,
1021 531 1171 584 semper
1189 545 1266 569 non
1284 531 1404 569 modo
1420 531 1681 575 incolumem,

276 596 340 635 sed
361 599 481 637 etiam
501 598 801 651 ampliffimum,
824 607 942 651 atque
962 597 1265 643 ornatiffimum,
1288 598 1416 636 voluit
1436 598 1522 637 effe.
1538 598 1683 636 Vestrae

276 663 446 711 fraudes,
479 666 650 704 vestrum
680 666 821 711 scelus,
852 665 982 703 vestrae
1002 666 1299 703 criminationes
1323 664 1552 703 insidiarum
1574 679 1681 703 mea-

275 744 381 777 rum,
396 732 505 770 illius
520 731 806 785 periculorum,
821 730 966 769 nefarie
983 731 1095 776 fietae,
1109 730 1223 769 fimul
1239 744 1392 775 eorum,
1406 731 1491 783 qui,
1510 731 1680 769 familia-

277 797 403 836 ritatis
420 798 596 844 licentia,
614 798 774 837 suorum
791 797 1172 851 improbiffimorum
1187 796 1414 835 sermonum
1429 796 1683 835 domicilium

276 864 319 902 in
351 864 510 903 auribus
543 866 626 917 ejus
659 863 835 917 impulsu
867 863 991 901 vestro
1019 863 1330 908 collocaverunt,
1363 863 1493 902 vestrae
1523 864 1682 916 cupidi-

275 939 372 969 tates
400 931 710 983 provinciarum,
741 929 959 968 effecerunt
991 938 1036 967 ut
1067 943 1142 982 ego
1173 929 1417 975 excluderer,
1450 930 1680 983 omnesque,

275 998 346 1050 qui
367 1011 444 1042 me,
477 997 547 1050 qui
568 996 677 1034 illius
698 996 882 1049 gloriam,
915 996 985 1049 qui
1012 995 1318 1048 rempublicam,
1352 996 1494 1034 salvam
1515 997 1588 1034 effe
1609 1011 1681 1034 cu-

273 1062 450 1116 piebant,
483 1062 660 1101 sermone
680 1072 797 1115 atque
819 1062 927 1100 aditu
948 1061 1270 1115 prohiberentur.
1304 1063 1465 1114 Qibus
1492 1063 1607 1101 rebus
1629 1063 1683 1101 est

274 1128 509 1183 perfectum,
533 1138 578 1168 ut
599 1129 660 1167 illi
681 1129 796 1182 plane
818 1129 885 1167 suo
906 1128 1001 1166 stare
1016 1128 1172 1182 judicio
1194 1142 1273 1167 non
1295 1129 1446 1174 liceret,
1470 1143 1563 1167 cum
1585 1130 1683 1167 certi

273 1195 457 1234 homines
479 1209 560 1234 non
581 1195 756 1234 studium
776 1197 859 1249 ejus
890 1209 911 1233 a
939 1209 1004 1233 me
1034 1194 1257 1233 alienaffent
1273 1225 1284 1241 ,
1318 1195 1380 1233 sed
1401 1196 1597 1234 auxilium
1618 1210 1680 1234 re-

274 1263 495 1302 tardassent.
538 1264 688 1302 Nonne
717 1263 765 1301 ad
798 1272 836 1301 te
868 1264 918 1301 L.
943 1263 1155 1309 Lentulus,
1188 1264 1257 1316 qui
1292 1273 1379 1301 tum
1411 1273 1492 1301 erat
1524 1273 1679 1316 praetor,

276 1343 356 1368 non
379 1330 596 1383 QSanga‚
629 1343 709 1368 non
731 1331 780 1368 L.
798 1332 1027 1383 Torquatus
1050 1339 1173 1383 pater,
1206 1343 1285 1368 non
1309 1330 1372 1368 M.
1394 1330 1591 1368 Lucullus
1612 1344 1680 1368 ve-

276 1397 337 1434 nit
356 1397 369 1434 ?
401 1397 472 1449 qui
492 1409 629 1434 omnes
651 1395 698 1434 ad
718 1410 825 1441 eum,
858 1396 1058 1448 multique
1079 1396 1280 1441 mortales,
1313 1405 1468 1434 oratum
1490 1397 1529 1434 in
1553 1396 1680 1434 Alba-

275 1476 375 1501 num
414 1463 742 1516 obsecratumque
776 1472 961 1501 venerant
979 1492 990 1508 ‚
1024 1477 1071 1501 ne
1106 1477 1212 1501 meas
1248 1462 1425 1501 fortunas
1462 1463 1650 1501 desereret
1668 1494 1680 1509 ‚

275 1543 370 1568 cum
399 1529 628 1582 reipublicae
659 1530 779 1568 salute
809 1531 1054 1582 conjundtas.
1089 1530 1201 1581 Qos
1223 1529 1292 1567 ille
1312 1529 1358 1566 ad
1380 1539 1417 1566 te
1437 1539 1477 1567 et
1496 1529 1543 1566 ad
1566 1539 1682 1568 tuum

276 1597 472 1648 collegam
493 1596 655 1641 remisit,
689 1606 733 1633 ut
753 1596 907 1633 causam
928 1596 1134 1648 publicam
1156 1595 1415 1647 susciperetis,
1440 1604 1484 1632 ut
1504 1595 1550 1633 ad
1572 1595 1681 1633 sena-

276 1670 365 1699 tum
387 1660 604 1699 referretis:
640 1660 675 1698 se
696 1670 833 1699 contra
853 1670 1050 1698 armatum
1072 1660 1281 1699 tribunum
1302 1660 1430 1713 plebis
1452 1660 1530 1698 fine
1551 1661 1681 1699 confi-

276 1727 331 1765 lio
347 1727 512 1780 publico
528 1726 723 1764 decertare
737 1727 863 1772 nolle;
883 1726 1113 1764 consulibus
1129 1740 1177 1765 ex
1194 1726 1557 1764 senatus-consulto
1574 1740 1680 1765 rem-

276 1793 482 1847 publicam
504 1792 809 1832 defendentibus
825 1823 836 1839 ,
869 1793 905 1831 se
926 1806 1032 1831 arma
1052 1792 1321 1846 sumpturum.
1355 1793 1516 1846 Ecquid
1538 1792 1681 1833 infelix

276 1860 489 1899 recordaris
505 1889 516 1906 ‚
548 1859 646 1912 quid
673 1859 914 1913 responderis
935 1860 948 1897 ?
981 1860 1021 1897 in
1044 1873 1125 1912 quo
1145 1859 1207 1897 illi
1235 1873 1372 1899 omnes
1395 1859 1584 1913 quidem,
1617 1861 1682 1899 sed

275 1929 506 1980 Torquatus
528 1935 668 1980 praeter
687 1936 861 1972 caeteros,
894 1926 1050 1964 furebat
1071 1926 1323 1965 contumacia
1343 1926 1511 1979 responfi
1533 1928 1617 1966 tui:
1643 1937 1681 1965 te

275 2007 356 2033 non
388 1993 461 2032 effe
492 2003 573 2032 tam
600 1992 762 2039 fortem,
794 2007 915 2046 quam
935 1993 1016 2046 ipse
1038 1995 1267 2046 Torquatus
1289 1994 1331 2031 in
1352 1993 1558 2033 consulatu
1579 1993 1679 2032 fuis-

274 2059 344 2106 set,
366 2069 433 2099 aut
453 2072 546 2112 ego:
570 2058 673 2098 nihil
694 2073 792 2112 opus
815 2059 887 2097 effe
907 2058 1040 2105 armis,
1064 2058 1166 2097 nihil
1188 2059 1468 2098 contentione:
1492 2073 1556 2098 me
1575 2059 1681 2112 posse

275 2128 423 2167 iterum
453 2128 744 2181 rempublicam
779 2127 925 2165 servare
940 2156 950 2172 ,
983 2126 1009 2164 fi
1045 2126 1230 2171 cefiiffem
1249 2142 1258 2166 z
1297 2127 1497 2166 infinitam
1532 2127 1680 2166 caedem

277 2193 387 2239 fore,
420 2194 446 2232 fi
479 2193 724 2232 restitissem:
762 2194 903 2232 deinde
935 2193 981 2231 ad
1013 2203 1265 2240 extremum,
1299 2208 1426 2247 neque
1458 2194 1520 2240 se,
1554 2208 1681 2247 neque

277 2273 488 2312 generum,
520 2274 648 2313 neque
680 2260 874 2314 collegam
906 2260 1041 2306 suum,
1074 2261 1238 2300 tribuno
1269 2260 1397 2314 plebis
1431 2260 1678 2301 defuturum.

278 2327 361 2365 Hic
384 2335 448 2371 tu,
479 2324 600 2365 hostis
622 2339 665 2365 ac
686 2327 884 2380 proditor,
916 2327 1002 2365 aliis
1025 2341 1088 2366 me
1110 2326 1403 2373 inimiciorem,
1436 2341 1554 2381 quam
1578 2327 1678 2373 tibi,

278 2392 418 2431 debere
439 2392 512 2431 effe
531 2391 630 2431 dicis
651 2394 664 2431 ?

334 2459 514 2499 XXXII.
546 2460 635 2513 Ego
657 2461 707 2500 C.
731 2459 922 2500 Caesarcm
944 2474 1023 2499 non
1046 2460 1180 2500 eadem
1203 2461 1248 2498 de
1279 2460 1481 2512 republica
1507 2458 1653 2498 senfiffe
1668 2487 1679 2504 ,

1289 2526 1320 2564 Z
1355 2538 1376 2564 2
