2076 2860
356 230 404 269 34
827 210 1273 249 ORATIO

354 311 654 363 rempublicam,
687 309 909 360 cogitaretis
927 328 937 352 3
971 308 1017 345 de
1038 309 1120 360 ejus
1141 308 1286 346 virtute
1306 307 1380 345 viri
1400 306 1496 359 quid
1517 321 1584 346 vos
1614 307 1738 360 loqui,

353 377 449 428 quid
470 376 631 420 sentire,
663 374 759 426 quid
781 374 951 425 cogitare
966 403 977 418 ‚
1010 374 1107 425 quid
1122 373 1299 426 judicare
1319 382 1519 426 oporteat,
1551 373 1739 412 dubitan-

356 443 451 480 dum
473 442 618 494 putatis
636 442 648 478 ?

409 509 465 545 At
486 519 574 544 vero
596 506 656 542 illi
685 505 755 556 ipsi
786 505 1011 557 parricidae,
1044 519 1215 557 quorum
1245 506 1454 544 effrenatus
1488 505 1597 544 furor
1625 506 1744 544 alitur

355 573 590 625 impunitate
611 571 811 615 diuturna,
840 571 934 608 adeo
956 571 1037 608 vim
1058 570 1243 610 facinoris
1266 573 1324 610 sui
1344 572 1659 625 perhorruerant,
1683 581 1741 617 ut,

356 639 381 676 fi
403 638 519 690 paulo
541 637 697 688 longior
718 637 856 688 opinio
878 636 1016 673 mortis
1040 637 1164 674 Sextii
1184 637 1314 675 fuiffet
1329 667 1340 682 ,
1373 637 1605 676 Gracchum
1625 638 1744 676 illurn

356 703 484 747 suum,
518 700 774 740 transferendi
806 702 847 738 in
869 714 937 738 nos
960 701 1138 739 criminis
1161 702 1285 747 causa,
1317 703 1495 741 occidere
1515 703 1741 756 cogitarint.

358 771 479 808 Sensit
501 769 708 807 rusticulus
730 782 809 806 non
832 769 1011 806 incautus
1029 798 1038 812 ,
1073 770 1219 821 (neque
1242 771 1350 808 enim
1371 769 1552 809 homines
1575 784 1745 823 nequam

357 846 482 874 tacere
502 834 734 887 potuerunt)
760 834 873 871 suum
896 835 1124 885 sanguinem
1141 835 1261 886 quaeri
1278 835 1325 873 ad
1341 835 1658 888 restinguendam
1678 837 1744 874 in-

355 901 503 940 vidiam
524 899 708 938 facinoris
731 900 937 938 Clodiani:
962 900 1221 938 mulionicam
1242 901 1428 953 penulam
1449 902 1628 954 arripuit,
1651 915 1745 940 cum

358 981 435 1020 qua
464 967 639 1019 primum
670 967 841 1003 Romam
871 967 917 1003 ad
947 966 1109 1004 comitia
1140 977 1322 1005 venerat:
1355 967 1532 1005 mefforia
1563 968 1599 1006 se
1628 968 1746 1006 corbe

357 1033 535 1070 contexit
554 1047 561 1069 :
595 1045 688 1069 cum
709 1041 924 1083 quaererent
944 1032 1011 1069 alii
1032 1032 1290 1077 Numerium,
1322 1033 1389 1070 alii
1410 1033 1643 1085 Qintium,
1674 1047 1744 1086 ge-

358 1099 460 1137 mini
481 1099 654 1136 nominis
676 1112 802 1135 errore
823 1098 990 1136 servatus
1011 1098 1078 1136 est.
1112 1100 1246 1151 Atque
1267 1099 1343 1137 hoc
1366 1099 1470 1138 scitis
1496 1113 1648 1146 omnes,
1680 1100 1746 1138 us-

359 1180 436 1218 que
465 1165 559 1202 adeo
589 1163 794 1202 hominem
824 1165 865 1201 in
896 1164 1071 1216 periculo
1101 1164 1226 1210 fuisse,
1259 1165 1387 1218 quoad
1418 1166 1560 1204 scitum
1582 1167 1627 1204 fit
1649 1168 1747 1205 Sex-

361 1232 463 1268 tium
484 1231 625 1267 vivere.
689 1230 765 1267 uod
782 1230 851 1267 nifi
868 1230 957 1267 effet
974 1229 1212 1282 patefactum
1233 1232 1350 1283 paulo
1370 1232 1503 1276 citius,
1522 1245 1640 1284 quam
1661 1232 1745 1270 vel-

360 1297 468 1341 lem3
502 1309 579 1333 non
602 1296 661 1332 illi
683 1295 845 1347 quidem
867 1305 993 1333 morte
1015 1297 1243 1334 mercenarii
1274 1297 1331 1334 sui
1363 1296 1568 1335 transferre
1593 1298 1745 1350 potuis-

362 1361 444 1399 sent
465 1360 654 1398 invidiam
675 1361 714 1397 in
738 1374 835 1412 quos
858 1361 1047 1413 putabant
1063 1391 1073 1405 ,
1106 1361 1168 1398 sed
1197 1362 1428 1400 acerbiffimi
1459 1362 1611 1401 sceleris
1639 1362 1745 1401 i'nfa-

361 1428 482 1464 miam
503 1437 612 1479 grato
633 1426 804 1478 quodam
825 1426 964 1465 scelere
985 1427 1227 1467 minuissent.

416 1494 492 1537 Ac,
524 1493 551 1530 fi
584 1502 679 1530 tunc
713 1493 758 1530 P.
790 1493 958 1539 Sextius,
990 1494 1165 1545 Judices,
1198 1495 1239 1532 in
1272 1496 1424 1548 templo
1458 1495 1626 1534 Castoris
1659 1497 1745 1533 ani—

362 1572 483 1602 mam,
515 1571 634 1610 quam
655 1558 720 1595 vix
743 1559 919 1604 retinuit,
942 1559 1142 1605 edidiffet;
1166 1574 1244 1598 non
1267 1560 1421 1606 dubito,
1445 1562 1557 1613 quin,
1581 1562 1606 1599 fi
1629 1561 1747 1599 modo

361 1623 450 1661 effet
472 1623 511 1660 in
533 1623 735 1675 republica
756 1623 907 1661 senatus
923 1653 933 1669 ,
966 1625 991 1661 fi
1015 1625 1190 1676 majestas
1210 1627 1348 1677 populi
1382 1627 1553 1664 Romani
1584 1627 1746 1664 revixis-

364 1689 441 1733 set,
474 1688 684 1739 aliquando
714 1688 834 1726 statua
862 1688 957 1726 huic
987 1690 1038 1727 ob
1064 1691 1351 1742 rempublicam
1373 1691 1579 1730 interfecto
1600 1693 1640 1730 in
1662 1691 1749 1731 foro

362 1754 605 1791 statueretur.
626 1754 712 1790 Nec
729 1767 819 1790 vero
836 1754 997 1791 illorum
1019 1755 1241 1806 quisquam,
1259 1770 1360 1807 quos
1380 1770 1400 1793 a
1420 1758 1637 1808 majoribus
1658 1758 1747 1796 nos-

365 1820 432 1856 tris
450 1848 459 1863 ,
492 1828 619 1855 morte
649 1818 756 1855 obita
772 1848 781 1862 ,
814 1819 956 1870 positos
979 1819 1018 1856 in
1045 1819 1116 1857 illo
1138 1820 1226 1857 loco
1247 1830 1363 1873 atque
1385 1822 1424 1858 in
1448 1822 1599 1860 Rostris
1619 1824 1746 1861 collo-

364 1894 469 1921 catos
492 1883 646 1927 v‘idetiS,
679 1882 768 1920 effet
793 1884 835 1921 P.
861 1884 994 1922 Sextio
1015 1894 1081 1922 aut
1102 1886 1311 1923 acerbitate
1333 1887 1487 1932 mortis,
1519 1897 1586 1925 aut
1615 1890 1747 1927 animo

364 1951 404 1987 in
428 1949 728 2000 rempublicam,
752 1951 1057 2001 praeponendua:
1077 1951 1161 2003 qui,
1179 1965 1271 1989 cum
1293 1953 1445 1991 causam
1467 1954 1563 1991 civis
1585 1954 1747 1992 calami-

365 2015 458 2058 tofi,
490 2014 641 2052 causam
674 2015 816 2060 amici,
849 2016 1001 2053 causam
1035 2017 1132 2054 bene
1165 2017 1212 2054 dc
1244 2018 1445 2070 republica
1465 2019 1622 2064 meriti,
1655 2034 1747 2058 cau-

364 2082 443 2118 sam
476 2080 652 2124 senatus,
684 2080 835 2118 causam
866 2082 1012 2127 Italiae,
1044 2082 1196 2120 causam
1217 2084 1469 2136 reipublicae,
1500 2085 1745 2138 suscepiffet;

365 2160 534 2198 cumque
556 2145 736 2198 auspiciis
759 2147 1018 2200 religionique
1040 2163 1175 2200 parens
1197 2150 1463 2196 obnuntiaret,
1495 2152 1601 2203 quod
1622 2152 1747 2190 sense-

365 2222 449 2256 rat;
483 2212 568 2248 lucc
590 2212 717 2263 palam
738 2225 757 2248 a
786 2212 942 2251 nefariis
975 2215 1146 2266 pestibus
1179 2216 1220 2252 in
1251 2217 1426 2255 Deorum
1458 2216 1749 2271 hominumque

363 2277 571 2329 conspectu
592 2277 680 2314 esset
702 2278 877 2323 occisus,
911 2279 1141 2318 sanctisshno
1171 2281 1212 2318 in
1242 2283 1418 2334 templo,
1451 2283 1679 2321 sanetiffima
1706 2284 1746 2322 in

364 2343 498 2387 causa,
530 2342 761 2381 sanctiffimo
783 2344 822 2381 in
845 2345 1083 2396 magistratu.
1129 2348 1226 2398 Ejus
1256 2348 1376 2400 igitur
1401 2349 1521 2387 vitam
1542 2350 1748 2402 quisquam

359 2408 605 2461 ,spoliandam
638 2411 877 2447 ornamentis
912 2410 984 2448 esse
1019 2411 1148 2457 dicet,
1181 2414 1293 2465 cujus
1330 2424 1500 2454 mortem
1533 2416 1749 2455 ornandam

364 2484 622 2513 monumento
643 2475 880 2528 sempiterno
901 2478 1087 2528 putaretis
1109 2479 1121 2515 ?
