<?xml version="1.0" encoding="UTF-8"?>
<!DOCTYPE html PUBLIC "-//W3C//DTD XHTML 1.0 Transitional//EN"
    "http://www.w3.org/TR/xhtml1/DTD/xhtml1-transitional.dtd">
<html xmlns="http://www.w3.org/1999/xhtml" xml:lang="en" lang="en">
 <head>
  <title>
</title>
<meta http-equiv="Content-Type" content="text/html;charset=utf-8" />
  <meta name='ocr-system' content='tesseract 3.04.00' />
  <meta name='ocr-capabilities' content='ocr_page ocr_carea ocr_par ocr_line ocrx_word'/>
</head>
<body>
  <div class='ocr_page' id='page_1' title='image "./operacumindicibu06ciceuoft_0191.png"; bbox 0 0 2076 2860; ppageno 0'>
   <div class='ocr_carea' id='block_1_1' title="bbox 670 165 1676 208">
    <p class='ocr_par' dir='ltr' id='par_1_1' title="bbox 670 165 1676 208">
     <span class='ocr_line' id='line_1_1' title="bbox 670 165 1676 208; baseline 0.004 -4"><span class='ocrx_word' id='word_1_1' title='bbox 670 166 747 205; x_wconf 94' lang='lat' dir='ltr'>IN</span> <span class='ocrx_word' id='word_1_2' title='bbox 807 167 857 205; x_wconf 89' lang='lat' dir='ltr'>L.</span> <span class='ocrx_word' id='word_1_3' title='bbox 925 165 1282 205; x_wconf 86' lang='lat' dir='ltr'><strong>PISONEM.</strong></span> <span class='ocrx_word' id='word_1_4' title='bbox 1607 168 1676 208; x_wconf 83' lang='lat'>181</span> 
     </span>
    </p>
   </div>
   <div class='ocr_carea' id='block_1_2' title="bbox 271 264 1695 2510">
    <p class='ocr_par' dir='ltr' id='par_1_2' title="bbox 275 264 1688 1182">
     <span class='ocr_line' id='line_1_2' title="bbox 275 264 1680 320; baseline -0.001 -15"><span class='ocrx_word' id='word_1_5' title='bbox 275 266 479 320; x_wconf 87' lang='lat' dir='ltr'>praeberet,</span> <span class='ocrx_word' id='word_1_6' title='bbox 513 273 643 302; x_wconf 89' lang='lat' dir='ltr'>tamen</span> <span class='ocrx_word' id='word_1_7' title='bbox 664 264 716 309; x_wconf 90' lang='lat' dir='ltr'>ei,</span> <span class='ocrx_word' id='word_1_8' title='bbox 749 277 842 302; x_wconf 93' lang='lat' dir='ltr'>cum</span> <span class='ocrx_word' id='word_1_9' title='bbox 865 272 990 301; x_wconf 85' lang='lat' dir='ltr'>tantas</span> <span class='ocrx_word' id='word_1_10' title='bbox 1012 277 1073 302; x_wconf 81' lang='lat' dir='ltr'>res</span> <span class='ocrx_word' id='word_1_11' title='bbox 1092 264 1270 316; x_wconf 74' lang='lat' dir='ltr'>gestisset,</span> <span class='ocrx_word' id='word_1_12' title='bbox 1293 274 1523 318; x_wconf 84' lang='lat' dir='ltr'>gereretque</span> <span class='ocrx_word' id='word_1_13' title='bbox 1543 268 1680 318; x_wconf 89' lang='lat' dir='ltr'>quoti-</span> 
     </span>
     <span class='ocr_line' id='line_1_3' title="bbox 278 330 1682 385; baseline 0 -14"><span class='ocrx_word' id='word_1_14' title='bbox 278 334 341 371; x_wconf 88' lang='lat' dir='ltr'>die</span> <span class='ocrx_word' id='word_1_15' title='bbox 355 363 367 379; x_wconf 90' lang='lat'>,</span> <span class='ocrx_word' id='word_1_16' title='bbox 399 346 479 370; x_wconf 89' lang='lat' dir='ltr'>non</span> <span class='ocrx_word' id='word_1_17' title='bbox 500 331 651 369; x_wconf 83' lang='lat' dir='ltr'>amicus</span> <span class='ocrx_word' id='word_1_18' title='bbox 673 330 746 368; x_wconf 86' lang='lat' dir='ltr'>effe</span> <span class='ocrx_word' id='word_1_19' title='bbox 766 344 845 368; x_wconf 89' lang='lat' dir='ltr'>non</span> <span class='ocrx_word' id='word_1_20' title='bbox 866 330 1030 382; x_wconf 77' lang='lat' dir='ltr'>possem.</span> <span class='ocrx_word' id='word_1_21' title='bbox 1069 331 1195 383; x_wconf 84' lang='lat' dir='ltr'>Cujus</span> <span class='ocrx_word' id='word_1_22' title='bbox 1218 345 1291 383; x_wconf 87' lang='lat' dir='ltr'>ego</span> <span class='ocrx_word' id='word_1_23' title='bbox 1312 332 1480 385; x_wconf 89' lang='lat' dir='ltr'>imperio</span> <span class='ocrx_word' id='word_1_24' title='bbox 1502 347 1582 370; x_wconf 92' lang='lat' dir='ltr'>non</span> <span class='ocrx_word' id='word_1_25' title='bbox 1604 334 1682 371; x_wconf 80' lang='lat' dir='ltr'>Al-</span> 
     </span>
     <span class='ocr_line' id='line_1_4' title="bbox 276 396 1682 452; baseline 0 -15"><span class='ocrx_word' id='word_1_26' title='bbox 276 401 390 452; x_wconf 89' lang='lat' dir='ltr'>pium</span> <span class='ocrx_word' id='word_1_27' title='bbox 420 397 569 436; x_wconf 88' lang='lat' dir='ltr'>vallum</span> <span class='ocrx_word' id='word_1_28' title='bbox 599 406 736 435; x_wconf 88' lang='lat' dir='ltr'>contra</span> <span class='ocrx_word' id='word_1_29' title='bbox 764 396 993 435; x_wconf 87' lang='lat' dir='ltr'>adscensum</span> <span class='ocrx_word' id='word_1_30' title='bbox 1014 397 1431 451; x_wconf 85' lang='lat' dir='ltr'>transgreffionemque</span> <span class='ocrx_word' id='word_1_31' title='bbox 1453 399 1682 445; x_wconf 80' lang='lat' dir='ltr'>Gallorum,</span> 
     </span>
     <span class='ocr_line' id='line_1_5' title="bbox 277 463 1684 516; baseline 0.001 -13"><span class='ocrx_word' id='word_1_32' title='bbox 277 478 358 503; x_wconf 87' lang='lat' dir='ltr'>non</span> <span class='ocrx_word' id='word_1_33' title='bbox 379 463 515 502; x_wconf 87' lang='lat' dir='ltr'>Rheni</span> <span class='ocrx_word' id='word_1_34' title='bbox 535 463 688 508; x_wconf 86' lang='lat' dir='ltr'>foffam,</span> <span class='ocrx_word' id='word_1_35' title='bbox 711 464 938 516; x_wconf 84' lang='lat' dir='ltr'>gurgitibus</span> <span class='ocrx_word' id='word_1_36' title='bbox 961 463 1042 502; x_wconf 84' lang='lat' dir='ltr'>illis</span> <span class='ocrx_word' id='word_1_37' title='bbox 1064 464 1365 510; x_wconf 84' lang='lat' dir='ltr'>redundantem,</span> <span class='ocrx_word' id='word_1_38' title='bbox 1389 467 1684 504; x_wconf 86' lang='lat' dir='ltr'>Germanorum</span> 
     </span>
     <span class='ocr_line' id='line_1_6' title="bbox 277 531 1684 584; baseline 0.001 -14"><span class='ocrx_word' id='word_1_39' title='bbox 277 531 571 570; x_wconf 72' lang='lat' dir='ltr'>immanissimis</span> <span class='ocrx_word' id='word_1_40' title='bbox 589 531 776 583; x_wconf 83' lang='lat' dir='ltr'>gentibus</span> <span class='ocrx_word' id='word_1_41' title='bbox 799 531 948 583; x_wconf 85' lang='lat' dir='ltr'>objicio</span> <span class='ocrx_word' id='word_1_42' title='bbox 969 540 1008 568; x_wconf 92' lang='lat' dir='ltr'>et</span> <span class='ocrx_word' id='word_1_43' title='bbox 1032 545 1219 584; x_wconf 88' lang='lat' dir='ltr'>oppono:</span> <span class='ocrx_word' id='word_1_44' title='bbox 1253 531 1421 584; x_wconf 86' lang='lat' dir='ltr'>perfecit</span> <span class='ocrx_word' id='word_1_45' title='bbox 1449 533 1533 578; x_wconf 87' lang='lat' dir='ltr'>ille,</span> <span class='ocrx_word' id='word_1_46' title='bbox 1566 542 1624 579; x_wconf 90' lang='lat' dir='ltr'>ut,</span> <span class='ocrx_word' id='word_1_47' title='bbox 1657 534 1684 571; x_wconf 88' lang='lat' dir='ltr'>fi</span> 
     </span>
     <span class='ocr_line' id='line_1_7' title="bbox 279 597 1685 651; baseline 0.001 -15"><span class='ocrx_word' id='word_1_48' title='bbox 279 608 435 636; x_wconf 85' lang='lat' dir='ltr'>montes</span> <span class='ocrx_word' id='word_1_49' title='bbox 457 597 692 642; x_wconf 73' lang='lat' dir='ltr'>resedissent,</span> <span class='ocrx_word' id='word_1_50' title='bbox 715 611 848 635; x_wconf 84' lang='lat' dir='ltr'>amnes</span> <span class='ocrx_word' id='word_1_51' title='bbox 870 597 1118 643; x_wconf 80' lang='lat' dir='ltr'>exaruissent,</span> <span class='ocrx_word' id='word_1_52' title='bbox 1138 612 1217 636; x_wconf 89' lang='lat' dir='ltr'>non</span> <span class='ocrx_word' id='word_1_53' title='bbox 1240 608 1386 636; x_wconf 81' lang='lat' dir='ltr'>naturae</span> <span class='ocrx_word' id='word_1_54' title='bbox 1407 599 1597 651; x_wconf 81' lang='lat' dir='ltr'>praefidio,</span> <span class='ocrx_word' id='word_1_55' title='bbox 1620 599 1685 638; x_wconf 91' lang='lat' dir='ltr'>sed</span> 
     </span>
     <span class='ocr_line' id='line_1_8' title="bbox 279 663 1682 716; baseline 0.001 -15"><span class='ocrx_word' id='word_1_56' title='bbox 279 664 443 701; x_wconf 60' lang='lat' dir='ltr'>victoria</span> <span class='ocrx_word' id='word_1_57' title='bbox 463 663 542 708; x_wconf 88' lang='lat' dir='ltr'>sua,</span> <span class='ocrx_word' id='word_1_58' title='bbox 561 663 754 716; x_wconf 87' lang='lat' dir='ltr'>rebusque</span> <span class='ocrx_word' id='word_1_59' title='bbox 775 663 906 716; x_wconf 76' lang='lat' dir='ltr'>gesti5‚</span> <span class='ocrx_word' id='word_1_60' title='bbox 925 663 1082 701; x_wconf 89' lang='lat' dir='ltr'>Italiam</span> <span class='ocrx_word' id='word_1_61' title='bbox 1101 664 1301 702; x_wconf 87' lang='lat' dir='ltr'>munitam</span> <span class='ocrx_word' id='word_1_62' title='bbox 1320 663 1568 704; x_wconf 77' lang='lat' dir='ltr'>haberemus.</span> <span class='ocrx_word' id='word_1_63' title='bbox 1594 665 1682 711; x_wconf 85' lang='lat' dir='ltr'>Sed,</span> 
     </span>
     <span class='ocr_line' id='line_1_9' title="bbox 279 730 1684 783; baseline 0.001 -14"><span class='ocrx_word' id='word_1_64' title='bbox 279 744 374 769; x_wconf 89' lang='lat' dir='ltr'>cum</span> <span class='ocrx_word' id='word_1_65' title='bbox 405 744 470 768; x_wconf 87' lang='lat' dir='ltr'>me</span> <span class='ocrx_word' id='word_1_66' title='bbox 502 740 674 782; x_wconf 83' lang='lat' dir='ltr'>expetat,</span> <span class='ocrx_word' id='word_1_67' title='bbox 707 730 861 782; x_wconf 87' lang='lat' dir='ltr'>diligat,</span> <span class='ocrx_word' id='word_1_68' title='bbox 894 730 1006 768; x_wconf 85' lang='lat' dir='ltr'>omni</span> <span class='ocrx_word' id='word_1_69' title='bbox 1037 730 1152 768; x_wconf 85' lang='lat' dir='ltr'>laude</span> <span class='ocrx_word' id='word_1_70' title='bbox 1183 731 1352 782; x_wconf 83' lang='lat' dir='ltr'>dignum</span> <span class='ocrx_word' id='word_1_71' title='bbox 1382 742 1510 783; x_wconf 82' lang='lat' dir='ltr'>putet,</span> <span class='ocrx_word' id='word_1_72' title='bbox 1544 743 1586 770; x_wconf 91' lang='lat' dir='ltr'>tu</span> <span class='ocrx_word' id='word_1_73' title='bbox 1620 747 1684 770; x_wconf 88' lang='lat' dir='ltr'>me</span> 
     </span>
     <span class='ocr_line' id='line_1_10' title="bbox 278 796 1684 837; baseline 0.001 -3"><span class='ocrx_word' id='word_1_74' title='bbox 278 810 301 835; x_wconf 85' lang='lat' dir='ltr'>a</span> <span class='ocrx_word' id='word_1_75' title='bbox 321 797 399 834; x_wconf 90' lang='lat' dir='ltr'>tuis</span> <span class='ocrx_word' id='word_1_76' title='bbox 421 797 646 834; x_wconf 76' lang='lat' dir='ltr'>inimicitiis</span> <span class='ocrx_word' id='word_1_77' title='bbox 668 796 715 833; x_wconf 89' lang='lat' dir='ltr'>ad</span> <span class='ocrx_word' id='word_1_78' title='bbox 736 796 977 834; x_wconf 77' lang='lat' dir='ltr'>simultatem</span> <span class='ocrx_word' id='word_1_79' title='bbox 998 797 1197 834; x_wconf 83' lang='lat' dir='ltr'>revocabis</span> <span class='ocrx_word' id='word_1_80' title='bbox 1218 797 1231 834; x_wconf 89' lang='lat'>?</span> <span class='ocrx_word' id='word_1_81' title='bbox 1265 797 1327 834; x_wconf 88' lang='lat' dir='ltr'>Sic</span> <span class='ocrx_word' id='word_1_82' title='bbox 1360 798 1439 835; x_wconf 89' lang='lat' dir='ltr'>tuis</span> <span class='ocrx_word' id='word_1_83' title='bbox 1473 798 1684 837; x_wconf 85' lang='lat' dir='ltr'>sceleribus</span> 
     </span>
     <span class='ocr_line' id='line_1_11' title="bbox 280 861 1684 917; baseline 0.001 -16"><span class='ocrx_word' id='word_1_84' title='bbox 280 863 510 916; x_wconf 80' lang='lat' dir='ltr'>reipublicae</span> <span class='ocrx_word' id='word_1_85' title='bbox 544 863 737 915; x_wconf 84' lang='lat' dir='ltr'>praeterita</span> <span class='ocrx_word' id='word_1_86' title='bbox 771 862 851 900; x_wconf 88' lang='lat' dir='ltr'>fata</span> <span class='ocrx_word' id='word_1_87' title='bbox 884 861 1087 900; x_wconf 81' lang='lat' dir='ltr'>refricabis</span> <span class='ocrx_word' id='word_1_88' title='bbox 1107 864 1120 900; x_wconf 89' lang='lat'>?</span> <span class='ocrx_word' id='word_1_89' title='bbox 1163 863 1283 914; x_wconf 84' lang='lat' dir='ltr'>Qod</span> <span class='ocrx_word' id='word_1_90' title='bbox 1316 863 1479 916; x_wconf 86' lang='lat' dir='ltr'>quidem</span> <span class='ocrx_word' id='word_1_91' title='bbox 1513 874 1580 910; x_wconf 90' lang='lat' dir='ltr'>tu,</span> <span class='ocrx_word' id='word_1_92' title='bbox 1615 866 1684 917; x_wconf 88' lang='lat' dir='ltr'>qui</span> 
     </span>
     <span class='ocr_line' id='line_1_12' title="bbox 280 928 1685 980; baseline 0.002 -13"><span class='ocrx_word' id='word_1_93' title='bbox 280 929 382 967; x_wconf 88' lang='lat' dir='ltr'>bene</span> <span class='ocrx_word' id='word_1_94' title='bbox 413 928 536 967; x_wconf 79' lang='lat' dir='ltr'>nosses</span> <span class='ocrx_word' id='word_1_95' title='bbox 569 928 893 980; x_wconf 64' lang='lat' dir='ltr'>conjunctionem</span> <span class='ocrx_word' id='word_1_96' title='bbox 926 942 1055 966; x_wconf 88' lang='lat' dir='ltr'>meam</span> <span class='ocrx_word' id='word_1_97' title='bbox 1083 938 1122 967; x_wconf 89' lang='lat' dir='ltr'>et</span> <span class='ocrx_word' id='word_1_98' title='bbox 1151 929 1327 975; x_wconf 78' lang='lat' dir='ltr'>Caesaris‚</span> <span class='ocrx_word' id='word_1_99' title='bbox 1358 930 1559 977; x_wconf 89' lang='lat' dir='ltr'>eludebas‚</span> <span class='ocrx_word' id='word_1_100' title='bbox 1591 946 1685 970; x_wconf 91' lang='lat' dir='ltr'>cum</span> 
     </span>
     <span class='ocr_line' id='line_1_13' title="bbox 280 994 1688 1041; baseline 0.002 -7"><span class='ocrx_word' id='word_1_101' title='bbox 280 1009 301 1034; x_wconf 86' lang='lat' dir='ltr'>a</span> <span class='ocrx_word' id='word_1_102' title='bbox 330 1009 394 1033; x_wconf 86' lang='lat' dir='ltr'>me</span> <span class='ocrx_word' id='word_1_103' title='bbox 427 995 688 1033; x_wconf 87' lang='lat' dir='ltr'>trementibus</span> <span class='ocrx_word' id='word_1_104' title='bbox 721 995 887 1032; x_wconf 90' lang='lat' dir='ltr'>omnino</span> <span class='ocrx_word' id='word_1_105' title='bbox 918 994 1053 1040; x_wconf 73' lang='lat' dir='ltr'>labris,</span> <span class='ocrx_word' id='word_1_106' title='bbox 1087 994 1150 1033; x_wconf 88' lang='lat' dir='ltr'>sed</span> <span class='ocrx_word' id='word_1_107' title='bbox 1172 1005 1318 1041; x_wconf 89' lang='lat' dir='ltr'>tamen,</span> <span class='ocrx_word' id='word_1_108' title='bbox 1351 1011 1422 1034; x_wconf 87' lang='lat' dir='ltr'>cur</span> <span class='ocrx_word' id='word_1_109' title='bbox 1442 997 1518 1035; x_wconf 88' lang='lat' dir='ltr'>tibi</span> <span class='ocrx_word' id='word_1_110' title='bbox 1539 1012 1688 1037; x_wconf 82' lang='lat' dir='ltr'>nomen</span> 
     </span>
     <span class='ocr_line' id='line_1_14' title="bbox 278 1060 1615 1114; baseline 0.001 -13"><span class='ocrx_word' id='word_1_111' title='bbox 278 1075 356 1101; x_wconf 89' lang='lat' dir='ltr'>non</span> <span class='ocrx_word' id='word_1_112' title='bbox 379 1060 586 1106; x_wconf 86' lang='lat' dir='ltr'>deferrem,</span> <span class='ocrx_word' id='word_1_113' title='bbox 619 1061 857 1114; x_wconf 85' lang='lat' dir='ltr'>requirebas.</span> <span class='ocrx_word' id='word_1_114' title='bbox 891 1063 1146 1114; x_wconf 85' lang='lat' dir='ltr'>Qanquam,</span> <span class='ocrx_word' id='word_1_115' title='bbox 1180 1063 1288 1114; x_wconf 88' lang='lat' dir='ltr'>quod</span> <span class='ocrx_word' id='word_1_116' title='bbox 1308 1063 1354 1100; x_wconf 91' lang='lat' dir='ltr'>ad</span> <span class='ocrx_word' id='word_1_117' title='bbox 1376 1078 1439 1101; x_wconf 89' lang='lat' dir='ltr'>me</span> <span class='ocrx_word' id='word_1_118' title='bbox 1459 1065 1615 1110; x_wconf 85' lang='lat' dir='ltr'>attinet,</span> 
     </span>
     <span class='ocr_line' id='line_1_15' title="bbox 391 1128 1398 1182; baseline 0.001 -15"><span class='ocrx_word' id='word_1_119' title='bbox 391 1129 590 1182; x_wconf 75' lang='lat' dir='ltr'>IVunquam</span> <span class='ocrx_word' id='word_1_120' title='bbox 610 1128 708 1182; x_wconf 66' lang='lat' dir='ltr'>gstam</span> <span class='ocrx_word' id='word_1_121' title='bbox 728 1129 933 1167; x_wconf 78' lang='lat' dir='ltr'>imminuam</span> <span class='ocrx_word' id='word_1_122' title='bbox 953 1143 1079 1167; x_wconf 78' lang='lat' dir='ltr'>curam</span> <span class='ocrx_word' id='word_1_123' title='bbox 1099 1129 1283 1182; x_wconf 42' lang='lat' dir='ltr'>infitiando</span> <span class='ocrx_word' id='word_1_124' title='bbox 1303 1129 1398 1169; x_wconf 79' lang='lat' dir='ltr'>tibi:</span> 
     </span>
    </p>

    <p class='ocr_par' dir='ltr' id='par_1_3' title="bbox 281 1194 1692 1768">
     <span class='ocr_line' id='line_1_16' title="bbox 281 1194 1686 1250; baseline 0.004 -18"><span class='ocrx_word' id='word_1_125' title='bbox 281 1204 413 1233; x_wconf 84' lang='lat' dir='ltr'>tamen</span> <span class='ocrx_word' id='word_1_126' title='bbox 434 1195 488 1232; x_wconf 90' lang='lat' dir='ltr'>est</span> <span class='ocrx_word' id='word_1_127' title='bbox 508 1194 611 1232; x_wconf 91' lang='lat' dir='ltr'>mihi</span> <span class='ocrx_word' id='word_1_128' title='bbox 631 1195 972 1240; x_wconf 83' lang='lat' dir='ltr'>considerandum,</span> <span class='ocrx_word' id='word_1_129' title='bbox 999 1204 1196 1247; x_wconf 88' lang='lat' dir='ltr'>quantum</span> <span class='ocrx_word' id='word_1_130' title='bbox 1216 1195 1292 1241; x_wconf 90' lang='lat' dir='ltr'>illi,</span> <span class='ocrx_word' id='word_1_131' title='bbox 1317 1197 1434 1234; x_wconf 83' lang='lat' dir='ltr'>tantis</span> <span class='ocrx_word' id='word_1_132' title='bbox 1457 1198 1686 1250; x_wconf 64' lang='lat' dir='ltr'>reipublicae</span> 
     </span>
     <span class='ocr_line' id='line_1_17' title="bbox 283 1261 1686 1314; baseline 0.004 -16"><span class='ocrx_word' id='word_1_133' title='bbox 283 1261 453 1313; x_wconf 81' lang='lat' dir='ltr'>negotiis</span> <span class='ocrx_word' id='word_1_134' title='bbox 474 1270 665 1313; x_wconf 85' lang='lat' dir='ltr'>tantoque</span> <span class='ocrx_word' id='word_1_135' title='bbox 685 1261 792 1299; x_wconf 91' lang='lat' dir='ltr'>bello</span> <span class='ocrx_word' id='word_1_136' title='bbox 812 1262 1022 1314; x_wconf 86' lang='lat' dir='ltr'>impedito,</span> <span class='ocrx_word' id='word_1_137' title='bbox 1049 1276 1137 1314; x_wconf 87' lang='lat' dir='ltr'>ego,</span> <span class='ocrx_word' id='word_1_138' title='bbox 1169 1261 1294 1300; x_wconf 87' lang='lat' dir='ltr'>homo</span> <span class='ocrx_word' id='word_1_139' title='bbox 1313 1264 1583 1311; x_wconf 79' lang='lat' dir='ltr'>amiciffimus‚</span> <span class='ocrx_word' id='word_1_140' title='bbox 1608 1266 1686 1304; x_wconf 84' lang='lat' dir='ltr'>sol-</span> 
     </span>
     <span class='ocr_line' id='line_1_18' title="bbox 281 1328 1684 1385; baseline 0.004 -20"><span class='ocrx_word' id='word_1_141' title='bbox 281 1328 504 1366; x_wconf 75' lang='lat' dir='ltr'>licitudinis</span> <span class='ocrx_word' id='word_1_142' title='bbox 525 1338 642 1380; x_wconf 86' lang='lat' dir='ltr'>atque</span> <span class='ocrx_word' id='word_1_143' title='bbox 663 1329 791 1366; x_wconf 81' lang='lat' dir='ltr'>oneris</span> <span class='ocrx_word' id='word_1_144' title='bbox 812 1329 1033 1380; x_wconf 78' lang='lat' dir='ltr'>imponam.</span> <span class='ocrx_word' id='word_1_145' title='bbox 1076 1330 1164 1367; x_wconf 91' lang='lat' dir='ltr'>Nec</span> <span class='ocrx_word' id='word_1_146' title='bbox 1186 1329 1345 1382; x_wconf 86' lang='lat' dir='ltr'>despero</span> <span class='ocrx_word' id='word_1_147' title='bbox 1367 1340 1497 1369; x_wconf 83' lang='lat' dir='ltr'>tamen</span> <span class='ocrx_word' id='word_1_148' title='bbox 1514 1363 1524 1377; x_wconf 93' lang='lat'>,</span> <span class='ocrx_word' id='word_1_149' title='bbox 1557 1347 1684 1385; x_wconf 86' lang='lat' dir='ltr'>quan-</span> 
     </span>
     <span class='ocr_line' id='line_1_19' title="bbox 283 1395 1687 1448; baseline 0.004 -16"><span class='ocrx_word' id='word_1_150' title='bbox 283 1408 402 1447; x_wconf 88' lang='lat' dir='ltr'>quam</span> <span class='ocrx_word' id='word_1_151' title='bbox 423 1395 583 1447; x_wconf 85' lang='lat' dir='ltr'>languet</span> <span class='ocrx_word' id='word_1_152' title='bbox 599 1396 804 1447; x_wconf 78' lang='lat' dir='ltr'>juventus,</span> <span class='ocrx_word' id='word_1_153' title='bbox 837 1409 908 1433; x_wconf 83' lang='lat' dir='ltr'>nec</span> <span class='ocrx_word' id='word_1_154' title='bbox 930 1395 1106 1448; x_wconf 84' lang='lat' dir='ltr'>perinde,</span> <span class='ocrx_word' id='word_1_155' title='bbox 1139 1409 1182 1433; x_wconf 84' lang='lat' dir='ltr'>ac</span> <span class='ocrx_word' id='word_1_156' title='bbox 1204 1395 1384 1442; x_wconf 87' lang='lat' dir='ltr'>debebat,</span> <span class='ocrx_word' id='word_1_157' title='bbox 1418 1399 1458 1435; x_wconf 90' lang='lat' dir='ltr'>in</span> <span class='ocrx_word' id='word_1_158' title='bbox 1492 1399 1616 1437; x_wconf 73' lang='lat' dir='ltr'>laudis</span> <span class='ocrx_word' id='word_1_159' title='bbox 1649 1410 1687 1438; x_wconf 85' lang='lat' dir='ltr'>et</span> 
     </span>
     <span class='ocr_line' id='line_1_20' title="bbox 282 1461 1686 1516; baseline 0.004 -18"><span class='ocrx_word' id='word_1_160' title='bbox 282 1461 420 1513; x_wconf 83' lang='lat' dir='ltr'>gloriae</span> <span class='ocrx_word' id='word_1_161' title='bbox 438 1461 656 1514; x_wconf 88' lang='lat' dir='ltr'>cupiditate</span> <span class='ocrx_word' id='word_1_162' title='bbox 676 1461 860 1506; x_wconf 88' lang='lat' dir='ltr'>versatur,</span> <span class='ocrx_word' id='word_1_163' title='bbox 894 1461 1049 1499; x_wconf 83' lang='lat' dir='ltr'>futuros</span> <span class='ocrx_word' id='word_1_164' title='bbox 1080 1462 1249 1514; x_wconf 79' lang='lat' dir='ltr'>aliquos,</span> <span class='ocrx_word' id='word_1_165' title='bbox 1281 1464 1351 1515; x_wconf 87' lang='lat' dir='ltr'>qui</span> <span class='ocrx_word' id='word_1_166' title='bbox 1381 1464 1578 1516; x_wconf 60' lang='lat' dir='ltr'>abjectum</span> <span class='ocrx_word' id='word_1_167' title='bbox 1609 1465 1686 1503; x_wconf 89' lang='lat' dir='ltr'>hoc</span> 
     </span>
     <span class='ocr_line' id='line_1_21' title="bbox 283 1526 1686 1580; baseline 0.004 -16"><span class='ocrx_word' id='word_1_168' title='bbox 283 1526 444 1564; x_wconf 84' lang='lat' dir='ltr'>cadaver</span> <span class='ocrx_word' id='word_1_169' title='bbox 464 1527 735 1565; x_wconf 84' lang='lat' dir='ltr'>consularibus</span> <span class='ocrx_word' id='word_1_170' title='bbox 757 1527 892 1579; x_wconf 83' lang='lat' dir='ltr'>spoliis</span> <span class='ocrx_word' id='word_1_171' title='bbox 914 1527 1059 1564; x_wconf 89' lang='lat' dir='ltr'>nudare</span> <span class='ocrx_word' id='word_1_172' title='bbox 1081 1541 1159 1564; x_wconf 90' lang='lat' dir='ltr'>non</span> <span class='ocrx_word' id='word_1_173' title='bbox 1183 1528 1312 1565; x_wconf 85' lang='lat' dir='ltr'>nolint</span> <span class='ocrx_word' id='word_1_174' title='bbox 1327 1559 1337 1573; x_wconf 92' lang='lat'>‚</span> <span class='ocrx_word' id='word_1_175' title='bbox 1371 1530 1584 1580; x_wconf 83' lang='lat' dir='ltr'>praesertim</span> <span class='ocrx_word' id='word_1_176' title='bbox 1607 1541 1686 1569; x_wconf 83' lang='lat' dir='ltr'>tam</span> 
     </span>
     <span class='ocr_line' id='line_1_22' title="bbox 283 1590 1689 1646; baseline 0.004 -17"><span class='ocrx_word' id='word_1_177' title='bbox 283 1590 443 1636; x_wconf 64' lang='lat' dir='ltr'>afflicto,</span> <span class='ocrx_word' id='word_1_178' title='bbox 476 1602 557 1629; x_wconf 91' lang='lat' dir='ltr'>tam</span> <span class='ocrx_word' id='word_1_179' title='bbox 577 1592 753 1637; x_wconf 89' lang='lat' dir='ltr'>infirmo,</span> <span class='ocrx_word' id='word_1_180' title='bbox 786 1601 867 1629; x_wconf 91' lang='lat' dir='ltr'>tam</span> <span class='ocrx_word' id='word_1_181' title='bbox 888 1602 1070 1630; x_wconf 88' lang='lat' dir='ltr'>enervato</span> <span class='ocrx_word' id='word_1_182' title='bbox 1091 1606 1155 1630; x_wconf 87' lang='lat' dir='ltr'>reo</span> <span class='ocrx_word' id='word_1_183' title='bbox 1172 1611 1183 1637; x_wconf 85' lang='lat'>;</span> <span class='ocrx_word' id='word_1_184' title='bbox 1217 1594 1286 1643; x_wconf 90' lang='lat' dir='ltr'>qui</span> <span class='ocrx_word' id='word_1_185' title='bbox 1309 1601 1346 1630; x_wconf 90' lang='lat' dir='ltr'>te</span> <span class='ocrx_word' id='word_1_186' title='bbox 1368 1594 1420 1630; x_wconf 89' lang='lat' dir='ltr'>ita</span> <span class='ocrx_word' id='word_1_187' title='bbox 1440 1595 1609 1646; x_wconf 75' lang='lat' dir='ltr'>gesseris,</span> <span class='ocrx_word' id='word_1_188' title='bbox 1643 1606 1689 1634; x_wconf 88' lang='lat' dir='ltr'>ut</span> 
     </span>
     <span class='ocr_line' id='line_1_23' title="bbox 283 1657 1692 1712; baseline 0.004 -17"><span class='ocrx_word' id='word_1_189' title='bbox 283 1658 457 1702; x_wconf 87' lang='lat' dir='ltr'>timeres,</span> <span class='ocrx_word' id='word_1_190' title='bbox 477 1671 525 1695; x_wconf 91' lang='lat' dir='ltr'>ne</span> <span class='ocrx_word' id='word_1_191' title='bbox 546 1657 735 1709; x_wconf 84' lang='lat' dir='ltr'>indignus</span> <span class='ocrx_word' id='word_1_192' title='bbox 758 1657 951 1696; x_wconf 88' lang='lat' dir='ltr'>beneficio</span> <span class='ocrx_word' id='word_1_193' title='bbox 972 1657 1172 1704; x_wconf 85' lang='lat' dir='ltr'>videreris,</span> <span class='ocrx_word' id='word_1_194' title='bbox 1197 1658 1266 1696; x_wconf 89' lang='lat' dir='ltr'>nifi</span> <span class='ocrx_word' id='word_1_195' title='bbox 1288 1660 1386 1711; x_wconf 87' lang='lat' dir='ltr'>ejus,</span> <span class='ocrx_word' id='word_1_196' title='bbox 1410 1673 1430 1696; x_wconf 93' lang='lat' dir='ltr'>a</span> <span class='ocrx_word' id='word_1_197' title='bbox 1450 1673 1530 1712; x_wconf 86' lang='lat' dir='ltr'>quo</span> <span class='ocrx_word' id='word_1_198' title='bbox 1552 1663 1692 1700; x_wconf 81' lang='lat' dir='ltr'>missus-</span> 
     </span>
     <span class='ocr_line' id='line_1_24' title="bbox 283 1722 862 1768; baseline 0.003 -7"><span class='ocrx_word' id='word_1_199' title='bbox 283 1737 379 1768; x_wconf 90' lang='lat' dir='ltr'>eras,</span> <span class='ocrx_word' id='word_1_200' title='bbox 412 1722 638 1762; x_wconf 79' lang='lat' dir='ltr'>simillimus</span> <span class='ocrx_word' id='word_1_201' title='bbox 659 1723 862 1763; x_wconf 77' lang='lat' dir='ltr'>extitisses.</span> 
     </span>
    </p>

    <p class='ocr_par' dir='ltr' id='par_1_4' title="bbox 271 1790 1695 2510">
     <span class='ocr_line' id='line_1_25' title="bbox 341 1790 1685 1844; baseline 0.006 -18"><span class='ocrx_word' id='word_1_202' title='bbox 341 1790 538 1827; x_wconf 92' lang='lat' dir='ltr'>XXXIV.</span> <span class='ocrx_word' id='word_1_203' title='bbox 573 1791 637 1827; x_wconf 89' lang='lat' dir='ltr'>An</span> <span class='ocrx_word' id='word_1_204' title='bbox 668 1804 759 1828; x_wconf 89' lang='lat' dir='ltr'>vero</span> <span class='ocrx_word' id='word_1_205' title='bbox 790 1800 834 1828; x_wconf 90' lang='lat' dir='ltr'>tu</span> <span class='ocrx_word' id='word_1_206' title='bbox 860 1803 1000 1843; x_wconf 90' lang='lat' dir='ltr'>parum</span> <span class='ocrx_word' id='word_1_207' title='bbox 1028 1800 1141 1843; x_wconf 89' lang='lat' dir='ltr'>putas</span> <span class='ocrx_word' id='word_1_208' title='bbox 1170 1791 1416 1844; x_wconf 86' lang='lat' dir='ltr'>investigatas</span> <span class='ocrx_word' id='word_1_209' title='bbox 1438 1793 1510 1832; x_wconf 84' lang='lat' dir='ltr'>effe</span> <span class='ocrx_word' id='word_1_210' title='bbox 1531 1808 1551 1831; x_wconf 84' lang='lat' dir='ltr'>a</span> <span class='ocrx_word' id='word_1_211' title='bbox 1572 1796 1685 1834; x_wconf 72' lang='lat' dir='ltr'>nobis</span> 
     </span>
     <span class='ocr_line' id='line_1_26' title="bbox 285 1855 1688 1911; baseline 0.005 -19"><span class='ocrx_word' id='word_1_212' title='bbox 285 1855 390 1894; x_wconf 78' lang='lat' dir='ltr'>labes</span> <span class='ocrx_word' id='word_1_213' title='bbox 413 1856 570 1908; x_wconf 89' lang='lat' dir='ltr'>imperii</span> <span class='ocrx_word' id='word_1_214' title='bbox 594 1855 666 1900; x_wconf 83' lang='lat' dir='ltr'>tui,</span> <span class='ocrx_word' id='word_1_215' title='bbox 699 1856 917 1909; x_wconf 86' lang='lat' dir='ltr'>stragesque</span> <span class='ocrx_word' id='word_1_216' title='bbox 936 1858 1179 1909; x_wconf 84' lang='lat' dir='ltr'>provinciae?</span> <span class='ocrx_word' id='word_1_217' title='bbox 1212 1872 1308 1910; x_wconf 88' lang='lat' dir='ltr'>quas</span> <span class='ocrx_word' id='word_1_218' title='bbox 1331 1860 1493 1911; x_wconf 88' lang='lat' dir='ltr'>quidem</span> <span class='ocrx_word' id='word_1_219' title='bbox 1517 1875 1585 1899; x_wconf 86' lang='lat' dir='ltr'>nos</span> <span class='ocrx_word' id='word_1_220' title='bbox 1608 1876 1688 1900; x_wconf 91' lang='lat' dir='ltr'>non</span> 
     </span>
     <span class='ocr_line' id='line_1_27' title="bbox 284 1921 1686 1975; baseline 0.005 -16"><span class='ocrx_word' id='word_1_221' title='bbox 284 1921 455 1974; x_wconf 87' lang='lat' dir='ltr'>vestigiis</span> <span class='ocrx_word' id='word_1_222' title='bbox 477 1921 683 1960; x_wconf 82' lang='lat' dir='ltr'>odorantes</span> <span class='ocrx_word' id='word_1_223' title='bbox 706 1923 893 1975; x_wconf 77' lang='lat' dir='ltr'>ingressus</span> <span class='ocrx_word' id='word_1_224' title='bbox 917 1933 1029 1970; x_wconf 86' lang='lat' dir='ltr'>tuos,</span> <span class='ocrx_word' id='word_1_225' title='bbox 1062 1924 1125 1962; x_wconf 88' lang='lat' dir='ltr'>sed</span> <span class='ocrx_word' id='word_1_226' title='bbox 1146 1925 1240 1962; x_wconf 78' lang='lat' dir='ltr'>totis</span> <span class='ocrx_word' id='word_1_227' title='bbox 1262 1926 1575 1965; x_wconf 82' lang='lat' dir='ltr'>volutationibus</span> <span class='ocrx_word' id='word_1_228' title='bbox 1597 1942 1686 1966; x_wconf 87' lang='lat' dir='ltr'>cor-</span> 
     </span>
     <span class='ocr_line' id='line_1_28' title="bbox 285 1987 1686 2048; baseline 0.005 -23"><span class='ocrx_word' id='word_1_229' title='bbox 285 1987 407 2039; x_wconf 85' lang='lat' dir='ltr'>poris,</span> <span class='ocrx_word' id='word_1_230' title='bbox 425 1998 464 2026; x_wconf 88' lang='lat' dir='ltr'>et</span> <span class='ocrx_word' id='word_1_231' title='bbox 481 1988 699 2034; x_wconf 85' lang='lat' dir='ltr'>cubilibus,</span> <span class='ocrx_word' id='word_1_232' title='bbox 718 1989 911 2042; x_wconf 86' lang='lat' dir='ltr'>persecuti</span> <span class='ocrx_word' id='word_1_233' title='bbox 928 1989 1076 2028; x_wconf 89' lang='lat' dir='ltr'>sumus.</span> <span class='ocrx_word' id='word_1_234' title='bbox 1097 1990 1247 2028; x_wconf 87' lang='lat' dir='ltr'>Notata</span> <span class='ocrx_word' id='word_1_235' title='bbox 1261 2005 1282 2029; x_wconf 86' lang='lat' dir='ltr'>a</span> <span class='ocrx_word' id='word_1_236' title='bbox 1297 1992 1412 2030; x_wconf 86' lang='lat' dir='ltr'>nobis</span> <span class='ocrx_word' id='word_1_237' title='bbox 1434 1993 1524 2031; x_wconf 91' lang='lat' dir='ltr'>sunt</span> <span class='ocrx_word' id='word_1_238' title='bbox 1544 2004 1582 2032; x_wconf 90' lang='lat' dir='ltr'>et</span> <span class='ocrx_word' id='word_1_239' title='bbox 1602 1996 1686 2048; x_wconf 86' lang='lat' dir='ltr'>pri-</span> 
     </span>
     <span class='ocr_line' id='line_1_29' title="bbox 271 2054 1687 2112; baseline 0.006 -21"><span class='ocrx_word' id='word_1_240' title='bbox 271 2067 349 2092; x_wconf 30' lang='lat' dir='ltr'>*ma</span> <span class='ocrx_word' id='word_1_241' title='bbox 369 2054 438 2092; x_wconf 92' lang='lat' dir='ltr'>illa</span> <span class='ocrx_word' id='word_1_242' title='bbox 457 2054 599 2093; x_wconf 87' lang='lat' dir='ltr'>scelera</span> <span class='ocrx_word' id='word_1_243' title='bbox 615 2056 659 2092; x_wconf 82' lang='lat' dir='ltr'>in</span> <span class='ocrx_word' id='word_1_244' title='bbox 671 2055 857 2101; x_wconf 88' lang='lat' dir='ltr'>adventu,</span> <span class='ocrx_word' id='word_1_245' title='bbox 876 2069 984 2101; x_wconf 89' lang='lat' dir='ltr'>cum,</span> <span class='ocrx_word' id='word_1_246' title='bbox 1002 2067 1161 2110; x_wconf 88' lang='lat' dir='ltr'>accepta</span> <span class='ocrx_word' id='word_1_247' title='bbox 1177 2060 1345 2110; x_wconf 90' lang='lat' dir='ltr'>pecunia</span> <span class='ocrx_word' id='word_1_248' title='bbox 1360 2073 1380 2096; x_wconf 91' lang='lat' dir='ltr'>a</span> <span class='ocrx_word' id='word_1_249' title='bbox 1396 2060 1687 2112; x_wconf 80' lang='lat' dir='ltr'>Dyrrhachinis</span> 
     </span>
     <span class='ocr_line' id='line_1_30' title="bbox 285 2119 1686 2176; baseline 0.007 -20"><span class='ocrx_word' id='word_1_250' title='bbox 285 2119 338 2157; x_wconf 92' lang='lat' dir='ltr'>ob</span> <span class='ocrx_word' id='word_1_251' title='bbox 354 2134 492 2158; x_wconf 89' lang='lat' dir='ltr'>necem</span> <span class='ocrx_word' id='word_1_252' title='bbox 513 2120 680 2174; x_wconf 81' lang='lat' dir='ltr'>hospitis</span> <span class='ocrx_word' id='word_1_253' title='bbox 699 2122 755 2158; x_wconf 89' lang='lat' dir='ltr'>tui</span> <span class='ocrx_word' id='word_1_254' title='bbox 778 2121 961 2167; x_wconf 87' lang='lat' dir='ltr'>Platoris,</span> <span class='ocrx_word' id='word_1_255' title='bbox 978 2123 1062 2174; x_wconf 89' lang='lat' dir='ltr'>ejus</span> <span class='ocrx_word' id='word_1_256' title='bbox 1084 2123 1202 2176; x_wconf 84' lang='lat' dir='ltr'>ipfius</span> <span class='ocrx_word' id='word_1_257' title='bbox 1220 2124 1385 2163; x_wconf 88' lang='lat' dir='ltr'>domum</span> <span class='ocrx_word' id='word_1_258' title='bbox 1407 2127 1590 2172; x_wconf 84' lang='lat' dir='ltr'>evertisti,</span> <span class='ocrx_word' id='word_1_259' title='bbox 1614 2142 1686 2166; x_wconf 90' lang='lat' dir='ltr'>cu-</span> 
     </span>
     <span class='ocr_line' id='line_1_31' title="bbox 282 2185 1687 2244; baseline 0.007 -22"><span class='ocrx_word' id='word_1_260' title='bbox 282 2186 348 2236; x_wconf 83' lang='lat' dir='ltr'>jus</span> <span class='ocrx_word' id='word_1_261' title='bbox 370 2185 599 2238; x_wconf 87' lang='lat' dir='ltr'>sanguinem</span> <span class='ocrx_word' id='word_1_262' title='bbox 620 2186 848 2232; x_wconf 80' lang='lat' dir='ltr'>addixeras;</span> <span class='ocrx_word' id='word_1_263' title='bbox 881 2202 1066 2241; x_wconf 88' lang='lat' dir='ltr'>eumque,</span> <span class='ocrx_word' id='word_1_264' title='bbox 1091 2189 1206 2228; x_wconf 88' lang='lat' dir='ltr'>servis</span> <span class='ocrx_word' id='word_1_265' title='bbox 1228 2190 1521 2244; x_wconf 80' lang='lat' dir='ltr'>symphoniacis</span> <span class='ocrx_word' id='word_1_266' title='bbox 1543 2203 1580 2231; x_wconf 88' lang='lat' dir='ltr'>et</span> <span class='ocrx_word' id='word_1_267' title='bbox 1601 2195 1687 2232; x_wconf 82' lang='lat' dir='ltr'>aliis</span> 
     </span>
     <span class='ocr_line' id='line_1_32' title="bbox 287 2252 1687 2309; baseline 0.007 -21"><span class='ocrx_word' id='word_1_268' title='bbox 287 2252 520 2290; x_wconf 80' lang='lat' dir='ltr'>muneribus</span> <span class='ocrx_word' id='word_1_269' title='bbox 542 2252 728 2304; x_wconf 84' lang='lat' dir='ltr'>acceptis,</span> <span class='ocrx_word' id='word_1_270' title='bbox 762 2254 971 2292; x_wconf 88' lang='lat' dir='ltr'>timentem</span> <span class='ocrx_word' id='word_1_271' title='bbox 991 2255 1248 2309; x_wconf 86' lang='lat' dir='ltr'>multumque</span> <span class='ocrx_word' id='word_1_272' title='bbox 1269 2257 1519 2297; x_wconf 84' lang='lat' dir='ltr'>dubitantem</span> <span class='ocrx_word' id='word_1_273' title='bbox 1540 2260 1687 2297; x_wconf 84' lang='lat' dir='ltr'>confir-</span> 
     </span>
     <span class='ocr_line' id='line_1_33' title="bbox 288 2317 1688 2378; baseline 0.008 -24"><span class='ocrx_word' id='word_1_274' title='bbox 288 2317 414 2362; x_wconf 88' lang='lat' dir='ltr'>masti,</span> <span class='ocrx_word' id='word_1_275' title='bbox 438 2328 476 2356; x_wconf 88' lang='lat' dir='ltr'>et</span> <span class='ocrx_word' id='word_1_276' title='bbox 493 2317 810 2357; x_wconf 66' lang='lat' dir='ltr'>Thessalonicam</span> <span class='ocrx_word' id='word_1_277' title='bbox 831 2320 908 2358; x_wconf 90' lang='lat' dir='ltr'>fide</span> <span class='ocrx_word' id='word_1_278' title='bbox 929 2330 996 2359; x_wconf 91' lang='lat' dir='ltr'>tua</span> <span class='ocrx_word' id='word_1_279' title='bbox 1016 2323 1148 2360; x_wconf 87' lang='lat' dir='ltr'>venire</span> <span class='ocrx_word' id='word_1_280' title='bbox 1163 2324 1325 2375; x_wconf 88' lang='lat' dir='ltr'>juffisti:</span> <span class='ocrx_word' id='word_1_281' title='bbox 1351 2339 1471 2378; x_wconf 90' lang='lat' dir='ltr'>quem</span> <span class='ocrx_word' id='word_1_282' title='bbox 1492 2340 1540 2363; x_wconf 87' lang='lat' dir='ltr'>ne</span> <span class='ocrx_word' id='word_1_283' title='bbox 1561 2328 1688 2378; x_wconf 68' lang='lat' dir='ltr'>majo-</span> 
     </span>
     <span class='ocr_line' id='line_1_34' title="bbox 288 2384 1694 2439; baseline 0.007 -19"><span class='ocrx_word' id='word_1_284' title='bbox 288 2397 378 2422; x_wconf 87' lang='lat' dir='ltr'>rum</span> <span class='ocrx_word' id='word_1_285' title='bbox 398 2384 561 2436; x_wconf 89' lang='lat' dir='ltr'>quidem</span> <span class='ocrx_word' id='word_1_286' title='bbox 581 2399 690 2423; x_wconf 87' lang='lat' dir='ltr'>more</span> <span class='ocrx_word' id='word_1_287' title='bbox 710 2384 906 2439; x_wconf 87' lang='lat' dir='ltr'>supplicio</span> <span class='ocrx_word' id='word_1_288' title='bbox 926 2387 1114 2434; x_wconf 89' lang='lat' dir='ltr'>affecisti,</span> <span class='ocrx_word' id='word_1_289' title='bbox 1147 2403 1240 2428; x_wconf 89' lang='lat' dir='ltr'>cum</span> <span class='ocrx_word' id='word_1_290' title='bbox 1261 2391 1378 2429; x_wconf 85' lang='lat' dir='ltr'>miser</span> <span class='ocrx_word' id='word_1_291' title='bbox 1398 2393 1466 2429; x_wconf 86' lang='lat' dir='ltr'>ille</span> <span class='ocrx_word' id='word_1_292' title='bbox 1488 2392 1694 2430; x_wconf 42' lang='lat' dir='ltr'>securibus*</span> 
     </span>
     <span class='ocr_line' id='line_1_35' title="bbox 287 2447 1695 2510; baseline 0.006 -23"><span class='ocrx_word' id='word_1_293' title='bbox 287 2447 455 2502; x_wconf 80' lang='lat' dir='ltr'>hospitis</span> <span class='ocrx_word' id='word_1_294' title='bbox 488 2451 545 2490; x_wconf 89' lang='lat' dir='ltr'>sui</span> <span class='ocrx_word' id='word_1_295' title='bbox 575 2450 737 2491; x_wconf 81' lang='lat' dir='ltr'>services</span> <span class='ocrx_word' id='word_1_296' title='bbox 768 2452 959 2506; x_wconf 83' lang='lat' dir='ltr'>subjicere</span> <span class='ocrx_word' id='word_1_297' title='bbox 988 2455 1173 2508; x_wconf 81' lang='lat' dir='ltr'>gestiret3</span> <span class='ocrx_word' id='word_1_298' title='bbox 1206 2456 1270 2495; x_wconf 86' lang='lat' dir='ltr'>sed</span> <span class='ocrx_word' id='word_1_299' title='bbox 1299 2457 1335 2495; x_wconf 87' lang='lat' dir='ltr'>ei</span> <span class='ocrx_word' id='word_1_300' title='bbox 1364 2458 1535 2503; x_wconf 88' lang='lat' dir='ltr'>medico,</span> <span class='ocrx_word' id='word_1_301' title='bbox 1568 2472 1695 2510; x_wconf 73' lang='lat' dir='ltr'>quem</span> 
     </span>
    </p>
   </div>
  </div>
 </body>
</html>
