2076 2860
643 168 784 208 PRO
845 168 916 220 Q
963 165 1309 206 LIGARIO.
1601 178 1681 219 253

333 272 509 313 Nullum
531 271 654 325 igitur
673 270 792 309 habes
810 300 820 316 ,
854 270 979 309 Caesar
993 299 1004 315 ‚
1036 268 1166 308 adhuc
1195 270 1236 307 in
1265 267 1504 320 QLigario
1525 266 1682 320 lignum

276 341 410 379 alienae
430 353 451 377 a
471 348 511 378 te
528 337 760 376 voluntatis.
806 338 932 390 Cujus
954 350 1028 389 ego
1048 336 1203 374 causam
1223 335 1504 381 animadverte,
1536 335 1678 388 quaeso,

277 420 354 460 qua
384 406 460 444 fide
487 404 723 450 defendam,
756 418 850 443 cum
877 404 1003 457 prodo
1032 417 1175 442 meam.
1211 405 1247 441 O
1277 403 1531 441 clementiam
1552 401 1681 441 admi-

277 472 458 517 rabilem,
480 480 599 524 atque
620 471 732 509 omni
752 470 880 515 laude,
904 470 1195 523 praedicatione,
1223 469 1363 515 literis,
1386 468 1679 508 monumentis-

277 553 355 592 que
386 537 671 577 decorandam!
706 537 770 575 M.
797 537 939 575 Cicero
971 536 1075 590 apud
1108 546 1146 574 te
1178 535 1379 580 defendit,
1411 536 1535 573 alium
1567 535 1608 573 in
1641 549 1684 573 ea

278 592 484 644 voluntate
504 618 584 643 non
606 603 733 649 fuiffe,
757 604 798 641 in
820 617 897 659 qua
918 603 1087 656 seipsum
1108 602 1322 641 confitetur
1342 601 1480 647 fuiffe;
1505 615 1577 640 nec
1598 611 1684 640 tuas

278 674 415 710 tacitas
437 672 697 725 cogitationes
719 670 963 715 extimescit;
989 684 1075 716 nec,
1094 669 1191 722 quid
1213 669 1303 714 tibi,
1326 669 1373 707 de
1393 669 1470 707 alio
1491 668 1684 715 audienti,

279 737 329 776 de
347 738 383 775 se
404 737 488 790 ipso
509 735 704 782 occurrat,
737 735 982 775 reformidat.

336 805 413 843 III.
438 804 555 850 Vide,
575 818 695 857 quam
716 818 796 842 non
819 802 1098 841 reformidem:
1123 801 1226 847 vide,
1249 811 1396 854 quanta
1416 801 1485 839 lux
1507 800 1683 839 liberali—

280 871 370 909 tatis
392 880 431 909 et
452 871 647 924 sapientiae
669 879 743 908 tuae
765 869 867 907 mihi
888 869 992 922 apud
1015 878 1052 906 te
1069 869 1218 907 dicenti
1239 868 1455 907 oboriatur.
1477 869 1687 920 Qantum

280 947 443 990 potero,
477 951 572 975 voce
592 936 857 982 contendam,
890 946 934 974 ut
962 935 1038 974 hoc
1063 936 1236 989 populus
1259 937 1464 974 Romanus
1486 935 1682 974 exaudiat.

281 1005 469 1057 Suscepto
491 1004 598 1042 bello
612 1034 623 1050 ,
657 1003 783 1042 Caesar
797 1034 807 1049 ,
840 1003 946 1056 gesto
967 1004 1086 1042 etiam
1108 1017 1156 1041 ex
1176 1017 1319 1055 magna
1339 1012 1447 1056 parte
1463 1033 1473 1047 ,
1506 1002 1616 1040 nulla
1646 1003 1685 1040 vi

280 1072 437 1108 coactus
453 1100 465 1116 ,
491 1070 648 1123 judicio
676 1084 719 1109 ac
747 1070 951 1108 voluntate
972 1069 1019 1107 ad
1046 1083 1090 1107 ea
1109 1082 1214 1107 arma
1235 1068 1433 1122 profectus
1456 1069 1542 1107 sum
1557 1098 1568 1114 ,
1600 1082 1688 1121 quae

280 1147 390 1176 erant
411 1138 567 1191 sumpta
588 1147 725 1177 contra
745 1147 796 1176 te.
836 1137 957 1191 Apud
986 1151 1106 1190 quem
1133 1137 1258 1190 igitur
1284 1136 1361 1175 hoc
1390 1136 1512 1174 dico?
1546 1150 1688 1189 nempe

281 1204 386 1257 apud
413 1218 520 1249 eum,
553 1205 638 1257 qui,
671 1219 764 1243 cum
792 1203 869 1242 hoc
898 1204 1027 1249 sciret,
1060 1213 1192 1242 tamen
1220 1217 1299 1248 me,
1331 1213 1543 1256 antequam
1570 1203 1685 1247 vidit,

282 1271 510 1323 reipublicae
543 1271 740 1309 reddidit:
774 1272 844 1323 qui
871 1271 919 1308 ad
950 1285 1014 1308 me
1046 1285 1094 1308 ex
1126 1272 1303 1323 AEgypto
1331 1270 1462 1308 literas
1492 1271 1611 1316 misit,
1644 1280 1687 1308 ut

283 1337 399 1375 essem
420 1337 541 1383 idem,
572 1337 643 1390 qui
663 1336 819 1375 fuiss‘em
837 1352 844 1375 :
879 1337 963 1389 qui,
987 1351 1080 1375 cum
1103 1336 1182 1389 ipse
1203 1337 1415 1389 imperator
1436 1338 1476 1375 in
1501 1347 1585 1375 toto
1606 1337 1685 1374 im-

282 1405 392 1457 perio
413 1404 553 1458 populi
582 1404 756 1442 Romani
785 1417 886 1441 unus
915 1403 1032 1448 effet,
1064 1403 1136 1441 effe
1164 1417 1227 1440 me
1255 1403 1423 1441 alterum
1451 1404 1575 1457 paffus
1604 1403 1683 1441 est:

284 1485 305 1510 a
331 1486 427 1525 quo,
459 1471 536 1510 hoc
566 1472 648 1525 ipso
682 1473 731 1510 C.
757 1471 877 1509 Pansa
908 1470 1012 1509 mihi
1040 1471 1229 1508 nuntium
1257 1470 1492 1523 perferente,
1525 1471 1686 1509 conces„

284 1538 342 1577 sos
365 1538 484 1576 fasces
507 1539 644 1583 tenui,
676 1537 805 1590 quoad
836 1537 1024 1574 tenendos
1051 1537 1186 1588 putavi
1206 1552 1213 1574 :
1248 1538 1317 1588 qui
1338 1537 1441 1575 mihi
1463 1548 1550 1576 tum
1572 1538 1685 1575 deni-

284 1619 361 1657 que
381 1605 418 1642 se
439 1604 606 1642 salutem
625 1604 780 1658 putavit
801 1603 889 1641 dare
904 1633 914 1648 ,
948 1603 975 1641 fi
999 1616 1084 1641 eam
1106 1602 1227 1642 nullis
1250 1602 1455 1656 spoliatam
1476 1617 1690 1641 ornamen*

286 1671 336 1709 tis
359 1671 534 1711 dediffet.

285 1737 287 1739 ’
344 1737 445 1775 Vide
477 1737 619 1791 quasso,
653 1738 831 1783 Tubero,
865 1747 923 1782 ut,
956 1738 1025 1789 qui
1058 1736 1105 1774 de
1137 1750 1226 1774 meo
1258 1736 1361 1774 faCto
1394 1750 1474 1774 non
1507 1736 1694 1775 dubitem

287 1804 440 1850 dicere,
473 1804 520 1842 de
553 1805 703 1857 Ligarii
736 1818 815 1843 non
847 1804 1011 1841 audeam
1043 1803 1238 1842 confiteri.
1282 1805 1419 1855 Atque
1451 1802 1534 1841 haec
1566 1817 1689 1857 prop-

287 1881 390 1910 terea
421 1871 468 1910 de
502 1886 564 1910 me
597 1871 696 1918 dixi,
729 1881 773 1910 ut
804 1871 907 1910 mihi
941 1871 1120 1916 Tubero,
1153 1884 1247 1909 cum
1279 1870 1326 1908 de
1353 1870 1389 1908 se
1416 1870 1551 1908 eadem
1579 1870 1689 1910 dice—

288 1952 396 1984 rem,
429 1939 662 1992 ignosceret.
711 1940 837 1991 Cujus
873 1952 946 1990 ego
981 1937 1179 1975 industriae
1211 1937 1425 1989 gloriaeque
1459 1936 1596 1982 faveo,
1628 1938 1689 1976 vel

287 2015 448 2058 propter
492 2006 760 2058 propinquam
806 2005 1112 2057 cognationem,
1151 2003 1212 2041 vel
1253 2003 1360 2056 quod
1399 2004 1482 2056 ejus
1529 2004 1691 2057 ingenio

288 2071 501 2124 studiisque
541 2072 740 2116 delector,
782 2071 842 2109 vel
883 2070 990 2124 quod
1029 2070 1187 2108 laudem
1226 2070 1482 2109 adolescentis
1522 2071 1690 2124 propin-

289 2138 359 2190 qui
398 2138 580 2176 existimo
619 2139 738 2176 etiam
778 2136 824 2174 ad
863 2150 1000 2175 meum
1039 2137 1214 2190 aliquem
1248 2135 1424 2175 fructum
1459 2137 1695 2179 redundare.

291 2203 363 2242 Sed
390 2203 468 2242 hoc
499 2218 656 2257 quaero,
689 2204 777 2256 quis
808 2213 922 2256 putet
950 2202 1022 2241 effe
1052 2204 1230 2249 crimen,
1263 2202 1375 2242 fuisse
1395 2205 1436 2241 in
1458 2203 1596 2242 Africa
1615 2205 1691 2242 Li·-

290 2270 476 2322 garium?
510 2284 652 2322 nempe
681 2270 728 2315 is,
761 2270 831 2323 qui
860 2279 899 2308 et
931 2269 1011 2323 ipse
1043 2270 1083 2308 in
1112 2269 1248 2309 eadem
1274 2269 1412 2308 Africa
1443 2270 1516 2308 ess'e
1547 2271 1689 2316 voluit,

292 2346 329 2375 et
362 2335 613 2389 prohibitum
645 2336 681 2375 se
713 2351 734 2374 a
765 2337 925 2390 Ligario
952 2337 1155 2390 queritur,
1187 2347 1226 2375 et
1258 2347 1362 2376 certe
1394 2346 1530 2375 contra
1562 2337 1693 2389 ipsum

294 2403 484 2441 Caesarem
505 2403 557 2441 est
578 2403 799 2456 congreffus
820 2413 1006 2442 armatus.
1040 2403 1150 2456 Qid
1171 2405 1294 2449 enim,
1317 2404 1496 2448 Tubero,
1529 2402 1690 2440 destric-

294 2479 356 2519 tus
378 2470 445 2508 ille
467 2480 556 2508 tuus
579 2471 618 2508 in
641 2470 723 2510 acie
744 2469 963 2510 Pharsalica
983 2469 1136 2522 gladius
1158 2470 1296 2523 agebat
1316 2471 1328 2506 ?
1361 2470 1473 2522 cujus
1502 2469 1601 2507 latus
1624 2468 1699 2509 ille
