2076 2860
529 228 815 272 VARIAE
901 233 1459 275 LECTIONES.

255 344 310 411 ¹3¹5
338 372 373 401 16
394 371 515 401 Gallicis
531 373 558 400 Ο
573 379 603 410 Q,
620 371 646 409 ψ
661 372 762 411 Caligis

339 421 372 448 17
396 413 450 440 Nae
465 418 485 449 Q
502 414 553 440 Nec

335 461 370 489 23
395 453 451 487 Qi
466 460 495 486 Q,
510 453 534 486 ψ
550 452 638 487 Quam
652 456 696 490 qui

331 505 373 513 ·—
393 492 518 519 viderere
531 499 561 525 Q,
578 490 604 526 ψ
618 494 704 520 videre

334 540 365 558 21
391 540 503 568 rogares
518 539 536 565 φ
547 541 660 567 rogares,
674 536 697 559 is
708 534 754 569 qui

334 580 370 598 22
393 580 442 598 nos
458 578 516 598 tum
529 576 561 607 Q,
572 570 598 606 ψ
612 573 638 599 d.

334 619 368 646 23
393 610 514 638 Gallicis
530 611 558 638 O
572 617 603 648 Q,
615 612 638 646 ψ
655 612 755 649 Caligi:

332 658 366 686 ²5
389 649 510 677 hominis
526 651 554 678 Ο
567 658 586 687 φ
600 653 627 679 d.

329 703 370 710 —-
390 689 447 717 diei
463 688 489 724 ψ
503 691 544 718 die

332 738 368 764 ²7
388 729 439 756 ves
435 738 529 766 peram
544 728 572 764 ψ
584 730 716 767 vesperum

329 783 370 790 —
390 769 455 796 cifio
470 770 497 797 O
511 769 537 797 d.
552 770 578 804 «ᾧ
591 771 659 807 casta

332 809 368 836 28
390 809 520 836 adveftus
541 811 568 837 O
582 809 681 838 eduam

333 857 370 884 30
391 848 539 876 deducitur
554 855 575 886 Q
589 850 727 878 adducitur

329 901 370 908 -—
392 888 477 916 tradit
492 889 519 915 O
534 896 553 924 Q
567 889 678 917 tradidit

331 935 367 962 32
388 928 447 964 post
462 927 513 955 hac
529 935 549 964 Q
559 931 611 967 post
624 930 692 956 banc

251 964 308 1002 316
352 975 366 1003 5
390 967 427 995 Et
442 968 468 994 O
483 967 518 994 Et
533 969 636 996 dicerem
654 977 678 996 et

327 1020 368 1027 —
389 1006 489 1035 habuit
504 1015 523 1044 Q
537 1008 630 1037 habuit
643 1016 742 1045 turpem

349 1045 367 1072 6
389 1046 495 1082 praedes
510 1054 531 1084 φ
541 1050 616 1085 pedes

350 1094 365 1120 7
388 1094 481 1114 autem
495 1095 514 1123 Q
530 1089 556 1115 d.

326 1139 367 1146 —
386 1126 550 1155 concionem
566 1128 591 1161 ψ
603 1130 712 1156 concione

332 1173 341 1191 1
352 1174 365 1192 2
388 1165 480 1194 redisti
498 1167 524 1194 Ο
537 1174 568 1204 Q,
582 1168 606 1202 ψ
621 1173 642 1196 ct
659 1168 713 1195 redi
734 1170 745 1195 i

324 1218 367 1225 —
387 1204 405 1231 fi
421 1206 496 1240 Qstd

331 1252 364 1280 13
387 1253 415 1271 es
431 1245 457 1272 ei
472 1253 490 1279 Q
505 1248 589 1282 estrei

334 1292 367 1319 ¹7
390 1293 418 1310 es
433 1293 462 1320 φ,
477 1285 501 1318 ψ
514 1287 548 1322 ss

332 1331 367 1359 19
389 1323 479 1352 elusus
495 1332 515 1361 Q
529 1325 603 1360 elisia

325 1377 369 1384 ——-
391 1371 508 1401 uterque
523 1370 553 1400 Q,
567 1364 597 1398 ψ
608 1366 738 1402 utriusque

328 1412 365 1431 20
386 1403 567 1431 Dolabellam
582 1405 607 1437 ψ
620 1404 764 1433 Dolabellae

328 1451 361 1470 21
387 1442 422 1469 ad
438 1443 520 1480 seque
535 1451 554 1480 Q
569 1451 646 1482 atque

327 1491 363 1510 22
385 1482 671 1520 KalendaeJanuariae
685 1484 710 1519 ψ
725 1484 851 1513 Kalendis
864 1485 956 1521 Janu-

434 1533 501 1550 aflls

328 1563 363 1589 28
385 1562 490 1590 diceret
504 1569 523 1599 Q
538 1565 649 1591 adiceret

328 1610 364 1638 30
386 1602 430 1629 vel
445 1601 583 1639 impedire
599 1611 617 1639 Q
632 1604 658 1632 α’.

325 1656 366 1661 -
386 1642 485 1671 vitiare
500 1642 527 1669 Ο
541 1646 645 1671 minare

329 1681 489 1717 31seQd.

249 1729 303 1757 317
348 1731 363 1748 z
386 1721 553 1758 speffionem
569 1730 598 1759 Q,
616 1721 642 1758 ψ
657 1724 831 1761 inspcfflionem

348 1769 363 1796 7
385 1761 435 1788 nifi
452 1768 514 1797 Qne

347 1801 363 1827 8
385 1801 448 1838 quis
463 1802 579 1830 servavit
595 1809 613 1837 Q
630 1805 675 1839 qui
690 1803 807 1837 servant

329 1849 363 1869 10
385 1840 494 1868 inscitia
508 1841 686 1879 impudentia
710 1850 728 1879 Q
747 1845 882 1879 iqscientia
905 1846 958 1869 im·-

429 1883 576 1917 prudcnttae

326 1934 366 1941 —
388 1919 406 1946 si
423 1919 473 1947 nec
488 1921 583 1956 Qfiner
597 1921 622 1954 ψ
636 1932 678 1948 nec

326 1973 366 1980 —
388 1958 436 1986 scit
451 1966 469 1994 Q
483 1971 538 1987 cum

330 2007 360 2025 11
388 1998 539 2034 pudentem
555 1999 729 2036 Qprudcntem

331 2047 367 2072 ¹4
387 2037 507 2065 inserens
523 2039 547 2072 ψ
562 2042 671 2076 inferens

330 2078 366 2104 16
387 2077 545 2105 Dolabellae
560 2086 578 2114 Q
595 2078 735 2107 Dolabellae

331 2118 364 2143 18
388 2116 567 2154 suffragatum
586 2122 612 2145 Ο
627 2127 657 2154 Q,
673 2119 852 2158 alffiffwgia.
879 2126 933 2148 tum

325 2171 366 2177 —
385 2165 502 2184 vocatur
518 2158 545 2185 O
561 2163 581 2194 Q
594 2159 620 2185 d.

329 2205 367 2231 24
388 2196 548 2233 provideras
563 2199 589 2224 O
605 2198 630 2231 ψ
643 2200 805 2236 pravideras

330 2245 363 2272 25
389 2245 490 2273 magna
506 2243 525 2271 Q
539 2247 628 2274 magno

330 2284 364 2311 27
388 2275 588 2304 obnuntiavisti
605 2278 631 2305 O
647 2284 666 2314 Q
680 2280 803 2315 nuntiasti

329 2325 364 2351 32
389 2314 467 2342 salvis
483 2323 501 2349 Q
517 2315 578 2343 aliis

327 2369 367 2375 -
388 2355 406 2381 s,
423 2356 499 2391 oscd

331 2404 366 2431 3³
391 2401 419 2422 ω
437 2396 463 2420 O
479 2402 508 2428 φ,
524 2393 551 2427 ψ
565 2396 591 2422 d-

251 2435 306 2471 318
353 2443 362 2461 1
388 2443 477 2471 augur
495 2440 514 2470 Q
530 2436 637 2472 auguris

351 2475 368 2501 6
391 2473 517 2503 Minutia
534 2475 559 2509 ψ
573 2476 684 2503 mimicia

1017 343 1047 371 p.

1020 375 1077 411 318

1019 1258 1074 1286 3¹9

1016 1733 1073 1761 3²0

1019 2487 1068 2515 32¹

1119 384 1136 410 7
1158 381 1243 403 tantae
1258 374 1283 408 ψ
1297 381 1375 402 tama

1119 415 1134 442 8
1157 414 1206 442 ubi
1221 413 1248 449 ψ
1262 412 1344 452 idest,
1369 413 1416 442 ubi

1117 463 1135 489 ε)
1157 454 1269 491 collega
1283 461 1302 490 Q
1316 455 1344 481 d.

1102 502 1137 521 10
1157 492 1301 521 adscendis
1316 499 1336 528 Q
1350 491 1461 528 ascendis

1097 548 1138 555 —
1157 532 1266 560 accedis
1282 531 1309 566 ψ
1321 535 1436 560 accendis

1100 582 1109 600 1
1118 581 1136 608 4
1157 572 1302 608 rejiciebat
1316 572 1342 606 ψ
1355 571 1491 609 recipiebat

1101 622 1109 640 1
1119 623 1133 650 5
1157 612 1222 640 effes
1236 610 1262 646 ψ
1277 615 1399 640 inventus
1412 613 1468 649 effls

1100 652 1135 680 16
1156 652 1236 690 regni
1253 652 1281 679 O
1296 653 1323 679 d.

1099 701 1109 720 1
1118 701 1135 728 9
1157 699 1263 728 peteres
1276 698 1296 726 Q
1304 697 1394 729 petens

1098 740 1131 760 21
1158 731 1318 768 praeclaram
1334 738 1353 767 Q
1363 738 1467 769 propter
1477 731 1574 760 claram

1099 781 1133 808 23
1156 770 1224 808 quid
1241 770 1344 798 foedius
1360 776 1380 807 Q
1395 774 1422 799 d.

1098 819 1134 847 27
1158 810 1237 848 Qid
1250 810 1406 849 indignius,
1418 820 1503 848 quam
1515 810 1611 839 vivere
1622 819 1685 839 eum
1698 811 1728 840 Ο

1195 851 1283 878 Nonne
1295 852 1415 889 indignus
1425 859 1454 879 tu
1465 852 1536 879 auris
1547 859 1602 878 mm
1611 858 1632 888 Q
1640 852 1728 880 Nonne

1195 891 1327 927 indigniur
1351 900 1379 918 tu
1406 893 1474 919 tueri
1497 900 1552 919 eum
1578 895 1624 929 qui
1648 894 1726 929 impa-

1189 932 1276 964 sueris

1098 979 1135 1008 30
1152 970 1226 1006 juffit
1241 971 1332 1008 quffl

1094 1025 1134 1031 —-
1155 1010 1190 1037 C.
1219 1010 1246 1037 O
1260 1010 1285 1038 α’.

1097 1060 1129 1086 31
1156 1049 1255 1087 populi
1271 1050 1298 1077 Ο
1310 1050 1395 1086 populi
1409 1050 1521 1077 Romani

1098 1099 1133 1126 32
1155 1089 1272 1116 noluiffe
1287 1090 1314 1116 O
1330 1089 1434 1127 voluff‘

1096 1144 1136 1151 —
1157 1128 1276 1156 minime
1291 1129 1315 1162 ψ
1332 1132 1405 1157 mime

1096 1183 1138 1190 -·
1157 1168 1247 1196 otium
1262 1176 1280 1201 Q
1295 1177 1373 1196 totum

1098 1218 1135 1245 34
1156 1208 1342 1244 perditissimis
1357 1215 1376 1244 Q
1386 1208 1568 1245 perditiffi‘mur

1118 1258 1133 1276 2
1152 1247 1269 1284 judiciis
1284 1249 1311 1275 O
1326 1256 1344 1282 Q
1359 1249 1501 1284 injudicits

1119 1298 1132 1324 3
1157 1287 1333 1323 Tarquini-us
1364 1294 1394 1323 Q,
1419 1287 1444 1320 ψ
1469 1285 1630 1324 Tarquinius
1653 1297 1729 1326 regno

1197 1326 1286 1363 pulsus

1098 1375 1127 1393 11
1154 1367 1233 1394 Num
1251 1366 1276 1399 ψ
1291 1373 1343 1394 rum

1099 1415 1132 1434 ¹2
1155 1406 1244 1433 incidi
1260 1406 1287 1434 in
1303 1405 1332 1433 id
1349 1412 1367 1439 Q
1383 1407 1475 1433 incidit

1096 1455 1106 1474 1
1116 1455 1130 1482 3
1153 1446 1377 1483 praevertendum
1394 1445 1430 1473 est
1445 1446 1472 1473 O
1487 1454 1516 1482 Q,
1531 1447 1728 1484 slspraetereun-

1199 1488 1258 1513 dum
1273 1496 1318 1513 non
1325 1487 1362 1522 fit

1099 1535 1133 1562 ¹4
1156 1525 1276 1552 formido
1293 1526 1320 1553 Ο
1333 1527 1499 1562 tuaformido

1095 1575 1129 1592 22
1154 1566 1245 1592 caeteri
1263 1570 1283 1600 Q
1293 1567 1395 1593 caeteris

1095 1615 1128 1641 23
1153 1605 1286 1632 sementia
1301 1605 1486 1640 &sementiam

1094 1654 1128 1680 32
1152 1644 1195 1672 M.
1210 1653 1228 1679 Q
1243 1647 1268 1672 d.

1095 1694 1128 1721 33
1153 1684 1303 1712 diuturnus
1318 1685 1344 1718 ψ
1357 1684 1479 1711 diuturni

1118 1734 1130 1760 3
1157 1724 1173 1751 sn
1188 1725 1259 1752 illud
1278 1725 1361 1752 funus
1384 1724 1449 1756 fuit,
1477 1723 1676 1751 sceleratiffime
1699 1723 1729 1752 0

1200 1770 1231 1801 Q,
1248 1765 1273 1798 ᾧ
1286 1764 1357 1792 illius
1363 1762 1548 1799 sceleratfflmt'

1115 1814 1132 1839 4
1155 1812 1202 1832 tua
1216 1803 1374 1831 cohortatio
1393 1810 1411 1836 Q
1427 1803 1567 1831 cohortacio

1119 1855 1130 1880 ς
1156 1853 1196 1875 tu,
1218 1844 1333 1880 inquam
1350 1844 1376 1870 O
1392 1842 1455 1876 slaed.

1095 1898 1134 1904 --
1156 1883 1346 1911 semustulatus
1361 1883 1538 1920 &semiustum
1553 1882 1622 1911 latus

1116 1923 1134 1950 6
1157 1923 1276 1950 Bellieni
1289 1923 1315 1956 ψ
1329 1922 1416 1950 Belim'

1101 1971 1130 1990 11
1158 1962 1216 1999 post
1230 1960 1256 1996 ψ
1268 1965 1342 1999 prius

1100 2011 1109 2029 1
1120 2011 1133 2038 3
1158 2010 1222 2028 vero
1234 2002 1261 2028 Ο
1275 2012 1338 2029 vere

1100 2050 1108 2068 1
1121 2052 1131 2076 ς
1158 2049 1188 2069 ut
1203 2047 1232 2077 Q,
1245 2041 1270 2075 ψ
1284 2049 1311 2068 ut
1324 2043 1398 2078 regni

1099 2081 1134 2109 16
1155 2081 1320 2109 dictatorem
1336 2081 1360 2114 ψ
1374 2082 1512 2108 dictatoris

1098 2130 1132 2148 22
1152 2121 1210 2157 jam
1228 2128 1246 2157 Q
1261 2121 1283 2147 d.
1300 2119 1326 2155 ψ
1340 2130 1393 2148 lum

1096 2162 1133 2188 20
1154 2161 1330 2189 deminutum
1347 2160 1373 2194 ψ
1386 2160 1536 2188 diminutum

1097 2210 1131 2236 27
1156 2200 1306 2228 sestertium
1323 2201 1349 2228 O
1365 2202 1394 2229 d.

1097 2243 1131 2268 28
1155 2241 1188 2267 ad
1204 2241 1229 2274 ψ
1243 2240 1280 2268 ad
1291 2241 1368 2268 aedem

1093 2296 1133 2300 —
1155 2279 1267 2307 funestae
1280 2281 1412 2317 qumsta

1093 2335 1133 2340 —-
1154 2320 1281 2356 pecuniae
1296 2321 1432 2357 Qpccunia

1097 2368 1133 2396 29
1155 2369 1219 2396 quae
1234 2369 1283 2387 nos
1302 2367 1321 2394 Q
1334 2360 1361 2387 d.

1094 2413 1135 2419 —-
1155 2399 1337 2427 redderentur
1350 2407 1380 2431 Q,
1394 2398 1419 2431 ψ
1434 2397 1576 2426 redderetur

1097 2448 1131 2475 3²
1156 2438 1226 2466 Sunt
1334 2438 1394 2466 afta
1409 2437 1587 2467 defendimus
1602 2438 1630 2466 0
1643 2443 1664 2475 φ
1678 2437 1704 2466 d.

1117 2488 1131 2516 ς
1156 2478 1248 2516 Igitur
1262 2479 1286 2513 ψ
1301 2480 1328 2507 Is
1341 2481 1425 2516 igitur
