2076 2860
693 184 1270 225 PHILIPPICA
1342 186 1397 227 X.
1667 203 1741 239 411

346 292 522 345 ingenuo
543 290 678 329 dolore
698 291 907 329 excitetur.
953 289 1084 328 Potest
1111 289 1233 341 igitur
1260 289 1355 328 stare
1382 289 1615 344 respublica,
1648 289 1747 329 freta

346 359 552 403 veteranis,
585 357 664 395 fine
696 370 842 409 magno
870 355 1040 394 subsidio
1066 356 1323 408 juventutis?
1355 370 1454 409 quos
1485 356 1648 409 quidem
1678 371 1745 395 vos

346 424 539 462 libertatis
561 423 757 476 adjutores
779 422 993 476 compledH
1014 421 1191 468 debetis;
1225 423 1420 461 servitutis
1442 424 1616 462 au&ores
1637 423 1747 476 sequi

346 504 427 529 non
448 490 614 530 debetis.

402 557 619 602 Postremo,
654 558 853 610 (erumpat
882 556 991 594 enim
1020 555 1232 609 aliquando
1254 569 1340 594 vera
1359 564 1398 594 et
1424 569 1487 593 me
1508 555 1628 608 dIgna
1647 556 1742 607 vox)

347 623 373 662 fi
402 634 677 662 veteranorum
707 633 808 662 nutu
838 632 989 662 mentes
1019 621 1139 674 hujus
1168 622 1316 660 ordinis
1338 622 1622 674 gubernantur,
1654 636 1746 660 om-

347 692 489 743 niaque
510 690 557 728 ad
578 705 715 729 eorum
736 691 982 729 voluntatem
1004 689 1131 728 nostra
1152 689 1254 726 dieta
1273 688 1374 727 fasta
1394 688 1642 734 referuntur;
1669 703 1743 741 op-

346 757 463 795 tanda
483 770 588 795 mors
610 757 678 801 est,
701 771 787 809 quae
807 757 962 794 civibus
980 755 1172 793 Romanis
1195 754 1346 807 semper
1366 752 1445 792 fuit
1465 754 1649 792 servitute
1669 768 1743 807 po-

347 824 438 862 tior.
473 823 618 862 Omnis
639 822 692 860 est
713 823 851 860 misera
871 822 1056 860 servitus:
1090 821 1153 858 sed
1174 821 1295 858 fuerit
1315 820 1495 873 quaedam
1517 819 1742 858 necessaria:

346 890 594 942 ecquodnam
616 890 861 942 principium
882 888 1028 941 putatis
1051 887 1244 925 libertatis
1267 886 1528 940 capeffendae?
1552 887 1633 932 An,
1651 901 1745 925 cum

346 956 465 994 illum
487 955 739 994 neceffarium
761 964 799 993 et
820 954 979 993 fatalem
1005 968 1103 1007 pene
1125 954 1257 992 casum
1279 967 1357 991 non
1379 953 1605 998 tulerimus,
1636 952 1745 991 hunc

347 1021 519 1060 feremus
548 1022 817 1060 voluntarium
837 1023 849 1059 ?
882 1023 987 1059 Tota
1010 1021 1122 1059 Italia
1143 1020 1329 1058 defiderio
1358 1020 1550 1058 libertatis
1577 1019 1742 1058 exarfit:

346 1089 487 1127 servire
507 1088 656 1127 diutius
679 1102 757 1126 non
780 1087 905 1141 potest
926 1087 1062 1125 civitas
1080 1102 1088 1125 :
1120 1087 1238 1124 serius
1260 1086 1410 1140 populo
1432 1087 1616 1124 Romano
1637 1085 1744 1124 hunc

345 1156 530 1195 vestitum
551 1165 668 1209 atque
688 1169 795 1193 arma
814 1154 1011 1199 dedimus,
1043 1167 1164 1206 quam
1185 1153 1232 1191 ab
1254 1167 1299 1191 eo
1321 1153 1486 1205 flagitati
1506 1153 1655 1191 sumus.

403 1223 458 1260 X.
491 1222 642 1273 Magna
672 1235 742 1259 nos
773 1220 937 1272 quidem
967 1220 1052 1272 spe,
1084 1229 1124 1258 et
1153 1233 1276 1273 prope
1305 1219 1520 1272 explorata,
1552 1219 1747 1257 libertatis

348 1287 501 1326 causam
519 1287 774 1340 suscepimus.
805 1286 893 1331 Sed,
912 1295 957 1323 ut
973 1286 1189 1323 concedam
1205 1286 1376 1324 incertos
1394 1286 1523 1324 exitus
1540 1285 1613 1323 effe
1634 1285 1745 1331 belli,

350 1354 604 1406 Martemque
624 1366 904 1397 communem3
930 1361 1060 1389 tamen
1081 1365 1152 1404 pro
1174 1351 1354 1389 libertate
1374 1351 1463 1389 vitae
1478 1352 1656 1404 periculo
1676 1351 1746 1389 de·-

349 1419 580 1459 certandum
612 1419 680 1457 est.
725 1419 820 1457 Non
851 1418 959 1456 enirn
990 1418 1030 1455 in
1060 1417 1200 1469 spiritu
1220 1418 1301 1455 vita
1319 1416 1387 1462 est,
1419 1417 1483 1455 sed
1502 1431 1545 1456 ea
1565 1417 1675 1456 nulla
1694 1417 1748 1455 est

349 1487 515 1525 omnino
546 1485 742 1524 servienti.
795 1486 947 1522 Omnes
979 1484 1155 1522 nationes
1185 1483 1413 1521 servitutem
1443 1483 1542 1522 ferre
1574 1483 1746 1536 poffunt,

350 1553 477 1591 nostra
497 1553 633 1590 civitas
657 1565 734 1589 non
756 1551 881 1604 potest
898 1566 906 1589 :
931 1564 1002 1588 nec
1020 1550 1144 1588 ullam
1164 1550 1281 1587 aliam
1297 1549 1349 1587 ob
1366 1549 1535 1594 causam,
1554 1550 1623 1587 nisi
1641 1550 1749 1602 quod

349 1619 426 1656 illae
457 1618 632 1655 laborem
665 1617 923 1669 doloremque
955 1615 1132 1668 fugiunt,
1165 1615 1310 1668 quibus
1341 1624 1385 1653 ut
1415 1623 1583 1660 careant,
1615 1617 1750 1653 omnia

350 1685 501 1737 perpeti
522 1683 704 1737 poffunt;
738 1696 808 1720 nos
831 1684 884 1720 ita
904 1696 924 1720 a
944 1682 1160 1734 majoribus
1183 1681 1353 1719 instituti
1374 1690 1490 1733 atque
1512 1681 1660 1718 imbuti
1682 1681 1746 1719 su-

352 1764 456 1795 mus,
487 1759 532 1788 ut
559 1749 694 1787 omnia
717 1748 876 1787 confilia
895 1758 1013 1800 atque
1033 1747 1133 1785 fa&a
1153 1747 1199 1784 ad
1227 1747 1462 1799 dignitatem
1489 1755 1528 1784 et
1559 1747 1749 1786 virtutem

352 1815 580 1854 referamus.
625 1816 684 1853 Ita
712 1814 893 1867 praeclara
919 1813 973 1851 est
1000 1813 1243 1866 recuperatio
1268 1813 1476 1857 libertatis,
1509 1821 1552 1850 ut
1574 1826 1622 1850 ne
1643 1826 1749 1851 mors

352 1882 516 1936 quidem
537 1881 582 1920 fit
604 1881 644 1919 in
666 1880 874 1934 repetenda
894 1880 1075 1918 libertate
1096 1878 1299 1931 fugienda.
1344 1878 1465 1930 Qod
1493 1878 1519 1916 sl
1541 1879 1750 1917 immorta-

352 1948 441 1987 litas
463 1947 766 2001 consequeretur
786 1946 984 2000 praesentis
1006 1945 1173 1998 periculi
1194 1944 1360 1997 fugam;
1394 1953 1524 1982 tamen
1554 1958 1599 1982 eo
1626 1946 1751 1997 magis

352 2028 394 2052 ea
415 2013 603 2067 fugienda
623 2013 834 2058 videretur,
864 2026 944 2065 quo
965 2011 1191 2049 diuturnior
1212 2011 1373 2048 servitus
1395 2010 1499 2048 effet.
1534 2011 1640 2049 Cum
1661 2024 1751 2049 vero

353 2080 434 2118 dies
466 2089 505 2118 et
538 2081 668 2118 nosses
702 2079 837 2117 omnia
864 2091 934 2116 nos
967 2077 1143 2129 undique
1169 2076 1249 2115 sata
1276 2076 1558 2122 circu1nstent;
1592 2091 1671 2115 non
1699 2077 1751 2115 est

353 2146 442 2191 viri,
474 2146 721 2198 minimeque
749 2145 937 2190 Romani,
969 2144 1164 2189 dubitare,
1195 2158 1287 2182 eum
1308 2144 1506 2196 spiritum,
1538 2157 1656 2197 quem
1680 2157 1749 2182 na-

354 2222 451 2250 turae
471 2213 559 2264 quis
581 2212 733 2257 debeat,
766 2211 898 2264 patriae
919 2210 1091 2249 reddere.

412 2279 676 2316 Concurritur
706 2277 882 2331 undique
913 2277 961 2315 ad
995 2291 1209 2316 commune
1239 2277 1470 2315 incendium
1506 2276 1750 2330 restinguen-

355 2345 452 2383 dum
472 2360 480 2382 :
504 2345 754 2397 veteranique
774 2345 910 2397 primi,
935 2343 1094 2382 Caesaris
1115 2344 1388 2382 au&oritatem
1410 2344 1545 2387 secuti,
1564 2353 1750 2380 conatum

356 2411 525 2449 Antonii
548 2410 777 2463 repulerunt
796 2426 804 2448 :
829 2410 913 2463 post
933 2409 1106 2462 ejusdem
1129 2409 1302 2447 furorem
1325 2410 1471 2446 Martia
1493 2409 1595 2460 legio
1617 2407 1748 2459 fregit,

356 2487 494 2530 quarta
514 2476 670 2516 afflixit.
715 2478 776 2516 Sic
802 2490 822 2515 a
849 2477 925 2516 suis
954 2476 1178 2529 legionibus
1207 2475 1506 2520 condemnatus,
1538 2474 1680 2526 irrupit
1709 2474 1749 2510 in

1291 2542 1320 2578 F
1344 2539 1402 2577 ff
1427 2552 1447 2577 2
