<?xml version="1.0" encoding="UTF-8"?>
<!DOCTYPE html PUBLIC "-//W3C//DTD XHTML 1.0 Transitional//EN"
    "http://www.w3.org/TR/xhtml1/DTD/xhtml1-transitional.dtd">
<html xmlns="http://www.w3.org/1999/xhtml" xml:lang="en" lang="en">
 <head>
  <title>
</title>
<meta http-equiv="Content-Type" content="text/html;charset=utf-8" />
  <meta name='ocr-system' content='tesseract 3.04.00' />
  <meta name='ocr-capabilities' content='ocr_page ocr_carea ocr_par ocr_line ocrx_word'/>
</head>
<body>
  <div class='ocr_page' id='page_1' title='image "./operacumindicibu06ciceuoft_0470.png"; bbox 0 0 2076 2860; ppageno 0'>
   <div class='ocr_carea' id='block_1_1' title="bbox 1025 161 1255 217">
    <p class='ocr_par' dir='ltr' id='par_1_1' title="bbox 1025 161 1255 217">
     <span class='ocr_line' id='line_1_1' title="bbox 1025 161 1255 217; baseline -0.009 -1"><span class='ocrx_word' id='word_1_1' title='bbox 1025 161 1255 217; x_wconf 80' lang='lat'>[460]</span> 
     </span>
    </p>
   </div>
   <div class='ocr_carea' id='block_1_2' title="bbox 485 542 1792 621">
    <p class='ocr_par' dir='ltr' id='par_1_2' title="bbox 485 542 1792 621">
     <span class='ocr_line' id='line_1_2' title="bbox 485 542 1792 621; baseline 0.001 -1"><span class='ocrx_word' id='word_1_2' title='bbox 485 546 605 620; x_wconf 90' lang='lat' dir='ltr'>M.</span> <span class='ocrx_word' id='word_1_3' title='bbox 735 542 1792 621; x_wconf 88' lang='lat' dir='ltr'>ANTONIUM</span> 
     </span>
    </p>
   </div>
   <div class='ocr_carea' id='block_1_3' title="bbox 745 774 1526 815">
    <p class='ocr_par' dir='ltr' id='par_1_3' title="bbox 745 774 1526 815">
     <span class='ocr_line' id='line_1_3' title="bbox 745 774 1526 815; baseline 0.001 -2"><span class='ocrx_word' id='word_1_4' title='bbox 745 774 1320 814; x_wconf 89' lang='lat' dir='ltr'>PHILIPPICA</span> <span class='ocrx_word' id='word_1_5' title='bbox 1395 774 1526 815; x_wconf 92' lang='lat' dir='ltr'>XIV.</span> 
     </span>
    </p>
   </div>
   <div class='ocr_carea' id='block_1_4' title="bbox 441 984 1842 2497">
    <p class='ocr_par' dir='ltr' id='par_1_4' title="bbox 444 984 1836 1039">
     <span class='ocr_line' id='line_1_4' title="bbox 444 984 1836 1039; baseline -0.001 -15"><span class='ocrx_word' id='word_1_6' title='bbox 444 986 478 1024; x_wconf 94' lang='grc' dir='ltr'>Ι.</span> <span class='ocrx_word' id='word_1_7' title='bbox 584 984 618 1030; x_wconf 91' lang='grc' dir='ltr'>Ι,</span> <span class='ocrx_word' id='word_1_8' title='bbox 650 993 695 1024; x_wconf 91' lang='lat' dir='ltr'>ut</span> <span class='ocrx_word' id='word_1_9' title='bbox 726 998 775 1024; x_wconf 78' lang='lat' dir='ltr'>ex</span> <span class='ocrx_word' id='word_1_10' title='bbox 806 984 947 1030; x_wconf 86' lang='lat' dir='ltr'>literis,</span> <span class='ocrx_word' id='word_1_11' title='bbox 979 998 1066 1039; x_wconf 85' lang='lat' dir='ltr'>quae</span> <span class='ocrx_word' id='word_1_12' title='bbox 1098 985 1268 1025; x_wconf 86' lang='lat' dir='ltr'>recitatae</span> <span class='ocrx_word' id='word_1_13' title='bbox 1299 985 1404 1032; x_wconf 88' lang='lat' dir='ltr'>sunt,</span> <span class='ocrx_word' id='word_1_14' title='bbox 1437 986 1568 1024; x_wconf 89' lang='lat' dir='ltr'>Patres</span> <span class='ocrx_word' id='word_1_15' title='bbox 1600 984 1836 1039; x_wconf 88' lang='lat' dir='ltr'><strong>conscripti,</strong></span> 
     </span>
    </p>

    <p class='ocr_par' dir='ltr' id='par_1_5' title="bbox 441 1050 1839 1688">
     <span class='ocr_line' id='line_1_5' title="bbox 598 1050 1838 1104; baseline 0.001 -15"><span class='ocrx_word' id='word_1_16' title='bbox 598 1050 979 1090; x_wconf 82' lang='lat' dir='ltr'>sceleratifiimorum</span> <span class='ocrx_word' id='word_1_17' title='bbox 1009 1050 1184 1090; x_wconf 89' lang='lat' dir='ltr'>hostium</span> <span class='ocrx_word' id='word_1_18' title='bbox 1211 1052 1431 1090; x_wconf 84' lang='lat' dir='ltr'>exercitum</span> <span class='ocrx_word' id='word_1_19' title='bbox 1458 1051 1600 1090; x_wconf 84' lang='lat' dir='ltr'>caesum</span> <span class='ocrx_word' id='word_1_20' title='bbox 1624 1050 1838 1104; x_wconf 86' lang='lat' dir='ltr'>fusumque</span> 
     </span>
     <span class='ocr_line' id='line_1_6' title="bbox 443 1116 1837 1171; baseline -0.001 -15"><span class='ocrx_word' id='word_1_21' title='bbox 443 1118 628 1171; x_wconf 86' lang='lat' dir='ltr'>cognovi,</span> <span class='ocrx_word' id='word_1_22' title='bbox 654 1117 704 1155; x_wconf 88' lang='lat' dir='ltr'>fic</span> <span class='ocrx_word' id='word_1_23' title='bbox 725 1117 781 1162; x_wconf 89' lang='lat' dir='ltr'>id,</span> <span class='ocrx_word' id='word_1_24' title='bbox 804 1116 912 1170; x_wconf 92' lang='lat' dir='ltr'>quod</span> <span class='ocrx_word' id='word_1_25' title='bbox 932 1126 972 1154; x_wconf 90' lang='lat' dir='ltr'>et</span> <span class='ocrx_word' id='word_1_26' title='bbox 991 1130 1126 1155; x_wconf 89' lang='lat' dir='ltr'>omnes</span> <span class='ocrx_word' id='word_1_27' title='bbox 1149 1118 1321 1155; x_wconf 85' lang='lat' dir='ltr'>maxime</span> <span class='ocrx_word' id='word_1_28' title='bbox 1341 1126 1540 1170; x_wconf 88' lang='lat' dir='ltr'>optamus,</span> <span class='ocrx_word' id='word_1_29' title='bbox 1562 1125 1601 1155; x_wconf 90' lang='lat' dir='ltr'>et</span> <span class='ocrx_word' id='word_1_30' title='bbox 1621 1130 1669 1156; x_wconf 83' lang='lat' dir='ltr'>ex</span> <span class='ocrx_word' id='word_1_31' title='bbox 1688 1130 1731 1154; x_wconf 90' lang='lat' dir='ltr'>ea</span> <span class='ocrx_word' id='word_1_32' title='bbox 1750 1116 1837 1155; x_wconf 91' lang='lat' dir='ltr'>vic-</span> 
     </span>
     <span class='ocr_line' id='line_1_7' title="bbox 443 1182 1836 1237; baseline -0.001 -15"><span class='ocrx_word' id='word_1_33' title='bbox 443 1185 556 1230; x_wconf 89' lang='lat' dir='ltr'>toria,</span> <span class='ocrx_word' id='word_1_34' title='bbox 575 1198 661 1237; x_wconf 88' lang='lat' dir='ltr'>quae</span> <span class='ocrx_word' id='word_1_35' title='bbox 681 1192 790 1236; x_wconf 86' lang='lat' dir='ltr'>parta</span> <span class='ocrx_word' id='word_1_36' title='bbox 809 1182 877 1228; x_wconf 89' lang='lat' dir='ltr'>est,</span> <span class='ocrx_word' id='word_1_37' title='bbox 895 1182 1152 1222; x_wconf 90' lang='lat' dir='ltr'>consecutum</span> <span class='ocrx_word' id='word_1_38' title='bbox 1173 1183 1422 1229; x_wconf 84' lang='lat' dir='ltr'>arbitramur,</span> <span class='ocrx_word' id='word_1_39' title='bbox 1445 1184 1500 1222; x_wconf 92' lang='lat' dir='ltr'>D.</span> <span class='ocrx_word' id='word_1_40' title='bbox 1518 1185 1688 1222; x_wconf 90' lang='lat' dir='ltr'>Brutum</span> <span class='ocrx_word' id='word_1_41' title='bbox 1707 1182 1836 1235; x_wconf 88' lang='lat' dir='ltr'>egres-</span> 
     </span>
     <span class='ocr_line' id='line_1_8' title="bbox 443 1248 1839 1302; baseline -0.001 -14"><span class='ocrx_word' id='word_1_42' title='bbox 443 1250 529 1289; x_wconf 90' lang='lat' dir='ltr'>sum</span> <span class='ocrx_word' id='word_1_43' title='bbox 555 1251 640 1302; x_wconf 90' lang='lat' dir='ltr'>jam</span> <span class='ocrx_word' id='word_1_44' title='bbox 672 1248 836 1287; x_wconf 85' lang='lat' dir='ltr'>Mutina</span> <span class='ocrx_word' id='word_1_45' title='bbox 866 1248 939 1286; x_wconf 84' lang='lat' dir='ltr'>effe</span> <span class='ocrx_word' id='word_1_46' title='bbox 970 1249 1262 1300; x_wconf 75' lang='lat' dir='ltr'>cognoviffen1;</span> <span class='ocrx_word' id='word_1_47' title='bbox 1296 1258 1456 1302; x_wconf 89' lang='lat' dir='ltr'>propter</span> <span class='ocrx_word' id='word_1_48' title='bbox 1479 1249 1593 1300; x_wconf 87' lang='lat' dir='ltr'>cujus</span> <span class='ocrx_word' id='word_1_49' title='bbox 1614 1248 1839 1301; x_wconf 91' lang='lat' dir='ltr'>periculum</span> 
     </span>
     <span class='ocr_line' id='line_1_9' title="bbox 442 1313 1838 1368; baseline -0.001 -14"><span class='ocrx_word' id='word_1_50' title='bbox 442 1316 490 1355; x_wconf 83' lang='lat' dir='ltr'>ad</span> <span class='ocrx_word' id='word_1_51' title='bbox 511 1316 596 1368; x_wconf 88' lang='lat' dir='ltr'>saga</span> <span class='ocrx_word' id='word_1_52' title='bbox 616 1315 788 1360; x_wconf 81' lang='lat' dir='ltr'>issemus,</span> <span class='ocrx_word' id='word_1_53' title='bbox 818 1323 979 1367; x_wconf 87' lang='lat' dir='ltr'>propter</span> <span class='ocrx_word' id='word_1_54' title='bbox 1006 1315 1180 1366; x_wconf 88' lang='lat' dir='ltr'>ejusdem</span> <span class='ocrx_word' id='word_1_55' title='bbox 1207 1315 1372 1353; x_wconf 86' lang='lat' dir='ltr'>salutem</span> <span class='ocrx_word' id='word_1_56' title='bbox 1398 1313 1643 1353; x_wconf 90' lang='lat' dir='ltr'>redeundum</span> <span class='ocrx_word' id='word_1_57' title='bbox 1669 1313 1717 1352; x_wconf 91' lang='lat' dir='ltr'>ad</span> <span class='ocrx_word' id='word_1_58' title='bbox 1736 1313 1838 1367; x_wconf 90' lang='lat' dir='ltr'>pris-</span> 
     </span>
     <span class='ocr_line' id='line_1_10' title="bbox 443 1380 1836 1427; baseline -0.002 -5"><span class='ocrx_word' id='word_1_59' title='bbox 443 1384 576 1422; x_wconf 89' lang='lat' dir='ltr'>tinum</span> <span class='ocrx_word' id='word_1_60' title='bbox 607 1380 791 1420; x_wconf 89' lang='lat' dir='ltr'>vestitum</span> <span class='ocrx_word' id='word_1_61' title='bbox 823 1380 901 1419; x_wconf 90' lang='lat' dir='ltr'>fine</span> <span class='ocrx_word' id='word_1_62' title='bbox 935 1380 1017 1418; x_wconf 87' lang='lat' dir='ltr'>ulla</span> <span class='ocrx_word' id='word_1_63' title='bbox 1050 1380 1298 1420; x_wconf 87' lang='lat' dir='ltr'>dubitatione</span> <span class='ocrx_word' id='word_1_64' title='bbox 1332 1381 1544 1420; x_wconf 86' lang='lat' dir='ltr'>censerem.</span> <span class='ocrx_word' id='word_1_65' title='bbox 1594 1381 1701 1420; x_wconf 88' lang='lat' dir='ltr'>Ante</span> <span class='ocrx_word' id='word_1_66' title='bbox 1730 1394 1836 1427; x_wconf 89' lang='lat' dir='ltr'>vero,</span> 
     </span>
     <span class='ocr_line' id='line_1_11' title="bbox 443 1447 1839 1504; baseline -0.002 -16"><span class='ocrx_word' id='word_1_67' title='bbox 443 1463 565 1503; x_wconf 85' lang='lat' dir='ltr'>quam</span> <span class='ocrx_word' id='word_1_68' title='bbox 586 1449 632 1488; x_wconf 89' lang='lat' dir='ltr'>fit</span> <span class='ocrx_word' id='word_1_69' title='bbox 651 1462 695 1487; x_wconf 81' lang='lat' dir='ltr'>ea</span> <span class='ocrx_word' id='word_1_70' title='bbox 715 1461 788 1494; x_wconf 90' lang='lat' dir='ltr'>res,</span> <span class='ocrx_word' id='word_1_71' title='bbox 806 1461 927 1501; x_wconf 90' lang='lat' dir='ltr'>quam</span> <span class='ocrx_word' id='word_1_72' title='bbox 943 1447 1156 1486; x_wconf 86' lang='lat' dir='ltr'>avidiffime</span> <span class='ocrx_word' id='word_1_73' title='bbox 1173 1448 1523 1504; x_wconf 21' lang='lat' dir='ltr'>civitasdexpectat²</span> <span class='ocrx_word' id='word_1_74' title='bbox 1546 1447 1674 1493; x_wconf 86' lang='lat' dir='ltr'>allata,</span> <span class='ocrx_word' id='word_1_75' title='bbox 1692 1447 1839 1486; x_wconf 83' lang='lat' dir='ltr'>laetitiae</span> 
     </span>
     <span class='ocr_line' id='line_1_12' title="bbox 444 1513 1838 1568; baseline -0.001 -14"><span class='ocrx_word' id='word_1_76' title='bbox 444 1516 533 1554; x_wconf 88' lang='lat' dir='ltr'>usus</span> <span class='ocrx_word' id='word_1_77' title='bbox 565 1515 653 1553; x_wconf 88' lang='lat' dir='ltr'>satis</span> <span class='ocrx_word' id='word_1_78' title='bbox 686 1514 740 1553; x_wconf 92' lang='lat' dir='ltr'>est</span> <span class='ocrx_word' id='word_1_79' title='bbox 766 1515 949 1553; x_wconf 81' lang='lat' dir='ltr'>maximae</span> <span class='ocrx_word' id='word_1_80' title='bbox 980 1514 1355 1568; x_wconf 84' lang='lat' dir='ltr'>praeclariffimaeque</span> <span class='ocrx_word' id='word_1_81' title='bbox 1385 1528 1556 1568; x_wconf 85' lang='lat' dir='ltr'>pugnae:</span> <span class='ocrx_word' id='word_1_82' title='bbox 1588 1514 1761 1552; x_wconf 88' lang='lat' dir='ltr'>reditum</span> <span class='ocrx_word' id='word_1_83' title='bbox 1789 1513 1838 1552; x_wconf 89' lang='lat' dir='ltr'>ad</span> 
     </span>
     <span class='ocr_line' id='line_1_13' title="bbox 441 1578 1839 1638; baseline -0.001 -18"><span class='ocrx_word' id='word_1_84' title='bbox 441 1582 627 1620; x_wconf 89' lang='lat' dir='ltr'>vestitum</span> <span class='ocrx_word' id='word_1_85' title='bbox 655 1579 843 1619; x_wconf 64' lang='lat' dir='ltr'>confectae</span> <span class='ocrx_word' id='word_1_86' title='bbox 871 1580 1043 1619; x_wconf 62' lang='lat' dir='ltr'>vietoriae</span> <span class='ocrx_word' id='word_1_87' title='bbox 1074 1581 1275 1620; x_wconf 89' lang='lat' dir='ltr'>reservate.</span> <span class='ocrx_word' id='word_1_88' title='bbox 1307 1580 1527 1638; x_wconf 27' lang='lat' dir='ltr'>*Confectio</span> <span class='ocrx_word' id='word_1_89' title='bbox 1558 1589 1690 1619; x_wconf 87' lang='lat' dir='ltr'>autem</span> <span class='ocrx_word' id='word_1_90' title='bbox 1719 1578 1839 1632; x_wconf 86' lang='lat' dir='ltr'>hujus</span> 
     </span>
     <span class='ocr_line' id='line_1_14' title="bbox 443 1647 964 1688; baseline -0.002 0"><span class='ocrx_word' id='word_1_91' title='bbox 443 1650 540 1688; x_wconf 85' lang='lat' dir='ltr'>belli</span> <span class='ocrx_word' id='word_1_92' title='bbox 561 1648 614 1687; x_wconf 91' lang='lat' dir='ltr'>est</span> <span class='ocrx_word' id='word_1_93' title='bbox 635 1649 690 1686; x_wconf 91' lang='lat' dir='ltr'>D.</span> <span class='ocrx_word' id='word_1_94' title='bbox 715 1648 828 1687; x_wconf 90' lang='lat' dir='ltr'>Bruti</span> <span class='ocrx_word' id='word_1_95' title='bbox 849 1647 964 1687; x_wconf 88' lang='lat' dir='ltr'>salus.</span> 
     </span>
    </p>

    <p class='ocr_par' dir='ltr' id='par_1_6' title="bbox 446 1713 1842 2149">
     <span class='ocr_line' id='line_1_15' title="bbox 501 1713 1839 1768; baseline -0.001 -14"><span class='ocrx_word' id='word_1_96' title='bbox 501 1717 602 1768; x_wconf 84' lang='lat' dir='ltr'>Qae</span> <span class='ocrx_word' id='word_1_97' title='bbox 628 1723 760 1754; x_wconf 87' lang='lat' dir='ltr'>autem</span> <span class='ocrx_word' id='word_1_98' title='bbox 787 1714 841 1752; x_wconf 89' lang='lat' dir='ltr'>est</span> <span class='ocrx_word' id='word_1_99' title='bbox 867 1714 936 1752; x_wconf 88' lang='lat' dir='ltr'>ista</span> <span class='ocrx_word' id='word_1_100' title='bbox 961 1713 1165 1759; x_wconf 87' lang='lat' dir='ltr'>sententia,</span> <span class='ocrx_word' id='word_1_101' title='bbox 1197 1723 1242 1752; x_wconf 88' lang='lat' dir='ltr'>ut</span> <span class='ocrx_word' id='word_1_102' title='bbox 1268 1714 1310 1752; x_wconf 89' lang='lat' dir='ltr'>in</span> <span class='ocrx_word' id='word_1_103' title='bbox 1336 1713 1576 1752; x_wconf 90' lang='lat' dir='ltr'>hodiernum</span> <span class='ocrx_word' id='word_1_104' title='bbox 1596 1713 1702 1752; x_wconf 88' lang='lat' dir='ltr'>diem</span> <span class='ocrx_word' id='word_1_105' title='bbox 1722 1713 1839 1752; x_wconf 89' lang='lat' dir='ltr'>vesti-</span> 
     </span>
     <span class='ocr_line' id='line_1_16' title="bbox 447 1779 1840 1832; baseline -0.002 -11"><span class='ocrx_word' id='word_1_106' title='bbox 447 1792 510 1821; x_wconf 88' lang='lat' dir='ltr'>tus</span> <span class='ocrx_word' id='word_1_107' title='bbox 531 1790 722 1826; x_wconf 88' lang='lat' dir='ltr'>mutetur,</span> <span class='ocrx_word' id='word_1_108' title='bbox 754 1779 895 1817; x_wconf 87' lang='lat' dir='ltr'>deinde</span> <span class='ocrx_word' id='word_1_109' title='bbox 926 1793 1008 1818; x_wconf 86' lang='lat' dir='ltr'>cras</span> <span class='ocrx_word' id='word_1_110' title='bbox 1042 1780 1160 1832; x_wconf 81' lang='lat' dir='ltr'>sagati</span> <span class='ocrx_word' id='word_1_111' title='bbox 1191 1779 1458 1832; x_wconf 87' lang='lat' dir='ltr'>prodeamus?</span> <span class='ocrx_word' id='word_1_112' title='bbox 1490 1781 1578 1818; x_wconf 92' lang='lat' dir='ltr'>Nos</span> <span class='ocrx_word' id='word_1_113' title='bbox 1605 1793 1711 1825; x_wconf 89' lang='lat' dir='ltr'>vero,</span> <span class='ocrx_word' id='word_1_114' title='bbox 1745 1793 1840 1818; x_wconf 92' lang='lat' dir='ltr'>cum</span> 
     </span>
     <span class='ocr_line' id='line_1_17' title="bbox 448 1846 1839 1899; baseline -0.002 -13"><span class='ocrx_word' id='word_1_115' title='bbox 448 1847 565 1886; x_wconf 85' lang='lat' dir='ltr'>semel</span> <span class='ocrx_word' id='word_1_116' title='bbox 585 1847 633 1885; x_wconf 92' lang='lat' dir='ltr'>ad</span> <span class='ocrx_word' id='word_1_117' title='bbox 652 1859 760 1891; x_wconf 87' lang='lat' dir='ltr'>eum,</span> <span class='ocrx_word' id='word_1_118' title='bbox 791 1858 911 1897; x_wconf 88' lang='lat' dir='ltr'>quem</span> <span class='ocrx_word' id='word_1_119' title='bbox 943 1846 1127 1898; x_wconf 87' lang='lat' dir='ltr'>cupimus</span> <span class='ocrx_word' id='word_1_120' title='bbox 1160 1846 1434 1899; x_wconf 88' lang='lat' dir='ltr'>optamusque,</span> <span class='ocrx_word' id='word_1_121' title='bbox 1465 1846 1649 1885; x_wconf 87' lang='lat' dir='ltr'>vestitum</span> <span class='ocrx_word' id='word_1_122' title='bbox 1678 1846 1839 1884; x_wconf 83' lang='lat' dir='ltr'>redieri—</span> 
     </span>
     <span class='ocr_line' id='line_1_18' title="bbox 447 1911 1840 1963; baseline -0.001 -11"><span class='ocrx_word' id='word_1_123' title='bbox 447 1926 552 1958; x_wconf 88' lang='lat' dir='ltr'>mus,</span> <span class='ocrx_word' id='word_1_124' title='bbox 583 1912 624 1950; x_wconf 92' lang='lat' dir='ltr'>id</span> <span class='ocrx_word' id='word_1_125' title='bbox 644 1923 819 1963; x_wconf 86' lang='lat' dir='ltr'>agamus,</span> <span class='ocrx_word' id='word_1_126' title='bbox 852 1919 896 1948; x_wconf 91' lang='lat' dir='ltr'>ut</span> <span class='ocrx_word' id='word_1_127' title='bbox 917 1924 1008 1949; x_wconf 88' lang='lat' dir='ltr'>eum</span> <span class='ocrx_word' id='word_1_128' title='bbox 1030 1911 1070 1951; x_wconf 88' lang='lat' dir='ltr'>in</span> <span class='ocrx_word' id='word_1_129' title='bbox 1092 1920 1328 1963; x_wconf 89' lang='lat' dir='ltr'>perpetuum</span> <span class='ocrx_word' id='word_1_130' title='bbox 1349 1912 1601 1950; x_wconf 88' lang='lat' dir='ltr'>retineamus.</span> <span class='ocrx_word' id='word_1_131' title='bbox 1634 1911 1742 1950; x_wconf 88' lang='lat' dir='ltr'>Nam</span> <span class='ocrx_word' id='word_1_132' title='bbox 1762 1911 1840 1950; x_wconf 94' lang='lat' dir='ltr'>hoc</span> 
     </span>
     <span class='ocr_line' id='line_1_19' title="bbox 446 1976 1838 2032; baseline -0.001 -16"><span class='ocrx_word' id='word_1_133' title='bbox 446 1979 611 2032; x_wconf 92' lang='lat' dir='ltr'>quidem</span> <span class='ocrx_word' id='word_1_134' title='bbox 632 1991 726 2016; x_wconf 91' lang='lat' dir='ltr'>cum</span> <span class='ocrx_word' id='word_1_135' title='bbox 747 1986 861 2030; x_wconf 88' lang='lat' dir='ltr'>turpe</span> <span class='ocrx_word' id='word_1_136' title='bbox 880 1976 948 2022; x_wconf 86' lang='lat' dir='ltr'>est,</span> <span class='ocrx_word' id='word_1_137' title='bbox 967 1986 1053 2015; x_wconf 90' lang='lat' dir='ltr'>tum</span> <span class='ocrx_word' id='word_1_138' title='bbox 1071 1990 1119 2015; x_wconf 92' lang='lat' dir='ltr'>ne</span> <span class='ocrx_word' id='word_1_139' title='bbox 1139 1977 1230 2016; x_wconf 87' lang='lat' dir='ltr'>Diis</span> <span class='ocrx_word' id='word_1_140' title='bbox 1250 1977 1413 2030; x_wconf 89' lang='lat' dir='ltr'>quidem</span> <span class='ocrx_word' id='word_1_141' title='bbox 1433 1977 1726 2015; x_wconf 83' lang='lat' dir='ltr'>immortalibus</span> <span class='ocrx_word' id='word_1_142' title='bbox 1747 1991 1838 2030; x_wconf 86' lang='lat' dir='ltr'>gra-</span> 
     </span>
     <span class='ocr_line' id='line_1_20' title="bbox 447 2042 1842 2097; baseline -0.001 -14"><span class='ocrx_word' id='word_1_143' title='bbox 447 2055 552 2090; x_wconf 89' lang='lat' dir='ltr'>tum,</span> <span class='ocrx_word' id='word_1_144' title='bbox 569 2043 617 2082; x_wconf 89' lang='lat' dir='ltr'>ab</span> <span class='ocrx_word' id='word_1_145' title='bbox 638 2056 774 2083; x_wconf 87' lang='lat' dir='ltr'>eorum</span> <span class='ocrx_word' id='word_1_146' title='bbox 794 2042 883 2089; x_wconf 88' lang='lat' dir='ltr'>aris,</span> <span class='ocrx_word' id='word_1_147' title='bbox 906 2042 953 2080; x_wconf 87' lang='lat' dir='ltr'>ad</span> <span class='ocrx_word' id='word_1_148' title='bbox 973 2056 1067 2096; x_wconf 82' lang='lat' dir='ltr'>quas</span> <span class='ocrx_word' id='word_1_149' title='bbox 1090 2043 1214 2097; x_wconf 88' lang='lat' dir='ltr'>togati</span> <span class='ocrx_word' id='word_1_150' title='bbox 1233 2042 1460 2089; x_wconf 88' lang='lat' dir='ltr'>adierimus,</span> <span class='ocrx_word' id='word_1_151' title='bbox 1481 2043 1528 2081; x_wconf 88' lang='lat' dir='ltr'>ad</span> <span class='ocrx_word' id='word_1_152' title='bbox 1549 2043 1634 2096; x_wconf 81' lang='lat' dir='ltr'>saga</span> <span class='ocrx_word' id='word_1_153' title='bbox 1654 2042 1842 2082; x_wconf 86' lang='lat' dir='ltr'>sumenda</span> 
     </span>
     <span class='ocr_line' id='line_1_21' title="bbox 449 2109 658 2149; baseline -0.01 0"><span class='ocrx_word' id='word_1_154' title='bbox 449 2109 658 2149; x_wconf 87' lang='lat' dir='ltr'>discedere.</span> 
     </span>
    </p>

    <p class='ocr_par' dir='ltr' id='par_1_7' title="bbox 450 2173 1841 2497">
     <span class='ocr_line' id='line_1_22' title="bbox 506 2173 1840 2229; baseline -0.001 -14"><span class='ocrx_word' id='word_1_155' title='bbox 506 2178 641 2229; x_wconf 88' lang='lat' dir='ltr'>Atque</span> <span class='ocrx_word' id='word_1_156' title='bbox 661 2174 942 2220; x_wconf 88' lang='lat' dir='ltr'>animadverto,</span> <span class='ocrx_word' id='word_1_157' title='bbox 976 2175 1106 2213; x_wconf 87' lang='lat' dir='ltr'>Patres</span> <span class='ocrx_word' id='word_1_158' title='bbox 1128 2174 1355 2228; x_wconf 90' lang='lat' dir='ltr'>conscripti,</span> <span class='ocrx_word' id='word_1_159' title='bbox 1387 2175 1576 2228; x_wconf 86' lang='lat' dir='ltr'>quosdam</span> <span class='ocrx_word' id='word_1_160' title='bbox 1597 2173 1691 2213; x_wconf 89' lang='lat' dir='ltr'>huic</span> <span class='ocrx_word' id='word_1_161' title='bbox 1713 2173 1840 2214; x_wconf 87' lang='lat' dir='ltr'>favere</span> 
     </span>
     <span class='ocr_line' id='line_1_23' title="bbox 450 2241 1839 2294; baseline -0.002 -11"><span class='ocrx_word' id='word_1_162' title='bbox 450 2243 676 2283; x_wconf 63' lang='lat' dir='ltr'>sententiat:</span> <span class='ocrx_word' id='word_1_163' title='bbox 710 2255 881 2294; x_wconf 90' lang='lat' dir='ltr'>quorum</span> <span class='ocrx_word' id='word_1_164' title='bbox 902 2255 944 2278; x_wconf 86' lang='lat' dir='ltr'>ea</span> <span class='ocrx_word' id='word_1_165' title='bbox 964 2255 1074 2279; x_wconf 88' lang='lat' dir='ltr'>mens</span> <span class='ocrx_word' id='word_1_166' title='bbox 1102 2241 1220 2293; x_wconf 88' lang='lat' dir='ltr'>idque</span> <span class='ocrx_word' id='word_1_167' title='bbox 1247 2242 1455 2280; x_wconf 88' lang='lat' dir='ltr'>confilium</span> <span class='ocrx_word' id='word_1_168' title='bbox 1475 2241 1542 2287; x_wconf 90' lang='lat' dir='ltr'>est,</span> <span class='ocrx_word' id='word_1_169' title='bbox 1575 2251 1633 2287; x_wconf 88' lang='lat' dir='ltr'>ut,</span> <span class='ocrx_word' id='word_1_170' title='bbox 1665 2255 1757 2280; x_wconf 89' lang='lat' dir='ltr'>cum</span> <span class='ocrx_word' id='word_1_171' title='bbox 1778 2242 1839 2280; x_wconf 93' lang='lat' dir='ltr'>vi-</span> 
     </span>
     <span class='ocr_line' id='line_1_24' title="bbox 451 2307 1841 2361; baseline -0.002 -12"><span class='ocrx_word' id='word_1_172' title='bbox 451 2312 580 2354; x_wconf 81' lang='lat' dir='ltr'>deant,</span> <span class='ocrx_word' id='word_1_173' title='bbox 612 2307 928 2361; x_wconf 87' lang='lat' dir='ltr'>gloriofiffimum</span> <span class='ocrx_word' id='word_1_174' title='bbox 954 2307 1073 2345; x_wconf 90' lang='lat' dir='ltr'>illum</span> <span class='ocrx_word' id='word_1_175' title='bbox 1100 2308 1154 2346; x_wconf 90' lang='lat' dir='ltr'>D.</span> <span class='ocrx_word' id='word_1_176' title='bbox 1180 2309 1302 2346; x_wconf 86' lang='lat' dir='ltr'>Bruto</span> <span class='ocrx_word' id='word_1_177' title='bbox 1323 2307 1505 2347; x_wconf 89' lang='lat' dir='ltr'>futurum</span> <span class='ocrx_word' id='word_1_178' title='bbox 1526 2308 1646 2354; x_wconf 88' lang='lat' dir='ltr'>diem,</span> <span class='ocrx_word' id='word_1_179' title='bbox 1678 2322 1758 2360; x_wconf 92' lang='lat' dir='ltr'>quo</span> <span class='ocrx_word' id='word_1_180' title='bbox 1778 2308 1841 2346; x_wconf 91' lang='lat' dir='ltr'>die</span> 
     </span>
     <span class='ocr_line' id='line_1_25' title="bbox 452 2374 1838 2432; baseline -0.003 -16"><span class='ocrx_word' id='word_1_181' title='bbox 452 2386 610 2432; x_wconf 83' lang='lat' dir='ltr'>propter</span> <span class='ocrx_word' id='word_1_182' title='bbox 630 2376 712 2428; x_wconf 87' lang='lat' dir='ltr'>ejus</span> <span class='ocrx_word' id='word_1_183' title='bbox 736 2375 898 2412; x_wconf 84' lang='lat' dir='ltr'>salutem</span> <span class='ocrx_word' id='word_1_184' title='bbox 920 2374 1149 2412; x_wconf 87' lang='lat' dir='ltr'>redierimus</span> <span class='ocrx_word' id='word_1_185' title='bbox 1170 2374 1217 2412; x_wconf 90' lang='lat' dir='ltr'>ad</span> <span class='ocrx_word' id='word_1_186' title='bbox 1238 2374 1435 2421; x_wconf 88' lang='lat' dir='ltr'>vestitum,</span> <span class='ocrx_word' id='word_1_187' title='bbox 1469 2374 1575 2413; x_wconf 89' lang='lat' dir='ltr'>hunc</span> <span class='ocrx_word' id='word_1_188' title='bbox 1597 2375 1632 2413; x_wconf 90' lang='lat' dir='ltr'>ei</span> <span class='ocrx_word' id='word_1_189' title='bbox 1664 2374 1838 2413; x_wconf 63' lang='lat' dir='ltr'>fruetum</span> 
     </span>
     <span class='ocr_line' id='line_1_26' title="bbox 451 2440 1839 2497; baseline -0.004 -14"><span class='ocrx_word' id='word_1_190' title='bbox 451 2446 597 2497; x_wconf 85' lang='lat' dir='ltr'>eripere</span> <span class='ocrx_word' id='word_1_191' title='bbox 622 2442 798 2495; x_wconf 78' lang='lat' dir='ltr'>cupiant,</span> <span class='ocrx_word' id='word_1_192' title='bbox 831 2454 877 2479; x_wconf 91' lang='lat' dir='ltr'>ne</span> <span class='ocrx_word' id='word_1_193' title='bbox 900 2442 1097 2479; x_wconf 77' lang='lat' dir='ltr'>memoriae</span> <span class='ocrx_word' id='word_1_194' title='bbox 1125 2440 1419 2495; x_wconf 78' lang='lat' dir='ltr'>posteritatique</span> <span class='ocrx_word' id='word_1_195' title='bbox 1447 2441 1648 2494; x_wconf 77' lang='lat' dir='ltr'>prodatur,</span> <span class='ocrx_word' id='word_1_196' title='bbox 1679 2449 1839 2493; x_wconf 83' lang='lat' dir='ltr'>propter</span> 
     </span>
    </p>
   </div>
  </div>
 </body>
</html>
