2076 2860
439 197 520 236 434
791 182 868 219 IN
926 180 989 218 M.
1052 180 1476 219 ANTONIUM

497 283 636 322 Ponite
669 293 756 321 ante
788 283 924 321 oculos
959 283 1021 321 M.
1053 284 1279 321 Antonium
1312 284 1583 322 consularem:
1617 283 1834 337 sperantem

440 351 687 389 consulatum
710 351 883 387 Lucium
905 349 1133 402 adjungite:
1167 350 1344 403 supplete
1365 360 1539 396 caeteros,
1569 365 1696 403 neque
1717 351 1837 389 nostri

441 418 589 455 ordinis
612 416 737 453 solum
758 415 926 453 honores
949 425 987 453 et
1008 417 1172 468 imperia
1196 416 1429 454 meditantes
1450 432 1458 455 :
1492 416 1616 454 nolite
1643 431 1692 454 ne
1713 418 1836 455 Tiro-

442 496 508 521 nes
531 482 707 534 quidem,
727 482 947 526 Numisios,
966 490 1003 519 et
1021 481 1226 527 Mustelas,
1246 482 1420 527 Saxasve,
1439 492 1706 521 contemnere.
1732 484 1838 521 Cum

442 549 504 586 his
526 548 625 586 facsta
651 562 740 600 pax,
773 561 852 585 non
881 548 954 586 erit
982 561 1072 600 pax,
1105 547 1166 586 sed
1188 549 1315 600 pastio
1337 548 1548 586 servitutis.
1593 550 1642 587 L.
1667 548 1836 594 Pisonis,

442 614 668 667 ampliffimi
689 614 777 659 viri,
809 614 991 666 praeclara
1017 627 1093 652 vox
1126 627 1146 652 a
1174 624 1211 652 te
1243 628 1322 652 non
1356 614 1482 653 solum
1511 615 1552 652 in
1580 613 1656 652 hoc
1685 615 1836 659 ordine,

443 681 578 726 Pansa,
611 680 673 718 sed
694 681 812 718 etiam
835 681 874 717 in
897 680 1102 724 concione,
1129 681 1218 732 jure
1240 680 1393 718 laudata
1412 681 1479 719 est.
1522 680 1780 719 Exeeffurum
1802 680 1838 718 se

445 762 493 786 ex
526 747 639 785 Italia
671 746 786 791 dixit,
821 747 926 784 Deos
959 755 1117 798 penates
1153 755 1192 784 et
1224 746 1328 784 sedes
1361 747 1502 799 patrias
1536 746 1780 792 relidmrum,
1813 746 1839 784 fi

448 813 575 867 (quod
614 813 685 851 Dii
724 826 841 851 omen
880 812 1107 863 averterint)
1150 813 1440 866 rempublicam
1474 812 1710 866 oppreffiffet
1749 813 1838 851 An-

446 881 594 919 tonius.

504 947 599 985 VII.
624 946 769 997 Qaero
790 946 913 999 igitur
928 961 949 985 a
970 955 1021 991 te,
1041 946 1143 992 Piso,
1163 960 1293 985 nonne
1315 946 1531 1000 oppressam
1552 945 1840 1000 rempublicam

446 1023 577 1068 putes,
608 1013 635 1051 fi
657 1022 730 1059 tot,
763 1023 842 1052 tam
863 1014 993 1067 impii,
1025 1023 1106 1052 tam
1126 1014 1303 1060 audaces,
1337 1024 1416 1052 tam
1441 1012 1661 1058 facinorofi,
1694 1012 1841 1065 recepti

447 1080 550 1118 fint?
579 1080 691 1131 Qos
713 1079 891 1118 nondum
914 1080 1031 1118 tantis
1052 1079 1272 1132 parricidiis
1293 1079 1580 1117 contaminatos
1602 1079 1668 1116 vix
1688 1078 1841 1116 fereba-

447 1159 564 1190 mus,
594 1144 694 1190 hos,
726 1159 832 1183 nunc
867 1146 978 1183 omni
1012 1145 1153 1183 scelere
1188 1154 1420 1198 coopert08‚
1452 1144 1674 1183 tolerabiles
1710 1143 1840 1183 censes

449 1212 601 1249 civitati
622 1210 734 1248 fore?
766 1212 850 1249 Aut
871 1211 942 1249 isto
964 1220 1047 1256 tuo,
1080 1210 1183 1249 mihi
1203 1210 1330 1256 crede,
1353 1210 1516 1249 confilio
1537 1211 1610 1248 erit
1632 1209 1840 1255 utendum,

453 1287 498 1316 ut
529 1277 727 1322 cedamus,
760 1278 957 1322 abeamus,
989 1277 1111 1315 vitam
1135 1277 1297 1328 inopem
1317 1285 1355 1314 et
1376 1289 1513 1328 vagam
1535 1275 1840 1328 persequamur,

449 1351 517 1381 aut
537 1342 705 1381 cervices
727 1342 946 1380 latronibus
968 1341 1116 1386 dandae,
1147 1350 1264 1393 atque
1284 1341 1325 1379 in
1346 1342 1471 1394 patria
1490 1340 1711 1379 cadendum
1731 1340 1799 1379 est.

498 1409 582 1446 Ubi
603 1407 706 1453 sunt,
727 1409 774 1446 C.
793 1408 926 1453 Pansa,
945 1407 1022 1446 illae
1038 1406 1330 1446 cohortationes
1347 1406 1625 1460 pulcherrimae
1641 1416 1730 1453 tuae‚
1749 1407 1841 1460 qui-

451 1474 524 1513 bus
546 1488 567 1512 a
583 1484 619 1512 te
640 1475 832 1512 excitatus
855 1474 1022 1519 senatus,
1040 1473 1308 1512 inflammatus
1329 1473 1501 1526 populus
1523 1473 1744 1518 Romanus,
1763 1485 1844 1511 non

451 1541 578 1579 solum
605 1539 769 1586 audivit,
802 1540 865 1579 sed
896 1540 1015 1579 etiarn
1047 1539 1202 1585 didicit,
1235 1538 1338 1578 nihil
1370 1539 1442 1578 effe
1473 1538 1630 1578 homini
1661 1539 1845 1577 Romano

450 1606 595 1645 foedius
629 1605 843 1644 servitute?
877 1605 1082 1644 Idcircone
1113 1605 1200 1658 saga
1230 1604 1480 1658 sumpsimus,
1511 1618 1617 1643 arma
1648 1605 1842 1657 cepimus,

446 1674 700 1726 juventutem
720 1686 881 1711 omnem
903 1686 951 1710 ex
972 1681 1054 1710 tota
1074 1672 1188 1710 Italia
1207 1671 1458 1717 exeuffimus,
1491 1680 1550 1716 ut,
1572 1671 1747 1710 exercitu
1769 1670 1844 1708 fio-

452 1738 667 1776 rentiffimo
687 1747 726 1776 et
753 1740 942 1783 maximo,
965 1738 1085 1790 legati
1105 1737 1151 1775 ad
1172 1750 1310 1790 pacem
1331 1736 1584 1775 mitterentur
1603 1737 1615 1774 ?
1649 1736 1688 1774 Si
1708 1735 1844 1788 postu-

451 1802 624 1847 landam,
656 1803 753 1855 quid
786 1804 1006 1841 timemus?
1039 1803 1065 1840 fi
1097 1802 1381 1855 accipiendam,
1413 1816 1484 1840 cur
1516 1815 1596 1840 non
1627 1801 1843 1854 rogamur?

454 1863 595 1907 Inhac
615 1882 688 1920 ego
715 1869 911 1920 legatione
938 1869 1024 1913 fim,
1055 1876 1122 1906 aut
1153 1868 1200 1906 ad
1232 1868 1271 1905 id
1304 1868 1514 1906 confilium
1547 1867 1771 1912 admiscear,
1803 1866 1846 1904 in

454 1948 549 1987 quo,
582 1946 629 1971 ne
662 1933 688 1971 fi
721 1934 924 1972 dissensero
951 1933 1113 1986 quidem
1141 1947 1162 1971 a
1181 1933 1345 1978 caeteris,
1377 1933 1544 1971 sciturus
1565 1932 1735 1985 populus
1757 1933 1844 1970 Ro-

454 2013 594 2038 manus
616 1999 693 2037 fit?
726 2001 786 2037 Ita
805 2000 886 2044 fiet,
920 2009 978 2044 ut,
1010 2000 1036 2037 fi
1070 1999 1166 2051 quid
1198 1998 1399 2037 remiss‘um
1430 2007 1497 2037 aut
1528 1998 1751 2037 conceffum
1783 1998 1844 2043 fit,

454 2079 544 2105 meo
565 2065 714 2118 semper
734 2066 910 2118 periculo
931 2075 1067 2118 peccet
1088 2065 1305 2110 Antonius,
1336 2078 1429 2103 cum
1450 2065 1485 2103 ei
1505 2064 1695 2117 peccandi
1714 2064 1846 2118 potes-

454 2141 510 2172 tas
532 2144 553 2169 a
572 2145 635 2169 me
655 2132 829 2170 concessa
849 2131 1039 2170 videatur.

511 2198 632 2251 Qod
666 2198 692 2236 fi
726 2196 905 2235 habenda
938 2211 1032 2236 cum
1066 2197 1130 2236 M.
1161 2196 1331 2236 Antonii
1365 2196 1573 2235 latrocinio
1606 2196 1712 2248 pacis
1748 2194 1847 2234 ratio

455 2263 548 2308 fuit,
580 2276 667 2301 mea
696 2272 827 2301 tamen
854 2263 1016 2316 persona
1035 2262 1081 2300 ad
1111 2261 1223 2301 istam
1244 2276 1380 2316 pacem
1401 2261 1691 2301 conciliandam
1722 2261 1845 2299 mini-

455 2344 519 2369 me
540 2329 618 2368 fuit
639 2330 858 2382 deligenda.
900 2331 989 2382 Ego
1018 2343 1223 2382 nunquam
1255 2330 1404 2382 legatos
1435 2328 1651 2368 mittendos
1681 2327 1843 2366 censui:

454 2410 528 2450 ego
557 2405 645 2434 ante
673 2396 892 2449 legatorum
923 2396 1095 2434 reditum
1124 2395 1236 2434 ausus
1267 2395 1354 2434 sum
1384 2395 1526 2440 dicere,
1559 2395 1701 2433 Pacem
1723 2392 1846 2445 ipsam

456 2463 482 2501 si
513 2462 708 2510 afferrent,
741 2464 930 2517 quoniam
950 2463 1100 2516 semper
1121 2462 1191 2502 sub
1213 2464 1374 2502 nomine
1394 2462 1500 2515 pacis
1524 2461 1674 2499 bellum
1695 2460 1844 2503 lateret,
